2850 4517
719 405 790 446 xe
817 419 896 431 —
923 403 1162 444 couniti
1209 402 1489 444 maeones
1534 403 1890 446 GRAEconuM
2188 391 2307 448 473

300 524 486 594 ponat.
516 520 658 575 Nam
703 517 755 572 id
785 517 930 590 quod
973 516 1098 589 quis
1128 515 1386 588 loquitur,
1417 515 1658 572 Verbum
1694 519 1812 590 ejus
1840 525 1953 574 est.
1982 520 2135 576 Unde
2164 522 2308 578 sicut

299 608 446 664 solus
469 607 640 663 Filius
665 607 719 660 in
755 605 1058 660 Divinitate
1075 611 1160 660 est
1188 603 1433 672 verbum,
1466 605 1547 660 ita
1574 604 1723 662 solus
1747 612 1833 661 est
1862 606 2159 680 eloquium.
2199 610 2304 667 Sed

297 697 608 760 dicendum,
645 691 793 766 quod
821 691 1058 750 Verbum
1091 693 1190 748 Dei
1218 692 1549 766 quandoque
1578 693 1781 751 dicitur
1809 696 1975 752 etiam
2014 711 2193 753 sermo
2215 697 2307 754 di-

298 787 502 841 vinitus
531 783 830 855 inspiratus
856 790 913 837 et
943 780 1186 862 prolutus
1214 797 1228 834 ε
1273 789 1330 838 et
1368 782 1438 837 de
1471 782 1575 838 hoe
1611 782 1790 839 Verbo
1827 783 1915 840 hie
1957 785 2189 846 Basilius
2219 786 2307 842 in-

298 874 514 946 telligit,
541 871 730 927 dicens
755 871 1016 941 Spiritum
1041 876 1294 952 sonetum
1325 885 1447 925 esse
1473 870 1732 936 Verbum,
1766 872 1851 928 vel
1882 872 2161 946 eloquium
2185 875 2303 930 Filii

251 958 254 961 ’
295 963 565 1041 effective,
598 959 652 1016 in
682 964 946 1033 quantum
973 957 1158 1014 Sancti
1195 958 1267 1014 ab
1294 974 1360 1014 eo
1404 959 1653 1030 inspirati
1686 959 1757 1016 de
1782 959 1918 1017 Filio
1955 970 2080 1019 sunt
2114 961 2301 1030 locuti,

295 1049 601 1109 secundum
617 1048 764 1120 quod
789 1047 1010 1113 dicitur,
1032 1049 1189 1103 Joan.
1221 1063 1344 1104 xvi.
1371 1048 1440 1103 de
1467 1048 1672 1119 Spiritu
1696 1055 1885 1105 saneto
1914 1067 1929 1106 ε
1964 1050 2307 1125 Quaecumque

294 1139 500 1204 audiet,
537 1140 799 1210 loquetur.
846 1137 916 1192 Et
955 1136 1102 1209 quod
1132 1135 1222 1192 bie
1253 1138 1326 1196 sit
1372 1135 1684 1193 intellectus
1724 1138 1930 1205 Basilii,
1966 1147 2119 1212 patet
2146 1158 2214 1196 ex
2242 1157 2306 1197 eo

295 1230 440 1302 quod
481 1227 668 1284 subdit
700 1243 714 1280 :
761 1245 788 1278 α
819 1225 898 1280 Ex
945 1241 1054 1297 quo
1096 1224 1373 1298 eloquium
1401 1224 1521 1280 Filii
1561 1241 1657 1299 per
1685 1223 2026 1300 Apostolum,
2059 1229 2307 1287 Gladium

295 1319 542 1392 spiritus,
571 1316 724 1380 dicit,
755 1314 964 1380 sumite,
989 1313 1136 1386 quod
1165 1319 1251 1369 est
1287 1313 1524 1370 Verbum
1564 1313 1683 1371 Dei.
1714 1334 1741 1366 ι
1784 1315 1967 1388 Ipsum
1992 1318 2138 1375 enim
2166 1318 2307 1375 Ver-

295 1407 427 1462 bum
467 1405 590 1460 fldei
624 1419 657 1460 a
697 1403 914 1460 Sanctis
941 1403 1233 1474 prolatum,
1264 1400 1480 1473 gladius
1507 1401 1735 1474 spiritus
1764 1404 2051 1462 manifeste
2078 1407 2304 1464 dicitur.

914 1577 918 1582 ¹
1031 1627 1316 1695 CAPUT
1369 1627 1575 1719 xm„

345 1789 651 1867 Quomodo
681 1785 1057 1864 intelligitur
1082 1782 1245 1864 quod
1270 1781 1526 1855 dicitur,
1570 1781 1735 1862 quod
1758 1757 1993 1846 nomine
2033 1786 2267 1853 Christi

799 1871 1177 1952 intelligitur
1200 1869 1483 1949 Spiritus
1526 1873 1796 1932 sanetus.

363 2033 506 2087 Item
537 2025 764 2082 dubium
796 2037 916 2080 esse
946 2021 1181 2089 videtur,
1213 2019 1361 2093 quod
1393 2019 1629 2093 Cyrillus
1665 2021 1719 2075 in
1752 2020 1874 2076 libr.
1905 2022 2302 2085 'thesaurorum

297 2119 514 2178 videtur
553 2115 755 2180 dicere,
801 2111 947 2185 quod
981 2109 1278 2182 aliquando
1314 2109 1533 2164 nomine
1562 2108 1763 2165 Christi
1804 2109 2041 2182 Spiritus
2080 2123 2307 2174 sanctus

298 2208 652 2280 intelligatur,
687 2219 766 2258 sie
795 2201 1048 2270 inquiens
1081 2215 1094 2254 :
1135 2218 1162 2251 α
1191 2196 1485 2270 Apostolus
1513 2196 1877 2269 appellatione
1900 2199 2101 2257 Christi
2129 2204 2303 2276 Spiri-

298 2307 416 2356 tum
444 2301 696 2353 sanetum
731 2290 1008 2348 Christum
1042 2287 1261 2344 vocavit
1293 2303 1307 2341 ε
1339 2286 1439 2353 ait,
1471 2285 1616 2342 enim
1649 2303 1663 2340 :
1693 2285 1749 2342 Si
1781 2286 1835 2342 in
1864 2286 2019 2344 vobis
2059 2287 2305 2350 Christus
2388 2291 2397 2303 '

298 2393 402 2454 est,
431 2397 630 2455 corpus
667 2379 888 2454 quidem
917 2385 1192 2433 mortuum
1215 2381 1319 2441 est,
1363 2380 1475 2430 etc.
1508 2393 1549 2426 ·»
1591 2365 1660 2428 Et.
1703 2375 1825 2446 poet
1854 2391 2028 2449 pauca
2075 2395 2090 2434 ε
2124 2399 2150 2432 α
2178 2381 2307 2454 Spi-

297 2476 438 2532 ritus
477 2481 700 2529 sanetus
725 2468 783 2524 in
826 2467 1043 2523 nomine
1081 2463 1284 2521 Christi
1313 2462 1610 2536 operando,
1642 2471 1697 2519 et
1740 2464 1993 2523 eumdem
2028 2466 2305 2527 Christum

297 2566 352 2622 in
381 2580 441 2620 se
464 2555 906 2632 repraesentnndo
929 2570 1136 2610 nomen·
1151 2552 1350 2610 Christi
1377 2552 1491 2608 acci
1500 2568 1644 2625 pere,
1678 2560 1733 2608 et
1756 2553 2003 2626 Christus
2028 2557 2099 2614 ab
2122 2561 2304 2632 Apes-

298 2653 410 2710 tolo
435 2646 648 2721 operari
671 2643 894 2700 dicitur.
925 2660 952 2692 n
981 2641 1097 2695 Hoc
1121 2646 1306 2694 autem
1330 2639 1549 2694 videtur
1570 2655 1689 2694 esse
1722 2649 1913 2697 contra
1942 2639 2299 2704 Personarum

297 2736 724 2798 distinctionem,
766 2735 828 2784 nt
860 2743 1054 2782 nomen
1085 2727 1248 2780 unius
1282 2740 1527 2797 personae
1554 2726 1711 2781 alteri
1755 2729 2109 2788 attribuatur.
2147 2736 2299 2795 Sicut

297 2829 443 2884 enim
475 2826 630 2880 Pater
661 2803 935 2889 nunquam
963 2819 1048 2868 est
1081 2811 1270 2878 Filius,
1313 2827 1414 2866 nec
1450 2827 1482 2866 e
1509 2827 1791 2882 converso,
1832 2815 1909 2872 ita
1948 2817 2117 2878 Filius
2155 2839 2301 2880 nun-

299 2931 466 2990 quam
486 2919 569 2967 est
587 2907 824 2981 Spiritus
845 2907 1088 2968 suntme,
1117 2915 1218 2956 nee
1239 2915 1271 2954 e
1289 2914 1573 2956 converso·
1600 2901 1718 2956 Non
1750 2909 1931 2975 potest
1956 2921 2085 2978 ergo
2106 2925 2299 2967 nomen

299 3001 502 3062 Christi
545 2999 617 3054 de
662 2995 868 3067 Spiritu
918 2999 1109 3047 saneto
1153 2987 1459 3060 praedicari,
1518 3005 1695 3062 neque
1745 2991 1912 3062 igitur
1956 3011 2054 3067 pro
2098 2998 2301 3070 Spiritu

299 3097 490 3150 sancto
513 3087 661 3162 poni.
686 3083 792 3142 Sed
816 3080 1125 3145 dicendum,
1157 3076 1303 3150 quod
1327 3076 1509 3133 dictus
1537 3078 1699 3135 Pater
1721 3080 2085 3152 appellatione
2102 3087 2302 3149 Christi

299 3181 438 3237 dicit
475 3176 728 3250 spiritum
768 3170 1044 3227 Christum
1084 3181 1291 3230 vocari,
1322 3165 1409 3220 vel
1449 3179 1644 3221 nomen
1686 3167 1885 3224 Christi
1928 3175 2195 3246 accipere,
2245 3185 2302 3234 et

301 3267 547 3327 Christus
591 3260 852 3336 appellari
882 3273 986 3313 non
1017 3255 1174 3329 quasi
1219 3253 1465 3310 Christus
1507 3253 1577 3309 de
1616 3255 1823 3326 Spiritu
1866 3269 2056 3318 sancto
2099 3265 2303 3337 praedi-
2358 3316 2369 3330 ,

299 3366 475 3421 cetur,
506 3352 594 3410 vel
623 3368 654 3407 e
677 3361 958 3412 converse,
1005 3345 1106 3399 hoc
1146 3343 1292 3398 enim
1319 3350 1463 3399 esset
1503 3341 1827 3402 Sabellianae
1855 3345 2172 3421 impietatis,
2202 3354 2301 3410 sed

301 3443 624 3514 intelligitur
667 3439 724 3495 in
768 3435 982 3493 nomine
1025 3431 1226 3488 Christi
1255 3431 1489 3496 Spiritus
1524 3440 1744 3488 sanetus
1785 3435 1993 3493 ratione
2020 3443 2301 3498 concomi-

305 3533 514 3596 tantiae‚
560 3529 690 3604 quia
733 3525 1060 3594 ubicumque
1105 3528 1190 3576 est
1217 3519 1482 3586 christae,
1522 3528 1608 3577 est
1642 3525 1867 3594 spiritus
1904 3524 2121 3595 Christi,
2164 3529 2305 3589 sicut
2337 3539 2361 3567 N

301 3623 633 3692 ubicumque
657 3624 740 3672 est
765 3616 948 3680 Pater,
977 3616 1063 3666 est
1102 3606 1292 3664 Filius.
1316 3607 1473 3666 Unde
1500 3609 1797 3683 interponit
1842 3629 1857 3668 ε
1888 3634 1915 3667 α
1948 3615 2223 3692 Numquid
2252 3620 2307 3676 in

186 3705 198 3714 ’
297 3713 408 3779 ΙΙιοο
446 3707 697 3766 veritatis
735 3701 1084 3768 Praedieator,
1125 3697 1342 3753 scilieet
1379 3699 1690 3768 Apostolus.
1730 3707 2019 3760 veritatem
2055 3705 2305 3764 inconfu-

303 3800 542 3856 sibilium
587 3805 939 3868 personarum
981 3784 1228 3844 confudit
1263 3782 1681 3843 Sabellizando?
1725 3807 1751 3841 ιο
1794 3805 1904 3847 non
1943 3809 1957 3847 ε
2002 3795 2096 3850 sed
2125 3797 2305 3870 potius

304 3889 408 3944 hoe
433 3884 694 3942 Ecclesiae
715 3877 957 3937 indicare
983 3874 1216 3940 curavit,
1255 3878 1316 3928 ut
1341 3873 1579 3946 Spiritus
1604 3881 1826 3932 sanetus
1860 3893 1965 3934 non
1999 3881 2073 3937 sit
2099 3881 2309 3952 alienus

305 3992 338 4035 a
359 3981 558 4033 natura
582 3970 766 4030 Verbi.
