2850 4517
809 348 854 392 r.
869 350 968 379 ·--
993 346 1399 394 conrnunmu
1434 333 1835 396 .¹rnnot.oom'
2243 328 2323 401 15·

299 464 375 520 sit
421 462 682 519 diffinitio
723 462 842 536 ejus
886 463 1034 537 quod
1063 463 1266 521 dicitur
1307 465 1376 522 de
1418 466 1555 539 Deo,
1586 466 1828 544 ‚Oportet
1870 474 2057 528 autem
2088 470 2321 528 univoce

301 553 581 609 dictorum
609 552 861 609 eamdem
901 552 1282 611 diffinitionem
1311 570 1451 622 esse,
1481 554 1735 611 similiter
1767 564 1951 613 autem
1973 573 2075 614 nec
2099 560 2321 615 omnino

300 641 616 715 aequivoce.·
637 642 698 697 ln
743 642 831 698 his
857 642 1005 700 enim
1033 658 1160 714 quae
1199 648 1326 701 sunt
1365 658 1557 700 sessu
1588 645 1903 718 ‘aequivoem
1942 645 2101 703 idem·
2125 660 2321 705 nomen

301 731 605 803 imponitur
629 731 722 786 uni
748 732 847 797 rei,
881 731 1028 787 nullo
1059 731 1244 789 habito
1271 732 1523 806 respectu
1566 732 1637 789 ad
1679 749 1794 789 rem
1824 732 2009 815 aliam,
2041 735 2182 791 unde
2225 752 2324 810 per

304 837 475 876 unum
506 836 614 876 non
642 826 825 895 potest
849 821 1163 878 ratiocinari
1193 820 1261 877 de
1289 821 1418 877 alie.
1465 821 1596 879 Haec
1622 828 1815 883 antem
1834 824 2057 880 nomina
2084 840 2209 897 quae
2233 826 2324 885 di-

303 915 508 967 cuntur
537 908 606 964 de
630 910 763 977 Deo,
794 917 850 966 et
875 909 945 966 de
977 909 1100 965 aliis
1127 908 1308 977 rebus,
1343 909 1717 982 attribuuntur
1746 910 1861 966 Deo
1892 912 2191 969 secundum
2219 912 2324 969 ali-

303 1015 474 1073 quem
524 998 770 1055 ordinem
817 1015 980 1073 quem
1029 997 1196 1056 hebet
1245 997 1312 1055 ad
1358 999 1493 1056 istas
1539 1016 1647 1071 res,
1701 998 1755 1055 in
1784 998 1985 1074 quibus
2014 1000 2327 1059 intellectus

303 1086 619 1159 significata
648 1102 836 1143 eorum
862 1086 1193 1155 considerat,
1224 1086 1368 1143 unde
1408 1092 1465 1143 et
1491 1103 1587 1161 per
1616 1086 1753 1145 alias
1782 1102 1869 1143 res
1896 1088 2213 1145 ratiocinari
2255 1090 2325 1147 de

305 1177 422 1232 Deo
449 1190 760 1249 possumus.
790 1176 914 1233 Non
937 1175 1102 1248 igitur
1125 1176 1346 1233 omnino
1365 1176 1649 1249 aequivoce
1676 1176 1933 1233 dicuntur
1960 1178 2068 1235 ista
2088 1178 2157 1234 de
2186 1180 2320 1249 Deo,

305 1273 363 1321 et
392 1265 464 1321 de
507 1264 632 1322 aliis
665 1265 846 1336 rebus,
879 1264 1022 1322 sicut
1067 1282 1132 1322 ea
1161 1282 1286 1341 quae
1319 1272 1450 1323 sunt
1491 1282 1525 1323 a
1561 1282 1690 1324 casu
1718 1268 2027 1342 aequivoca.
2056 1267 2327 1325 Dicuntur

305 1352 480 1427 igitur
533 1352 831 1423 secundum
877 1350 1184 1426 analogiam
1232 1353 1287 1412 id
1331 1359 1415 1409 est
1462 1353 1762 1411 secundum
1807 1354 2213 1429 proportionem
2252 1354 2323 1413 ad

304 1458 501 1498 unum.
529 1440 609 1497 Ex
635 1456 699 1497 eo
729 1442 885 1508 enim,
906 1441 1052 1515 quod
1079 1442 1216 1499 alias
1243 1458 1332 1501 res
1359 1458 1741 1517 comparamus
1770 1442 1839 1499 ad
1864 1444 2038 1500 Deum
2079 1444 2225 1501 sicut
2254 1433 2335 1502 ad‘

303 1544 469 1589 suam
497 1531 729 1604 primam
758 1532 1043 1603 originem,
1092 1531 1402 1606 hujusmodi
1432 1533 1672 1601 nomina,
1705 1546 1830 1606 quae
1857 1532 2167 1605 significant
2196 1549 2327 1606 per-

305 1620 578 1676 fectiones
615 1619 847 1676 aliarum
878 1634 1078 1689 rerum,
1129 1619 1244 1677 Deo
1290 1618 1677 1695 attribuimus,
1711 1618 1789 1679 Ex
1835 1636 1945 1695 quo
1975 1628 2126 1694 patet
2154 1620 2322 1694 quod,

305 1709 442 1765 licet
471 1714 740 1783 quantum
780 1707 850 1767 ad
893 1709 1126 1766 nominis
1167 1709 1572 1783 impositionem
1612 1706 1926 1783 hujtismodi
1969 1710 2188 1767 nomina
2230 1726 2327 1785 per

303 1800 464 1874 prius
492 1799 562 1855 de
581 1799 850 1856 creaturis
874 1798 1148 1867 dicantur,
1188 1814 1255 1855 eo
1283 1800 1429 1872 quod
1477 1816 1544 1859 ex
1574 1801 1843 1857 creaturis
1872 1799 2184 1856 intellectus
2228 1815 2328 1857 no·

303 1890 460 1946 mina
491 1888 778 1959 imponens
803 1886 1090 1943 ascendit
1076 1903 1132 1942 in
1174 1888 1370 1959 Deum,
1398 1894 1603 1955 tamen,
1635 1888 1935 1945 secundum
1976 1904 2093 1948 rem
2113 1888 2326 1961 signifi-

306 1988 498 2036 catam
527 1990 628 2049 per
667 1988 884 2043 nomen,
915 1991 1011 2049 per
1037 1973 1190 2048 prius
1221 1974 1485 2035 dicuntur
1523 1976 1593 2031 de
1620 1976 1837 2045 Deo,a
1803 1992 1974 2049 aquo
1996 1976 2329 2050 pefectiones

307 2063 700 2125 descendunt
684 2080 742 2131 in
763 2062 901 2122 alias
920 2078 1029 2120 res.
1103 2122 1110 2127 ,
2126 2086 2132 2092 -

897 2212 901 2217 ’
997 2234 1282 2305 CAPUT
1325 2206 1639 2305 xxvmss

681 2375 861 2454 Quod
887 2381 1118 2457 oportet
1138 2379 1334 2443 Deum
1357 2394 1481 2442 esee
1501 2376 1960 2475 intelliyentm.

385 2511 628 2571 Ulterius
666 2500 854 2569 autem
913 2511 1310 2569 ostendendum
1355 2518 1441 2569 est
1486 2510 1633 2586 quod
1678 2512 1825 2569 Deus
1865 2517 1951 2569 est
1993 2510 2324 2584 intelligens.

312 2602 611 2659 ostensum
641 2609 725 2656 cst
763 2599 908 2655 enim
937 2599 1082 2672 quod
1113 2600 1170 2655 in
1211 2601 1330 2673 ipso
1363 2601 1724 2674 praeexistunt
1750 2614 1939 2656 omnes
1966 2598 2331 2671 perfectiones

313 2687 688 2764 quorumlibet
714 2688 921 2745 entium
949 2687 1479 2761 superabundanter.
1509 2689 1657 2745 Inter
1679 2702 1869 2745 omnes
1892 2701 2077 2745 autem
2112 2685 2331 2759 persec-

314 2781 495 2838 tiones
524 2776 753 2845 entium,
801 2778 978 2851 ipsum
1009 2776 1312 2847 intelligere
1347 2775 1663 2847 praecellere
1688 2774 1928 2843 videtur,
1958 2792 2085 2833 cum
2114 2792 2202 2831 res
2242 2774 2331 2829 in-

315 2867 658 2925 tellectuales
688 2868 797 2923 sint
822 2864 1076 2922 omnibus
1105 2862 1230 2921 aliis
1250 2852 1525 2936 potiores:
1552 2860 1738 2933 igitur,
1771 2868 1987 2934 oportet
2010 2865 2184 2919 Deum
2212 2876 2332 2918 esse

314 2958 731 3030 intelligentem.
795 2956 933 3013 Item
979 2961 1258 3011 ostensum
1303 2957 1390 3009 est
1436 2966 1620 3024 supra,
1670 2948 1816 3023 quod
1862 2950 2013 3006 Deus
2052 2958 2135 3005 est
2176 2956 2333 3005 actus

313 3064 490 3123 purus
517 3045 724 3119 absque
763 3043 1188 3118 potentialitatis
1227 3040 1601 3117 permistione,
1646 3039 1879 3097 materia
1914 3046 2100 3097 autem
2128 3047 2213 3095 est
2235 3053 2334 3095 ens

313 3139 374 3194 in
401 3135 670 3211 potentia.
708 3135 942 3208 Oportet
969 3133 1136 3205 igitur
1164 3131 1336 3189 Deum
1362 3146 1483 3187 esse
1506 3130 1726 3189 omnino
1752 3130 2047 3189 immunem
2085 3144 2118 3187 a
2154 3133 2333 3185 mate-

313 3227 438 3283 ria:
465 3222 786 3283 immunitas
810 3228 995 3281 autem
1023 3237 1056 3281 a
1081 3221 1312 3279 materia
1339 3225 1425 3280 est
1444 3235 1613 3278 causa
1637 3217 2147 3287 intellectualitatis,
2176 3218 2333 3291 cujus

312 3316 536 3387 signum
561 3318 649 3371 est
676 3312 823 3387 quod
869 3310 1061 3370 formae
1087 3307 1401 3367 materiales
1430 3300 1742 3371 efficiuntur
1770 3306 2139 3380 intelligibiles
2179 3313 2329 3377 actu,

313 3421 414 3479 per
449 3402 731 3477 hocquod
761 3401 1151 3459 abstrahuntur
1179 3416 1212 3459 a
1256 3400 1506 3468 materie,
1556 3404 1613 3455 et
1656 3412 1691 3455 a
1724 3398 2097 3457 materialibus
2136 3396 2334 3457 condi-

313 3491 594 3561 tionibus;
619 3498 703 3548 est
732 3492 900 3562 igitur
923 3492 1070 3548 Deus
1093 3488 1420 3561 intelligens.
1439 3489 1579 3547 ltem
1602 3493 1881 3547 ostensum
1904 3493 1990 3545 est
2014 3488 2189 3543 Deum
2212 3500 2333 3543 esse

313 3583 558 3657 primum
599 3594 844 3648 movens,
891 3576 998 3636 hoc
1033 3584 1216 3636 autem
1257 3576 1477 3635 videtur
1520 3592 1643 3634 esse
1680 3574 1959 3649 proprium
2001 3576 2329 3641 intellectus,

316 3687 447 3729 nam
490 3668 804 3729 intellectus
831 3668 1082 3727 omnibus
1119 3666 1242 3725 eliis
1264 3665 1482 3725 videtur
1524 3665 1609 3722 uti
1646 3665 1806 3739 quasi
1847 3663 2225 3723 instrumentis
2260 3661 2332 3719 ad

316 3767 574 3818 motum:
603 3759 748 3819 uude
783 3764 841 3817 et
863 3758 1026 3817 homo
1046 3773 1148 3815 suo
1174 3754 1457 3815 intellectu
1480 3757 1653 3813 utitur
1676 3755 1833 3829 quasi
1872 3751 2249 3813 instrumentis
2273 3757 2333 3808 et

318 3848 672 3919 animalibus,
699 3854 758 3908 et
795 3848 1018 3924 plantis,
1048 3853 1107 3905 et
1133 3845 1296 3905 rebus
1323 3844 1661 3907 inanimatis.
1689 3844 1922 3919 Oportet
1942 3840 2111 3912 igitur
2133 3838 2329 3910 Deum,

279 4011 284 4017 ,
317 3944 421 4022 qui
441 3948 530 4002 est
554 3942 795 4014 primum
822 3952 1064 4036 movens,
1091 3952 1212 3995 esse
1235 3934 1649 4006 intelligentem.
2051 3955 2059 3962 ·
