2850 4517
1155 338 1383 381 MONITU
1390 339 1437 379 M
2183 369 2191 377 .
2235 339 2303 383 111

287 453 548 513 lectione
591 453 854 512 omnium
897 471 1144 532 operum
1179 456 1372 516 sancti·
1407 457 1703 529 Doctoris,
1730 456 1990 517 inveniri
2028 459 2297 535 possunt.

289 543 358 601 In
387 542 484 602 his
508 547 709 603 tamen
733 544 1072 620 Opusculis,
1106 544 1378 605 omnibus
1397 544 1743 619 fatentibus,
1762 546 2077 622 exquisitae
2108 564 2176 605 ac
2204 562 2303 623 pe·
2372 587 2378 596 -

290 632 834 708 nitiorisscientiae
876 633 1190 694 thesauros
1231 636 1304 695 D.
1353 635 1615 696 Thomas
1665 636 1933 697 effundit.
1985 635 2117 695 Non
2162 652 2301 694 raro

290 722 517 799 quaein
553 720 821 785 Summis
861 722 1130 785 breviter
1171 725 1479 801 proposita
1508 728 1647 785 sunt
1692 730 1796 785 aut
1838 725 2016 785 etiam
2062 724 2300 783 silentio

291 812 573 886 transita,
594 812 656 871 iu
673 811 988 889 opusculis
1017 812 1250 889 copiose
1275 814 1615 888 traduntur,
1646 814 2078 891 perpoliuntur.
2106 814 2199 874 Ita
2227 813 2297 873 fit

293 904 359 961 ut
390 902 456 964 S.
480 901 722 974 Doctor,
747 900 1027 981 suiipsius
1051 902 1243 961 fidelis
1269 906 1332 963 et
1359 904 1617 981 optimus
1646 904 1969 980 interpres,
2002 902 2299 963 cumulate

290 994 555 1051 mentem
585 991 785 1065 satiet,
819 991 1220 1070 lectoremque
1248 993 1577 1055 studiosum
1603 995 1675 1054 ad
1701 992 2159 1053 reconditiorem
2187 1010 2299 1053 ve-

290 1079 496 1140 ritatis
524 1080 985 1157 intelligentiam
1015 1080 1319 1142 informet.

367 1170 518 1241 'Quae
538 1170 598 1228 in
623 1175 828 1229 nostra
850 1168 1195 1230 collectione
1225 1171 1395 1232 novis
1420 1173 1583 1250 typis
1612 1172 2028 1233 describuntur
2050 1171 2297 1231 Thomae

287 1259 591 1335 opuscula
622 1260 857 1319 omnino
877 1260 1238 1320 ⁴authentica
1263 1267 1424 1322 sunt.
1462 1263 1752 1322 Volumen
1796 1262 2055 1339 primum
2084 1278 2299 1322 seeun-

289 1350 434 1408 dum
463 1353 525 1409 et
551 1348 799 1409 tertium
822 1340 1106 1425 >opuscula
1134 1350 1469 1427 theologica
1496 1353 1821 1423 continent,

291 1486 300 1490 -
369 1438 440 1497 In
469 1440 580 1498 hoc
609 1440 802 1516 primo
831 1441 1130 1500 volumine
1159 1441 1469 1517 sequentia
1498 1442 1779 1520 opuscula
1807 1442 2100 1519 prodeunt
2132 1455 2147 1501 ε

373 1528 438 1586 1⁰
515 1527 940 1608 Compendium
1009 1526 1349 1610 Theoloyice
1407 1533 1483 1592 ad
1556 1532 1835 1592 Fratrem
1904 1529 2299 1608 Reginaldum
2368 1550 2371 1553 ⁴

287 1616 532 1695 (opusc.·
555 1618 612 1677 ΙΙ
641 1620 700 1677 in
731 1619 874 1679 edit.
910 1638 1156 1679 romana
1185 1638 1326 1679 ann.
1360 1618 1517 1681 1570
1542 1621 1741 1699 sqq.);

367 1706 438 1764 2⁰
484 1706 838 1776 Declaratio
887 1702 1283 1788 quorumdam
1333 1709 1737 1785 articulorum
1793 1712 2005 1771 eontra
2060 1706 2313 1775 Graecos·

287 1793 520 1875 (opusc.
556 1796 733 1876 111);-
887 1842 892 1847 .
1349 1818 1362 1827 ‘

364 1884 436 1942 3⁰
463 1884 558 1945 De
587 1885 814 1947 duobus
841 1880 1150 1965 praeceptis
1178 1890 1463 1952 caritatis
1498 1894 1553 1952 et
1582 1888 1773 1952 decem
1810 1888 1959 1969 leqis
1984 1886 2297 1967 preceptis

237 2009 244 2015 -
286 1972 526 2051 (opusc.
560 1973 710 2051 IV);
1137 2001 1146 2017 ¹

363 2064 434 2121 4ο
461 2061 560 2121 De
579 2060 946 2139 perfectione
971 2064 1112 2125 vitce
1137 2063 1493 2141 spiritualis
1522 2064 1745 2142 (opusc.
1779 2064 2009 2142 XVIII)
2032 2080 2047 2135 ;

363 2152 434 2211 5⁰
459 2149 1074 2213 Deartieulis‘Fidei
1099 2142 1158 2214 eb
1181 2152 1573 2215 sacramentis
1594 2152 1891 2215 Ecclesia»
1918 2152 2144 2233 (opusc.
2174 2151 2254 2232 V)
2280 2169 2295 2227 3

365 2240 438 2299 6⁰
465 2238 742 2315 Officium
761 2240 832 2301 de
853 2242 1008 2318 sesto
1039 2239 1325 2319 Corporis
1345 2241 1593 2305 Christi
1620 2242 1844 2321 (opusc.
1876 2242 2067 2319 LVII)
2089 2260 2104 2317 3

365 2330 438 2387 7⁰
463 2328 792 2406 Empositio
819 2346 1000 2413 super
1039 2330 1386 2409 Sqmbolum
1410 2329 1847 2417 Apost0lorum
1888 2330 2115 2411 (opusc.
2151 2329 2294 2410 V1);

367 2416 438 2475 8⁰
463 2416 792 2495 Eoepositio
825 2418 1137 2481 Orationis
1165 2418 1478 2481 dominica»
1507 2420 1732 2500 (opusc.
1768 2418 1942 2498 v11);

365 2506 440 2565 9ο
461 2504 788 2583 Empe-sitio
827 2506 1240 2570 Salutationis
1265 2510 1550 2589 anqeliece
1578 2510 1805 2590 (opusc.
1840 2508 2033 2589 VIII).

372 2594 479 2655 10⁰
521 2594 746 2657 Contra
776 2606 1004 2659 errores
1039 2595 1388 2663 Graecorum
1419 2600 1644 2679 (opusc.
1684 2598 1759 2679 Ι).

369 2684 441 2743 In
496 2686 925 2761 opusculorum
978 2688 1298 2766 partitione
1354 2689 1622 2749 ordinem
1672 2688 1927 2765 logicum
1984 2687 2293 2762 doctrinae,

289 2776 577 2850 quantum
605 2774 736 2834 fieri
766 2775 979 2853 potuit,
1011 2777 1202 2837 secuti
1238 2796 1463 2839 sumuS.
1512 2779 1685 2855 Saepe
1714 2776 1973 2854 plurima
1999 2778 2299 2855 Opuscula

289 2863 448 2924 idem
479 2870 896 2941 argumentum
939 2869 1334 2943 pertractant,
1365 2868 1509 2925 licet
1544 2885 1660 2925 non
1690 2884 1925 2941 semper
1953 2867 2061 2925 sub
2090 2867 2295 2925 eodem

288 2956 566 3031 respectu
589 2972 778 3032 neque
807 2958 1011 3016 eadem
1042 2954 1382 3031 disputandi
1418 2954 1671 3013 ratione.
1712 2954 2009 3013 Caeterum
2038 2954 2157 3013 erit
2190 2953 2301 3013 ad·—

288 3045 531 3104 modum
550 3046 697 3106 utile
723 3047 794 3105 de
819 3046 1020 3106 eadem
1043 3046 1297 3107 materia
1325 3046 1527 3123 plures
1556 3045 1715 3109 locos
1735 3043 1894 3104 inter
1918 3062 1980 3103 se
1999 3040 2295 3120 conferre,
2390 3062 2397 3067 ·

287 3139 355 3194 ut
381 3134 592 3194 eximii
633 3136 912 3196 Auctoris
947 3136 1244 3196 sententia
1273 3136 1596 3213 perfectius
1624 3134 2021 3212 intelligatur,
2054 3152 2123 3194 ao
2152 3137 2295 3195 tan-

287 3224 424 3284 dem
454 3224 726 3285 doctrina
751 3224 943 3302 magis
971 3226 1146 3306 plena
1183 3231 1565 3302 comparetur
1594 3228 1773 3301 atque
1816 3224 2118 3285 distincta.
2148 3225 2295 3290 Quae

286 3313 448 3373 enim
500 3313 561 3373 in
607 3329 723 3374 uno
750 3314 878 3374 loco
929 3317 1168 3377 sanctus
1195 3314 1455 3375 Thomas
1496 3314 1719 3392 raptim
1759 3314 2006 3390 attingit
2031 3314 2127 3373 vel
2170 3313 2297 3373 cir-¹

286 3402 650 3481 cumscripte
673 3408 734 3465 et
763 3404 966 3481 paucis
993 3405 1290 3482 proponit,
1316 3404 1391 3464 in'
1409 3404 1526 3463 alio
1557 3404 1744 3463 fusius
1775 3403 2024 3476 evolvit,
2051 3403 2301 3463 obscura

285 3491 576 3565 illustrat,
625 3493 868 3554 lacunas
921 3494 1152 3571 explet,
1201 3494 1599 3553 limatioribus
1647 3493 1847 3552 verbis
1888 3492 2102 3553 utitur.
2152 3492 2299 3553 Haec

287 3581 488 3641 omnia
515 3581 771 3659 diligens
798 3583 987 3643 lector
1016 3583 1386 3660 experientia
1415 3581 1843 3657 comprobabit.

365 3670 536 3731 Nihil
566 3672 875 3733 omisimus
905 3678 971 3733 ut
1000 3672 1176 3749 hujus
1196 3672 1473 3733 editionis
1503 3674 1704 3731 textus
1730 3688 1905 3748 quam
1931 3669 2301 3731 emendatis·

289 3760 438 3819 sime
467 3762 885 3821 excuderetur.
906 3762 1006 3822 'Ne
1049 3762 1273 3839 aliquid
1319 3762 1562 3821 tandem
1612 3760 2062 3821 desiderandum
2116 3777 2299 3837 supe-

289 3853 505 3925 resset,
538 3850 614 3910 iis
641 3851 742 3927 qui
771 3858 902 3911 'sese
921 3852 980 3911 in
1009 3850 1382 3929 disciplinam
1412 3854 1475 3910 et
1502 3848 1840 3910 clientelam
1870 3847 2142 3910 Doctoris
2166 3850 2298 3909 An-

290 3937 468 4015 gelici
496 3940 897 4016 tradiderunt,
931 3943 1313 4018 peramanter
1341 3940 1657 4002 suademus
1689 3944 1753 3999 ut
1780 3939 1931 4000 vitae·
1953 3940 2017 3999 S.
2052 3937 2298 3999 Thomae
