2850 4517
572 400 663 445 111.
710 417 793 428 —
831 399 909 443 nu
952 400 1305 448 PRAEGEPTIS
1346 401 1732 472 cummi-18,
1774 402 1910 453 mc.
2124 387 2248 451 275

220 520 400 576 tatem
422 513 730 573 occidendi.
749 518 905 573 Unde
919 518 1079 573 Dent.
1112 534 1321 575 xxxu:
1340 519 1459 592 qu
1479 520 1732 587 occidam,
1759 520 2001 578 etvivere
2015 520 2240 595 jaciam.

222 609 323 663 Est
346 620 477 679 ergo
501 604 713 661 licitum
743 604 870 674 iliis,
900 606 995 679 qui
1028 607 1285 663 mandato
1321 604 1421 663 Dei
1448 608 1726 689 occidunt,
1759 608 1889 683 quia
1929 616 2060 667 tunc
2097 610 2244 668 Deus
2289 608 2296 614 “

224 696 379 757 facit.
411 694 601 751 Omnis
640 696 789 751 enim
836 693 923 751 lex
970 694 1291 752 mandatum
1331 696 1431 751 Dei
1473 702 1578 753 est.
1627 688 2045 755 Proverbiorum
2069 715 2179 756 vm
2225 717 2242 754 ι

225 786 335 841 Per
371 801 452 840 me
501 786 663 857 Reyes
706 790 956 856 regnant,
1002 791 1055 841 et
1082 784 1250 855 lequm
1290 784 1588 852 conditores
1632 784 1778 853 iusta
1817 784 2128 845 decernunt.
2173 782 2247 843 Et

222 870 520 945 Apostolus
548 874 917 929 Romanorum
957 888 1070 928 xm
1118 872 1239 928 :Si
1274 873 1470 932 malum
1513 873 1723 945 feceris,
1750 866 1924 932 time:
1953 893 2061 933 non
2101 868 2244 934 enim
2292 863 2298 871 ³

221 962 337 1017 sine
364 977 521 1017 causa
561 960 801 1032 qladium
830 966 1038 1031 portat,
1072 912 1175 1015 Doei
1214 962 1356 1016 enim
1392 961 1641 1019 minister
1668 968 1764 1019 est.
1810 964 1987 1037 Moysi
2023 978 2246 1039 quoque
2287 960 2292 966 ’

222 1050 447 1110 dicitur,
476 1045 647 1105 Exod.
679 1064 810 1106 xxu
844 1066 857 1104 ε
898 1047 1165 1120 Maleficos
1192 1066 1299 1105 non
1337 1050 1567 1122 patieris
1593 1050 1790 1107 vivere.
1829 1052 1889 1109 ld
1919 1053 2066 1110 enim
2094 1054 2244 1128 quod

226 1140 438 1195 licitum
464 1143 567 1206 est,
586 1138 701 1195 Deo
726 1136 940 1195 licitum
964 1144 1136 1204 est‚et
1164 1138 1429 1194 ministris
1449 1140 1566 1219 eju-s
1584 1156 1682 1212 per
1707 1139 2028 1200 mandatum
2047 1142 2242 1215 ipsius·

224 1229 457 1285 Constat
484 1234 669 1299 autem
694 1227 843 1301 quod
872 1227 1016 1283 Deus
1046 1242 1154 1282 non
1187 1233 1398 1299 peccat,
1429 1230 1556 1285 cuin
1585 1228 1658 1284 sit
1687 1236 1842 1286 actor
1870 1224 2072 1301 legum,
2092 1224 2244 1291 inssi-
2282 1217 2288 1227 ’

222 1316 400 1389 gendo
420 1321 650 1371 mortem
666 1322 1212 1395 propterpeccatum.
1230 1315 1423 1373 Roma.
1449 1332 1546 1373 vx·
1565 1315 2230 1391 Stipendiapeccatimovs,

222 1422 356 1477 ergo
377 1420 479 1461 nec
496 1405 747 1461 minister
767 1406 904 1476 ejus·
930 1404 1029 1459 Est
1048 1419 1178 1481 ergo
1194 1420 1421 1461 sensus.
1443 1425 1470 1458 α
1489 1406 1613 1461 Non
1635 1406 1854 1463 occides
1878 1406 2098 1481 propria
2115 1422 2238 1465 auc·
2285 1402 2292 1407 “

225 1494 453 1550 toritate
486 1512 535 1547 n.
576 1492 685 1549 Alii
728 1508 858 1549 vero
903 1492 1179 1559 dixerunt,
1212 1492 1359 1566 qnod
1388 1502 1486 1565 per
1527 1492 1632 1550 hoc
1674 1492 1822 1567 quod
1860 1490 2085 1563 dicitur,
2129 1512 2239 1553 non

221 1582 461 1649 occideS‚
499 1580 836 1653 prohibetur,
882 1596 991 1637 non
1036 1580 1288 1637 occidere
1329 1581 1498 1637 alium
1549 1598 1562 1636 ε
1607 1581 1752 1638 unde
1797 1582 2054 1640 dicebant
2077 1578 2243 1656 quod

222 1670 437 1727 licitum
475 1678 593 1726 erat
634 1669 885 1727 occidere
926 1670 1189 1743 seipsum.
1234 1670 1324 1727 Sic
1348 1670 1495 1726 enim
1523 1670 1799 1727 invenitur
1841 1671 1912 1729 de
1955 1670 2238 1739 samsone,

218 1758 497 1816 iudicum.
529 1774 623 1827 xv,
656 1776 695 1826 1,
726 1759 877 1815 etde
906 1759 1129 1827 Catone,
1159 1764 1215 1814 et
1240 1757 1311 1816 de
1338 1759 1670 1831 quibusdam
1697 1758 2002 1831 virginibus
2029 1776 2154 1834 quae
2181 1774 2244 1817 se

218 1848 273 1903 in
311 1848 567 1903 flammas
592 1847 915 1919 injecerunt,
944 1847 1089 1904 sicut
1128 1846 1327 1903 recitat
1362 1851 1506 1918 Aug.
1537 1848 1592 1903 in
1624 1863 1665 1903 1.
1697 1846 1766 1908 de
1792 1847 1948 1903 civit.
1975 1846 2098 1903 Dei.
2133 1847 2241 1904 Sed

218 1937 289 1993 ad
318 1936 427 1991 hoc
463 1936 755 2007 respondet
778 1939 919 2008 Aug.
955 1935 1163 1991 ibidem
1200 1935 1391 1991 dicens
1421 1952 1436 1990 z
1465 1935 1570 2005 Qui
1611 1950 1670 1991 se
1700 1925 1923 2005 occidit,
1962 1932 2240 1993 hominem

217 2026 416 2097 utique
439 2024 661 2090 occidit,
685 2024 730 2079 si
755 2024 881 2095 ergo
900 2024 1174 2080 hominem
1200 2024 1457 2080 nonlicet
1475 2020 1745 2091 occidere,
1773 2020 1880 2080 nisi
1905 2024 2240 2081 auctoritate

217 2114 355 2169 Dei:
388 2128 519 2184 ergo
549 2127 649 2168 nec
678 2112 915 2185 seipsum
944 2112 1049 2169 nisi
1077 2112 1163 2169 vel
1190 2112 1518 2170 auctoritate
1547 2112 1668 2183 Dei,
1699 2111 1787 2169 vel
1821 2109 2082 2169 instinctu
2111 2112 2240 2185 Spi-

215 2202 359 2259 ritus
386 2202 593 2269 Sancti,
616 2201 758 2258 sicut
776 2201 981 2258 dieitur
1006 2202 1076 2257 de
1099 2203 1380 2269 Samsone,
1410 2217 1541 2273 ergo
1569 2218 1674 2257 non
1701 2200 1917 2257 occides.
1945 2194 2240 2259 Sciendum

170 2323 178 2329 -
215 2297 303 2345 est
332 2289 523 2364 etiam,
556 2288 699 2362 quod
715 2287 1003 2345 ‘hominem
1034 2288 1286 2363 occidere
1316 2290 1585 2361 contingit
1619 2285 2017 2357 multipliciter.
2057 2288 2240 2345 Primo

216 2394 408 2435 manu.
438 2378 543 2433 Isa.
579 2394 599 2433 1
626 2394 639 2431 ε
670 2376 869 2436 Manus
900 2385 1090 2436 vestroe
1116 2378 1377 2451 sanquine
1394 2378 1570 2451 plcnoe
1591 2382 1718 2435 sunt
1761 2392 1783 2436 .·
1824 2378 1990 2451 quod,
2013 2378 2240 2452 quidem

216 2474 305 2523 est
332 2484 441 2523 non
464 2466 641 2523 solum
664 2473 855 2543 contra
874 2466 1201 2524 charitatem
1231 2483 1339 2540 qua
1369 2468 1707 2540 praecipitur,
1740 2474 1800 2523 ut
1825 2457 2025 2539 diiiga's
2050 2466 2241 2541 proxi·
2271 2456 2284 2465 ”

215 2572 372 2613 mum
392 2556 541 2612 'sicut
571 2556 827 2628 teipsum,
873 2557 897 2610 1
922 2556 1083 2611 Joan.
1112 2572 1179 2612 ιιι
1212 2573 1226 2611 :
1257 2556 1446 2613 Omnis
1474 2549 1740 2613 homicida
1767 2572 1876 2611 non
1895 2553 2050 2613 habet
2072 2556 2240 2613 vitam
2279 2548 2283 2553 ’

215 2652 479 2701 oeternam
502 2646 561 2701 in
588 2661 643 2701 se
668 2651 967 2701 manentem
1004 2662 1022 2700 .·
1060 2661 1253 2702 verum
1293 2646 1463 2701 etiam
1492 2651 1685 2700 contra
1713 2650 1986 2712 naturam,
2020 2645 2149 2717 quia
2177 2651 2240 2700 ut

216 2736 423 2791 dicitur
436 2734 583 2790 Eccl.
613 2750 724 2791 xm
748 2751 761 2787 :
784 2735 949 2790 Omne
971 2722 1176 2790 animal
1191 2733 1368 2805 diliqit
1382 2732 1488 2788 sibi
1499 2732 1694 2790 simile.
1719 2732 1876 2792 Unde
1898 2733 2072 2809 Exod.
2093 2749 2234 2790 xxi:

220 2824 326 2890 Qui
347 2822 676 2896 percusserit
718 2822 981 2878 hominem
1017 2824 1191 2879 volens
1227 2820 1484 2887 occidere,
1514 2828 1683 2877 morte
1709 2812 2002 2877 moriatur.
2043 2820 2114 2876 El.
2148 2820 2241 2877 hie
2307 2858 2314 2865 -

216 2911 445 2986 quidem
487 2910 760 2967 crudelior
798 2918 880 2967 est
907 2910 1055 2983 lupo,
1099 2912 1167 2967 de
1206 2926 1317 2983 quo
1350 2908 1556 2965 dicitur
1591 2909 1644 2964 in
1673 2916 1871 2982 quarto
1895 2907 2233 2976 animalium,

215 3001 367 3075 quod
408 2999 453 3056 si
484 2999 610 3071 lupo
647 3000 808 3055 detur
836 3015 965 3056 caro
1001 3000 1132 3072 lupi,
1166 3014 1272 3055 non
1302 2998 1560 3055 comedit.
1605 2998 1764 3064 Item,
1792 3012 1906 3065 ore,
1949 3002 2006 3051 et
2035 2996 2140 3051 hoc
2176 2997 2238 3051 iit

216 3091 405 3149 dando
446 3089 737 3145 consilium
773 3088 957 3155 alicui,
996 3094 1190 3145 contra
1222 3088 1461 3161 aliquem
1489 3086 1870 3161 provocand0,'
1906 3086 2234 3155 accusand0‚

216 3186 273 3235 et
302 3177 665 3234 detrahendo
710 3177 853 3233 Psal.
886 3194 980 3233 Lvr
1014 3194 1026 3232 :
1054 3178 1195 3233 Filii
1232 3169 1521 3243 hominum,
1551 3176 1730 3233 dentes
1773 3190 1958 3232 eorum
1999 3191 2159 3238 arma
2185 3182 2270 3239 et,

214 3266 454 3340 saqittae,
490 3273 543 3323 et
579 3266 764 3339 linqua
802 3282 987 3322 eorum
1020 3266 1230 3339 qladius
1273 3272 1480 3323 acutus.
1511 3264 1717 3333 Ter-tie,
1761 3252 2054 3336 adjutorio.
2100 3258 2270 3320 Pro-¹

214 3356 373 3414 verb.
398 3371 420 3412 1
447 3371 460 3408 z
487 3354 601 3411 Fili
631 3355 725 3420 mi,
747 3372 813 3410 ne
835 3355 1062 3412 ambules
1080 3373 1196 3412 cum
1218 3356 1295 3412 eis
1318 3372 1337 3413 .·
1356 3354 1515 3429 pedes
1533 3354 1676 3411 enim
1701 3354 1917 3412 illorum
1940 3352 2020 3421 ad,
2038 3354 2239 3409 malum

215 3450 475 3510 currunt,
522 3452 574 3501 et
615 3442 877 3514 festinant
915 3453 979 3501 ut
1026 3445 1300 3516 effundant
1350 3445 1682 3517 sanquinem.
1737 3444 1895 3511 Item,
1941 3456 2236 3499 consensu.

214 3536 415 3595 Roma.
447 3548 467 3587 1
501 3549 514 3586 ε
562 3532 730 3604 Diyni
767 3539 891 3589 sunt
920 3541 1089 3590 morte
1113 3550 1219 3589 ‘non
1246 3534 1415 3590 solum
1457 3534 1551 3606 qui
1591 3548 1653 3589 ea
1696 3532 1932 3604 faciunt,
1961 3518 2050 3587 seit
2071 3530 2235 3587 etiam

212 3622 309 3695 qui
333 3620 673 3677 consentiunt
688 3619 1027 3691 facientibus.
1051 3621 1337 3679 Consentis
1356 3630 1545 3680 autern
1565 3620 1988 3697 quodammodo,
2016 3619 2236 3693 quando

210 3721 376 3785 potes
399 3710 686 3783 impedire.
718 3712 880 3768 Prov.
906 3728 1098 3769 xxlv:
1132 3711 1283 3767 Erue
1318 3728 1401 3768 eos
1424 3712 1517 3783 qui
1545 3711 1820 3768 ducuntur
1850 3709 1922 3766 acl
1959 3714 2234 3765 mortem:

210 3808 270 3857 et
300 3800 504 3857 iterum
530 3800 578 3856 si
615 3800 763 3857 vires
799 3807 1117 3876 suppetunt,
1156 3800 1254 3857 sed
1282 3800 1516 3855 dimittis
1547 3799 1896 3871 negligentia,
1929 3796 2024 3855 vel
2050 3796 2238 3854 avari-

211 3889 316 3945 tia.
355 3886 519 3945 Amb.
559 3891 731 3947 Pasce
755 3890 903 3947 fame
930 3890 1309 3949 morientem:
1351 3889 1400 3946 si
1445 3903 1552 3945 non
1580 3889 1817 3971 μενοι-15,
1848 3873 2122 3943 occidisti.
2164 3884 2236 3942 Et

206 3978 523 4054 sciendum,
549 3980 699 4054 quod
726 3979 899 4055 aliqui
925 3980 1183 4041 occidunt
1203 3978 1381 4041 solum
1410 3993 1627 4052 corpuS,
1659 3976 1730 4036 de
1752 3992 1863 4053 quo
1885 3975 2102 4061 dietum
2125 3980 2232 4036 est
