2850 4517
845 398 890 443 1.
922 414 1002 427 —-·
1030 399 1436 443 conrnunmm
1489 400 1848 446 cunonem-As
2235 390 2352 451 125

347 510 491 573 iacta
518 512 708 587 abjicit
736 528 771 571 a
809 511 1140 570 substantia.
1170 513 1291 569 Erit
1336 520 1524 570 tamen
1561 520 1690 570 tunc
1737 514 1938 589 duplex
1981 518 2144 586 ratio,
2177 535 2349 593 quare

350 604 524 678 passio
549 603 606 659 in
624 610 954 678 perpetuum
975 603 1293 659 continuata
1320 603 1605 675 passibilia
1628 619 1858 678 corpora
1881 621 1989 663 non
2011 618 2346 682 corrumpet.

347 694 521 750 Prima
572 691 815 766 quidem,
846 692 976 765 quia
1017 698 1269 748 cessante
1302 700 1459 748 motu
1502 692 1647 759 coeli,
1682 700 1742 749 ut
1788 710 1954 766 supra
1989 695 2197 753 dictum
2239 706 2346 766 est,

348 798 565 839 necesse
588 789 673 838 est
696 797 912 837 omnem
940 780 1305 837 mutationem
1345 788 1561 839 naturae
1589 798 1807 838 cessare
1838 799 1852 835 t
1885 800 1993 839 non
2039 786 2205 857 igitur
2243 786 2352 843 ali-

346 871 472 945 quid
514 869 739 928 alterari
784 870 988 944 poterit
1034 870 1359 930 alteratione
1410 879 1644 938 naturae,
1673 872 1770 927 sed
1812 872 1990 928 solum
2029 871 2352 933 alteratione

346 961 557 1019 animae.
590 960 727 1016 Dico
752 965 933 1017 autem
978 958 1361 1015 alterationem
1402 967 1634 1026 naturae,
1663 961 1807 1016 sicut
1848 976 1974 1018 cum
2025 962 2234 1037 aliquid
2285 982 2348 1021 ex

346 1050 517 1107 calido
546 1050 611 1106 fit
636 1047 915 1119 frigidum,
942 1046 1028 1103 vel
1075 1047 1552 1121 qualitercumque
1580 1050 1826 1105 variatur
1854 1051 2157 1108 secundum
2187 1064 2351 1111 natu-

346 1138 453 1194 rale
480 1134 607 1195 esse
630 1136 983 1209 qualitatum.
1014 1134 1409 1193 Alterationem
1442 1144 1635 1194 aut-em-
1658 1139 1856 1195 animae
1881 1138 2025 1208 dicO,
2057 1142 2200 1198 sicut
2225 1158 2352 1199 cum

346 1227 546 1299 aliquid
575 1226 775 1297 recipit
799 1224 1125 1299 qualitatem
1152 1241 1260 1281 non
1288 1226 1588 1281 secundum
1612 1242 1734 1283 esse
1766 1227 2016 1283 naturale
2044 1230 2348 1302 qualitatis,

344 1316 433 1371 sed
478 1314 786 1373 secundum
835 1328 957 1369 esse
1009 1313 1183 1386 ipsius
1232 1314 1543 1387 spIrituale,
1573 1316 1717 1371 sicut
1756 1317 1963 1389 pupilla
2004 1334 2110 1379 non
2155 1319 2352 1393 recipit

343 1405 573 1461 formam
596 1404 797 1461 coloris
822 1410 884 1458 ut
908 1402 981 1458 sit
1004 1402 1271 1471 colorata,
1303 1403 1399 1459 sed
1433 1410 1496 1459 ut
1531 1404 1772 1461 colorem
1799 1406 2019 1463 sentiat.
2050 1407 2142 1463 Sic
2183 1407 2352 1479 igitur

342 1500 393 1550 et
416 1508 652 1568 corpora
676 1493 1061 1549 damnatorum
1088 1492 1368 1564 patientur
1393 1492 1466 1549 ab
1494 1493 1638 1565 igue,
1670 1491 1758 1551 vel
1795 1510 1829 1550 a
1865 1509 2214 1569 quocumque
2242 1497 2348 1553 alio

340 1598 624 1657 corporeo,
653 1597 760 1639 non
786 1588 847 1637 ut
877 1581 1181 1637 alterentur
1205 1580 1276 1637 ad
1305 1581 1566 1653 speciem,
1595 1581 1681 1637 vel
1711 1582 2036 1654 qualitatem
2062 1585 2222 1655 ignis,
2254 1586 2346 1641 sed

341 1678 396 1727 ut
421 1673 669 1729 sentiant
703 1669 1055 1727 excellentias
1088 1668 1418 1742 qualitatum
1457 1671 1594 1742 ejuS,
1628 1676 1683 1725 et
1728 1669 1832 1727 hoc
1869 1672 1976 1727 erit
2005 1670 2346 1739 afflictivum‚

338 1762 393 1820 in
433 1769 705 1834 quantum
764 1758 1075 1831 huJ‘usmodi
1125 1758 1471 1817 excellentiae
1507 1759 1914 1815 contrariantur
1955 1759 2256 1819 harmoniae
2295 1764 2348 1817 in

337 1848 735 1933 qua-consistit
761 1853 819 1903 et
842 1845 1187 1902 delectantur
1216 1861 1436 1915 sensus:
1457 1862 1564 1902 non
1595 1854 1780 1903 tamen
1815 1848 1924 1905 erit
1950 1851 2344 1922 corruptivum,

334 1939 471 2012 quia
507 1934 813 2008 spiritualis
854 1933 1098 2005 receptio
1124 1932 1421 1989 formarum
1465 1940 1722 1991 naturam
1747 1936 1994 2007 corporis
2019 1951 2126 1993 non
2168 1944 2352 1994 trans-

333 2030 543 2091 mutat,
567 2020 839 2079 nisiforte
862 2037 961 2094 per
988 2019 1264 2077 accidens
1285 2021 1536 2077 Secunda
1567 2022 1706 2078 ratio
1735 2022 1840 2076 erit
1867 2037 1934 2077 ex
1951 2030 2106 2095 parte
2135 2027 2350 2095 animae,

238 2162 249 2173 .
336 2116 403 2171 ad
458 2113 624 2185 cujus
671 2111 1101 2184 perpetuitatem
1142 2124 1340 2182 corpus
1382 2108 1631 2166 trahetur
1671 2109 1855 2166 divina
1903 2111 2107 2168 virtute
2155 2130 2170 2167 ε
2211 2116 2354 2171 unde

338 2205 526 2261 anima
552 2201 819 2268 damnati,
852 2200 908 2255 in
944 2204 1217 2273 quantum
1260 2208 1345 2255 est
1382 2198 1558 2255 forma
1603 2207 1660 2256 et
1698 2204 1894 2257 natura
1940 2200 2066 2257 talis
2087 2206 2350 2275 corporis,

337 2294 490 2349 dabit
516 2290 569 2347 ei
597 2306 717 2347 esse
760 2295 1105 2363 perpetuum,
1134 2303 1243 2343 non
1281 2295 1464 2345 tamen
1505 2288 1662 2346 dabit
1703 2288 1754 2343 ei
1791 2296 1853 2344 ut
1888 2290 2003 2363 pati
2049 2308 2154 2347 non
2181 2296 2352 2365 possit

339 2389 564 2455 propter
606 2394 764 2437 suam
808 2377 1301 2451 imperfectionem.
1326 2377 1417 2433 Sic
1453 2376 1624 2449 igitur
1676 2393 1893 2451 semper
1923 2380 2209 2453 patiuntur
2258 2382 2353 2439 illa

340 2485 590 2543 corpora,
626 2484 731 2525 non
756 2472 943 2523 tamen
964 2472 1405 2539 corrumpuntur.

960 2636 1243 2707 CAPUT
1301 2638 1725 2708 CLXXVIII.

388 2778 571 2856 Quod
582 2794 766 2859 poena
788 2776 1215 2839 damnatorum
1236 2776 1412 2836 estin
1435 2774 1616 2835 malis
1639 2780 1777 2837 autc
1797 2777 2309 2841 resurrectionem.

408 2914 503 2972 Sic
537 2911 705 2984 igitur
732 2909 1035 2967 secundum
1061 2906 1329 2980 praedicta
1363 2908 1540 2981 patet,
1566 2903 1713 2975 quod
1753 2912 1868 2961 tam
1911 2907 2147 2961 felicitas
2188 2924 2356 2980 quam

345 3002 566 3060 miseria
612 2999 989 3073 principaliter
1026 2994 1281 3053 consistit
1325 2993 1381 3048 in
1429 2992 1613 3049 anima
1655 3008 1670 3047 ε
1707 2994 2030 3050 secundario
2065 3002 2250 3051 autem
2301 3006 2357 3054 et

304 3116 311 3123 ·
345 3106 439 3164 per
468 3089 769 3165 quamdam
807 3086 1205 3144 derivationem
1242 3084 1297 3139 in
1344 3097 1592 3154 corpore,
1627 3096 1733 3137 non
1775 3080 1944 3153 igitur
1985 3082 2238 3153 felicitas,
2269 3087 2354 3142 vel

347 3180 572 3237 miseria
600 3178 799 3235 animae
837 3175 1111 3249 dependet
1161 3189 1229 3229 ex
1268 3171 1552 3241 felicitate,
1579 3170 1667 3227 vel
1703 3171 1924 3238 miseria
1963 3173 2228 3245 corporis,
2259 3175 2357 3231 sed

348 3269 523 3342 magis
538 3284 569 3323 e
592 3281 879 3325 converso.
898 3264 1226 3336 Cumigitur
1249 3270 1375 3336 post
1406 3266 1636 3318 mortem
1667 3260 1868 3329 animae
1890 3268 2207 3319 remaneant
2229 3272 2360 3320 ante

349 3357 779 3430 resumptionem
794 3370 1085 3428 corporum
1098 3352 1353 3427 quaedam
1367 3350 1594 3426 quidem
1615 3365 1740 3406 cum
1759 3350 1952 3406 merito
1977 3350 2354 3419 beatitudiniS,

350 3446 605 3519 quaedam
630 3453 817 3503 autem
845 3460 972 3501 cum
997 3444 1193 3501 merito
1232 3441 1488 3507 miserias,
1523 3438 1870 3497 manifestum
1899 3446 1986 3495 est
2019 3436 2166 3511 quod
2189 3440 2358 3497 etiam

352 3541 478 3591 ante
524 3534 975 3607 resumptionem.
1012 3532 1212 3589 animae
1250 3528 1612 3604 quorumdam
1652 3528 1914 3610 praedicta
1957 3525 2222 3583 felicitate
2256 3544 2358 3601 po·-

355 3623 581 3692 tiuntur‚
612 3623 915 3681 secundum
941 3621 1072 3677 illud
1103 3624 1292 3694 Apost.
1323 3620 1373 3675 11
1396 3617 1668 3685 Corrinth.
1699 3634 1770 3673 v:
1798 3616 2003 3673 Scimus
2029 3616 2279 3687 quoniam
2307 3617 2358 3673 si

302 3708 307 3712 “
357 3713 631 3769 terrestris
652 3712 837 3768 domus
863 3717 1053 3767 nostra
1078 3710 1240 3782 hujus
1274 3707 1624 3765 habitationis
1645 3706 1986 3771 dissolvatur,
2013 3704 2152 3776 quod
2180 3704 2359 3775 oedifi-

356 3801 614 3857 cutionem
647 3818 714 3857 ew
749 3802 859 3858 Deo
886 3799 1133 3857 habemus
1160 3798 1369 3854 domum
1411 3814 1520 3853 non
1554 3796 1935 3868 manufactam,
1985 3793 2075 3850 scd
2103 3799 2362 3863 oetcrnam

356 3886 415 3943 in
444 3891 605 3959 coelis,
634 3898 692 3947 et
717 3889 858 3946 infra
882 3908 894 3945 :
926 3889 1197 3945 Audemus
1222 3894 1418 3955 autem,
1447 3893 1496 3941 et
1539 3884 1726 3953 bonam
1751 3886 2076 3942 voluntatem
2117 3882 2364 3939 habemus
2444 3900 2446 3903 ’

359 3980 523 4054 mayis
543 3966 893 4055 peregrinari
920 3996 955 4037 a
990 3994 1229 4051 corpore,
1254 3984 1307 4035 ct
1331 3981 1620 4049 pressantes
1656 3991 1761 4033 csse
1784 3974 1858 4031 ad
1888 3972 2177 4031 dominum.
2209 3971 2364 4041 Quo-
