2850 4517
655 310 745 373 ιῆ.
769 341 851 356 -
876 313 957 372 nir
997 313 1417 373 Panisci-roim
1459 319 1627 372 ’πω
1677 304 2052 377 strruAms
2241 314 2358 377 333

357 441 645 516 appetitur.
676 441 1045 512 Quamobrem
1078 443 1252 499 otium
1286 448 1538 500 sanctum
1570 443 1770 517 quaerit
1805 443 2049 503 charitas
2079 432 2354 518 veritatis,

354 531 627 604 negotium
646 529 858 603 justum
884 529 1113 604 suscipit
1130 533 1428 588 necessitas
1457 533 1746 608 charitatis
1772 546 1788 588 t
1811 549 1977 607 quam
2006 537 2279 593 sarcinam
2307 538 2354 592 si

352 619 527 676 nullus
540 619 792 694 imponit,
808 619 1173 692 percipiendae
1194 628 1363 694 atque
1384 619 1663 679 intuendae
1677 623 1984 679 vacandum
1999 632 2084 680 est
2107 625 2349 682 veritati.

350 708 405 766 Si
432 717 615 766 autem
642 708 961 782 imponitur,
990 709 1338 782 suscipienda
1378 717 1464 767 est
1509 715 1734 785 propter
1781 711 2070 769 charitatis
2111 714 2358 770 necessi-

350 803 537 854 tatem.
566 795 852 872 chrysost.
885 802 1070 854 autem
1094 810 1256 872 super
1287 797 1606 856 Matthaeum
1635 813 1912 872 exponens
1941 797 2094 868 illud,
2124 801 2356 858 Princi-

343 903 431 959 pes
440 887 683 960 ,centium
701 883 1053 944 dominantur
1068 903 1271 954 eorum,
1289 887 1373 944 sic
1396 887 1532 945 dicit
1549 902 1562 943 2
1583 907 1610 942 α
1630 887 1779 962 Opus
1801 887 2024 962 quidem
2041 890 2354 949 desiderare

346 975 565 1050 bonum,
604 975 809 1032 bonurn
846 979 950 1045 est,
999 976 1131 1050 quia
1177 982 1382 1035 nostrae
1424 975 1730 1037 voluntatis
1777 985 1879 1048 est,
1909 983 1968 1042 et
2023 988 2212 1038 nostra
2268 989 2352 1037 est

344 1080 554 1123 merces
578 1082 595 1122 z
620 1067 915 1139 primatum
941 1073 1127 1123 autem
1156 1065 1378 1123 honoris
1401 1066 1807 1142 concupiscere,
1837 1068 2056 1126 vanitas
2071 1075 2154 1126 est
2179 1088 2230 1125 n.
2255 1071 2356 1126 Ne-

345 1171 447 1229 que
470 1155 619 1213 enim
647 1155 941 1229 Apostolus
972 1155 1190 1214 laudern
1212 1155 1438 1214 habebit
1479 1157 1624 1230 apud
1662 1158 1856 1226 Deum,
1892 1158 2022 1232 quia
2061 1158 2354 1232 Apostolus

344 1245 460 1314 suit,
512 1245 613 1302 sed
654 1245 785 1318 quia
818 1259 958 1318 opus
995 1245 1348 1319 Apostolatus
1392 1245 1479 1302 sui
1521 1245 1660 1302 bene
1705 1245 1973 1320 implevit,
2006 1248 2352 1304 conservatio

342 1348 467 1406 ergo
497 1333 883 1402 desideranda,
914 1347 1021 1391 non
1058 1334 1272 1407 dignior
1299 1334 1524 1408 gradus.
1549 1335 1646 1392 Est
1684 1335 1854 1393 etiam
1882 1343 1937 1392 et
1971 1335 2120 1394 aliud
2147 1337 2350 1394 adver-

343 1424 587 1491 tendum,
616 1423 761 1496 quod
796 1421 1076 1496 religionis
1112 1429 1293 1482 status
1327 1423 1721 1498 perfectionem
1759 1421 1991 1482 inducit.
2018 1425 2352 1483 pontificalis

342 1519 526 1570 autem
570 1513 811 1584 dignitas
835 1512 1228 1586 perfectionem
1254 1513 1650 1587 praesupponit.
1682 1512 1785 1583 Qui
1816 1513 1964 1570 enim
1994 1512 2353 1572 Pontificatus

340 1597 602 1658 honorem
628 1601 885 1673 suscepit,
914 1599 1199 1674 spirituale
1220 1599 1599 1672 magisterium
1631 1601 1884 1657 assumit.
1911 1601 2069 1658 Unde
2110 1606 2354 1676 Aposto-

342 1687 423 1746 los
458 1689 697 1758 dicebat,
724 1691 750 1745 Ι
776 1689 919 1744 Tim.
950 1703 997 1745 11
1028 1704 1043 1744 ε
1074 1687 1287 1744 Positus
1314 1703 1433 1744 sum
1473 1705 1564 1761 eqo
1594 1689 1926 1761 praedicator
1951 1695 2002 1745 et
2046 1693 2349 1763 ApostoluS,

338 1771 619 1836 veritdtem
660 1777 798 1844 dice,
824 1785 931 1833 no'n
974 1775 1227 1842 mentior,
1257 1775 1442 1833 doctor
1479 1777 1719 1848 pentinum
1757 1777 1820 1834 in
1863 1775 1968 1848 fids
2008 1783 2060 1834 et
2095 1781 2343 1836 veritate.

335 1867 649 1926 Ridiculum
692 1871 877 1922 autem
914 1872 997 1922 est
1021 1863 1375 1938 perfectionis
1402 1864 1780 1936 magisterium
1827 1865 1964 1933 fieri,
2000 1865 2095 1939 qui
2131 1869 2350 1940 perfec-

335 1958 547 2014 tionem
589 1971 684 2028 per
730 1953 1163 2027 experimentum
1204 1967 1311 2009 non
1356 1953 1530 2010 novit.
1555 1949 1624 2008 Et
1662 1952 1806 2009 sicut
1848 1953 1985 2009 dicit
2030 1955 2264 2026 Gregor.
2294 1957 2350 2013 in

334 2042 886 2122 pastoraliz'l’antum
915 2041 1078 2099 debet
1102 2041 1375 2099 actionem
1404 2041 1589 2116 populi
1620 2042 1766 2099 actio
1797 2043 2352 2118 transcendereprae-

336 2133 489 2203 sulis,
518 2139 787 2208 quantum
810 2132 1017 2189 distare
1041 2131 1180 2189 solet
1215 2148 1247 2189 a
1274 2147 1440 2204 grege
1468 2131 1584 2188 vita
1618 2131 1930 2204 pastoralis
1963 2128 2098 2203 Quae
2127 2133 2350 2206 quidem

338 2217 644 2280 differentia
674 2237 742 2278 ex
772 2221 955 2280 verbis
992 2221 1211 2278 Domini
1246 2220 1536 2277 manifeste
1569 2219 1863 2292 colligitur.
1892 2223 2028 2278 Cum
2065 2223 2210 2278 enim
2239 2223 2352 2278 Do·-

338 2315 517 2370 minus
556 2311 898 2386 paupertatis
937 2309 1226 2367 consilium
1273 2310 1449 2378 daret,
1475 2307 1564 2366 his
1604 2309 1788 2368 verbis
1831 2317 1914 2368 est
1959 2327 2090 2368 usus
2123 2329 2136 2368 ε
2168 2313 2226 2368 Si
2269 2313 2351 2368 vis

334 2403 601 2476 perfectus
625 2416 751 2467 esse,
779 2399 930 2466 vade,
959 2407 1006 2456 et
1041 2399 1203 2456 vende
1232 2399 1415 2456 omm’a
1457 2415 1573 2472 quoe
1616 2399 1790 2466 habes,
1817 2407 1870 2458 et
1891 2399 1962 2456 da
1993 2401 2346 2474 pauperibus.

338 2492 488 2549 Unde
511 2489 802 2547 manifeste
826 2496 1071 2562 apparet,
1095 2489 1243 2562 quod
1272 2487 1614 2562 paupertatis
1638 2490 1938 2563 assumptio
1957 2489 2349 2564 perfectionem

339 2597 442 2638 non
466 2579 774 2656 pr‘aeexigit,
806 2579 900 2635 sed
931 2577 1001 2634 ad
1040 2592 1163 2633 earn
1199 2577 1373 2633 ducit.
1400 2577 1539 2633 Cum
1565 2592 1698 2634 vero
1741 2577 2083 2651 praelationis
2107 2579 2348 2637 officium

339 2671 495 2728 Petro
522 2669 913 2736 committeret,
946 2665 1201 2740 quaesivit
1227 2676 1243 2719 t
1274 2665 1454 2720 Simon
1471 2665 1622 2720 Jonoe
1649 2664 1830 2738 diligis
1853 2683 1934 2722 me
1951 2667 2074 2740 plus
2097 2667 2219 2724 his?
2241 2669 2348 2738 Qui

338 2775 460 2816 cum
494 2757 891 2831 responderet:
932 2753 1013 2810 Tu
1035 2752 1137 2808 scis
1161 2751 1289 2823 quia
1319 2767 1436 2807 amo
1459 2757 1531 2816 te,
1559 2751 1826 2824 subjecit:
1855 2749 2016 2809 Pasce
2041 2768 2156 2810 oves
2185 2771 2345 2812 meas.

339 2850 435 2906 Per
460 2847 611 2922 quod
649 2846 937 2915 manifeste
964 2843 1126 2900 datur
1168 2839 1419 2912 intelligi,
1454 2837 1598 2912 quod
1635 2841 2026 2913 perfectionem
2062 2840 2350 2901 charitatis

338 2936 625 3012 praeexigit
650 2934 951 3008 assumptio
980 2929 1335 3006 praelationis.
1368 2931 1874 3002 Praesumptuosum
1900 2940 2088 2989 autem
2115 2947 2235 2989 esse
2257 2935 2348 2990 vi-

339 3027 519 3100 detur,
544 3033 605 3083 ut
634 3023 761 3100 quis
788 3039 847 3080 se
870 3021 1146 3079 existimet
1184 3035 1303 3077 esse
1332 3017 1656 3093 perfectum.
1687 3017 1844 3076 Unde
1870 3019 2166 3093 Apostolus
2211 3023 2348 3079 dicit

339 3115 573 3190 Philipp.
606 3129 710 3173 111:
742 3113 869 3173 Non
897 3109 1035 3185 quod
1052 3110 1170 3185 jam
1193 3106 1506 3182 acceperim,
1531 3111 1626 3165 aut
1663 3106 1782 3179 jam
1816 3109 2086 3182 perfectus
2123 3110 2247 3167 sim.
2279 3109 2348 3166 Et

338 3213 532 3277 postea
577 3203 763 3260 subdit
802 3218 817 3259 ε
854 3201 1173 3274 Quicumque
1214 3215 1337 3273 erqo
1372 3195 1607 3272 perfecti
1647 3211 1848 3264 sumus,
1897 3199 1992 3254 hoe
2035 3198 2347 3257 sentiamus.

340 3293 495 3364 Quod
518 3302 706 3351 autem
734 3290 934 3364 aliquis
958 3289 1349 3370 perfectionem
1376 3286 1672 3355 desideret,
1701 3293 1756 3343 et
1781 3301 1901 3344 eam
1945 3290 2163 3361 assequi
2193 3289 2344 3358 velit,

338 3398 445 3440 non
470 3378 1043 3457 praesumptionis,sed
1067 3385 1275 3436 sanctae
1300 3375 1668 3435 aemulationis
1693 3391 1812 3433 esse
1835 3376 2076 3444 videtur,
2093 3377 2162 3432 ad
2183 3391 2348 3450 quam

341 3473 636 3547 Apostolus
662 3471 932 3538 hortatur,
963 3469 988 3524 1
1015 3466 1259 3529 Corinth.
1292 3478 1404 3524 xm
1437 3483 1451 3522 τ
1477 3459 1840 3522 AEmulamini
1870 3463 2200 3544 charismata
2234 3481 2348 3521 me-

342 3561 501 3620 liora.
548 3561 619 3618 Et
669 3560 793 3618 ideo
844 3557 1121 3630 religionis
1166 3560 1373 3613 statum
1418 3569 1716 3623 assumere,
1763 3551 2037 3611 laudabile
2090 3561 2173 3610 est
2219 3570 2234 3610 ι
2278 3555 2346 3610 ad

340 3649 679 3723 praelationis
714 3655 909 3713 ‚autem
948 3645 1227 3717 fastigium
1264 3643 1521 3701 anhelare
1557 3643 1744 3700 nimiae
1772 3640 2215 3717 praesumplionis
2239 3649 2343 3706 est,

341 3739 495 3798 Unde
528 3741 694 3812 Greg.
721 3739 857 3795 dicit
888 3735 943 3792 in
974 3733 1239 3793 pastorali
1270 3750 1284 3788 z
1314 3753 1340 3786 α
1364 3733 1417 3788 Is
1445 3733 1541 3806 qui
1566 3731 1840 3789 recusavit
1859 3731 2198 3804 praelati‘onis
2224 3731 2348 3786 offi-

343 3830 509 3898 cium,
533 3829 689 3904 plene
716 3844 825 3884 non
848 3824 1052 3883 restitit
1082 3841 1095 3882 z
1121 3829 1176 3880 et
1200 3822 1247 3880 is
1273 3821 1367 3896 qui
1397 3821 1543 3878 mitti
1570 3821 1763 3889 voluit,
1792 3825 1919 3878 ante
1949 3835 2008 3876 se
2039 3835 2135 3894 per
2159 3819 2348 3876 altaris

344 3917 615 3978 calculum
642 3903 935 3993 purgatum
962 3915 1102 3974 vidit
1120 3933 1170 3970 n.
1188 3913 1289 3970 Per
1318 3910 1466 3987 quod
1485 3909 1648 3968 datur
1671 3907 1922 3981 intelligi,
1943 3909 2092 3983 quod
2117 3917 2348 3972 vocatus

1829 4119 1862 4129 t—
