2850 4517
604 389 726 457 244
1086 401 1141 446 ι.
1186 395 1420 442 ‘raom
1459 393 1789 446 Aomums
1828 391 2138 437 croscum

606 521 1003 579 detrimentum
1040 514 1304 591 patietur,
1348 511 1470 586 ipse
1511 517 1700 569 autem
1739 507 1925 567 salvus
1957 507 2084 578 erit,
2115 509 2198 565 sic
2235 517 2422 568 tamen
2457 517 2642 586 quasi

606 625 709 684 per
731 611 950 682 ignem:
983 620 1091 663 non
1122 610 1310 662 autem
1344 605 1528 676 potest
1563 599 1670 656 hoc
1704 596 1936 670 intelligi
1961 597 2033 653 de
2062 597 2190 670 igne
2229 597 2447 668 inferni,
2486 603 2640 676 quia

606 698 702 772 qni
727 698 881 755 illum
903 696 1087 769 ignem
1103 693 1409 768 patiuntur,
1427 704 1536 747 non
1558 687 1863 747 salvantur.
1887 687 2118 760 Oportet
2139 703 2274 760 ergo
2301 689 2433 762 quia
2455 691 2638 748 intel-

606 787 815 861 ligatur
844 785 914 842 de
942 783 1127 857 aliquo
1151 784 1276 854 igne
1300 783 1594 855 purgante.
1624 775 1694 833 Bt
1721 777 1854 850 quia
1882 781 2064 848 potest
2087 777 2288 849 aliquis
2314 778 2498 835 dicere
2519 780 2638 837 hoc

608 891 731 940 esse
762 870 1178 945 intelligendum
1198 869 1311 926 de
1297 884 1423 941 igne
1451 867 1546 940 qui
1571 865 1848 940 praecedet
1870 864 2068 920 faciem
2089 864 2315 936 judicis,
2343 868 2636 942 praecipue

609 966 742 1043 quia
784 961 1162 1039 praemittitur,
1206 955 1326 1014 dies
1361 953 1580 1013 Domini
1619 953 1969 1010 declarabit:
2011 952 2133 1009 dies
2178 963 2364 1011 autem
2403 957 2631 1013 Domini

608 1053 938 1127 intelligitur
958 1049 1078 1107 dies
1099 1047 1278 1103 ultimi
1294 1046 1566 1104 adventus
1587 1043 1707 1116 ejus
1733 1043 1804 1100 ad
1818 1041 2091 1115 judicium
2112 1043 2423 1101 universale
2451 1029 2638 1103 totius

614 1143 830 1212 mundi,
869 1141 1015 1199 sicut
1040 1141 1236 1210 Apost,
1281 1133 1418 1191 dicit
1445 1134 1472 1190 1
1493 1133 1656 1190 Thes.
1687 1147 1771 1188 v.
1815 1130 1942 1188 Dies
1970 1131 2194 1187 Domini
2237 1131 2377 1191 sicut
2423 1125 2526 1206 teir
2565 1136 2635 1193 in

614 1241 787 1299 nocte,
813 1230 898 1288 ita
921 1224 1140 1285 veniet:
1164 1223 1291 1282 ideo
1318 1219 1715 1281 attendendum
1737 1226 1845 1289 est,
1874 1218 2020 1294 quod
2061 1219 2207 1278 sicut
2236 1220 2356 1278 dies
2381 1222 2630 1288 Domini,

612 1324 746 1398 quia
774 1326 859 1377 est
881 1317 1001 1376 dies
1034 1315 1304 1372 adventus
1327 1314 1450 1385 ejus
1487 1308 1556 1368 ad
1579 1308 1850 1383 judicium
1876 1308 2187 1367 universale
2215 1310 2385 1368 totius
2414 1312 2629 1379 mundi,

611 1414 694 1469 ita
721 1410 843 1466 dies
864 1406 1259 1478 cujuscumque
1282 1400 1490 1458 dicitur
1504 1398 1626 1456 dies
1651 1399 1889 1467 Domini,
1913 1398 2044 1472 quia
2068 1398 2140 1455 ad
2163 1414 2332 1457 unum
2350 1415 2636 1475 quemquo

613 1499 674 1555 in
700 1504 874 1552 morte
916 1490 1107 1550 venire
1131 1488 1341 1546 dicitur.
1377 1487 1630 1544 Christus
1655 1492 2123 1554 remuneraturum„
2153 1485 2240 1543 vel
2283 1488 2634 1546 condemna-

616 1597 793 1644 turus.
818 1581 976 1642 Unde
1003 1589 1272 1654 quantum
1291 1576 1363 1634 ad
1391 1575 1890 1633 remunerationem
1917 1577 2178 1631 bonorum
2194 1575 2331 1632 dicit
2353 1576 2426 1633 ad
2451 1577 2636 1635 disci-

617 1675 798 1751 pulos.
835 1673 994 1729 loen.
1023 1684 1124 1726 xiv
1156 1684 1171 1724 t
1198 1665 1261 1722 sn·
1295 1664 1501 1733 obiero,
1529 1672 1582 1722 et
1610 1679 1998 1738 proeporavero
2035 1664 2176 1722 vobis
2211 1665 2395 1732 boum,
2419 1666 2638 1724 iterum

618 1763 850 1828 veniam,
878 1765 931 1816 et
952 1755 1214 1830 accipiam
1233 1771 1325 1812 voc
1350 1754 1424 1811 ad
1445 1752 1724 1826 meipsum.
1749 1753 2028 1824 Quantum
2054 1769 2186 1810 vero
2214 1754 2284 1811 ad
2310 1757 2636 1814 damnatio-

618 1867 747 1910 nem
786 1849 1076 1914 malorum,
1128 1843 1336 1902 dicitur
1379 1845 1572 1917 Apost.
1622 1858 1669 1900 11
1718 1833 1891 1916 {Aac
1927 1842 2322 1915 poenitentiam,
2365 1854 2418 1902 et
2445 1846 2634 1918 primo

620 1955 788 2018 opera
820 1939 911 2012 fac
941 1952 961 1994 .·
990 1934 1079 1992 rin
1104 1939 1285 1991 autem
1311 1933 1467 1989 venio
1495 1931 1616 1998 tibi,
1640 1938 1693 1989 et
1728 1933 1937 1989 movebo
1961 1931 2338 1990 candelabrum
2378 1941 2532 1992 tuum
2571 1935 2636 1991 de

620 2032 731 2088 loco
758 2045 875 2086 σιω.
917 2027 1049 2083 Dies
1088 2038 1220 2099 ergo
1254 2020 1476 2079 Domini
1510 2035 1622 2095 quo
1649 2019 1720 2077 ad
1761 2019 2072 2079 numerale
2099 2020 2374 2092 ,iudicium
2419 2023 2477 2079 in
2507 2025 2634 2096 igne

620 2117 975 2184 revelabitur,
1001 2115 1098 2189 qui
1124 2113 1324 2171 faciem
1335 2110 1542 2183 judicis
1565 2109 1861 2184 praecedet,
1882 2124 1993 2183 quo
2020 2108 2239 2183 reprobi
2267 2110 2339 2168 ad
2360 2111 2632 2184 ,iudicium

621 2205 934 2270 trahentur,
960 2208 1019 2259 et
1038 2199 1177 2274 iusti
1200 2199 1296 2273 qui
1324 2197 1439 2255 vivi
1467 2199 1834 2272 reperiuntur,
1861 2197 2241 2273 purgabuntur
2268 2216 2282 2254 ε
2308 2199 2408 2256 sed
2434 2207 2490 2256 et
2517 2201 2632 2257 dies

621 2293 863 2360 Domini,
895 2305 1006 2364 quo
1034 2303 1477 2362 unumquemque
1503 2287 1560 2345 in
1584 2303 1683 2346 sua
1709 2293 1884 2346 morte
1903 2288 2138 2361 judicat,
2167 2288 2224 2345 in
2252 2288 2378 2362 igne
2419 2291 2631 2348 revela-

628 2389 738 2449 tur,
772 2381 867 2454 qui
898 2383 1097 2453 purget
1122 2377 1314 2444 bonos,
1340 2385 1398 2434 et
1420 2377 1620 2450 impios
1641 2377 1971 2435 condemnat
1998 2394 2012 2410 ·
2041 2379 2124 2435 sic
2151 2392 2280 2450 ergo
2306 2385 2467 2453 patet
2499 2396 2630 2454 pur-

625 2467 902 2542 gatorium
924 2480 1047 2524 esse
1072 2473 1200 2540 post
1225 2471 1482 2523 mortem.

1405 2635 1690 2706 CAPUT
1759 2639 1852 2708 X.

698 2781 879 2860 Quod
898 2781 1112 2848 divina
1129 2780 1589 2884 praeaoetinatiq
1607 2745 1891 2933 humatis
1916 2780 2154 2846 actibus
2177 2783 2580 2853 mamm

1409 2885 1534 2933 non
1562 2886 1802 2949 tmpona
1837 2915 1853 2931 .

682 3007 859 3064 'Nunc
880 3004 1074 3063 ultimo
1098 3003 1557 3062 considerandum
1593 3009 1699 3070 est,
1731 3018 1800 3060 an
1828 3009 2054 3078 propter
2089 3003 2515 3074 ordinationem,
2541 3022 2632 3062 seu

625 3094 1168 3171 praedestinationem
1195 3092 1443 3151 divinam
1463 3090 1718 3148 humanis
1737 3090 1952 3149 actibus
1979 3094 2280 3150 necessitas
2303 3095 2632 3169 imponatur.

626 3183 693 3240 In
717 3197 827 3256 qua
850 3179 1158 3256 quaestione
1178 3181 1262 3237 sic
1286 3186 1450 3238 caute
1485 3178 1890 3254 procedendum
1912 3187 2018 3248 eet,
2053 3188 2113 3238 ut
2138 3183 2348 3241 veritas
2374 3185 2636 3242 defende-

629 3277 742 3340 tur,
773 3275 829 3327 et
854 3270 1089 3340 salsitate,
1107 3283 1207 3327 seu
1229 3283 1383 3326 error
1408 3269 1637 3326 vitetur.
1658 3267 1961 3326 Brroneum
1978 3270 2124 3327 enim
2146 3277 2234 3326 est
2259 3271 2470 3340 dicere,
2494 3273 2634 3347 quod

616 3368 791 3434 ,actua
812 3359 1037 3417 humani
1078 3365 1136 3415 et
1170 3363 1403 3414 eventus
1438 3358 1801 3432 praescientiae
1838 3364 1894 3414 et
1929 3359 2264 3417 ordinationi
2292 3361 2498 3421 divinae
2531 3379 2636 3420 non

630 3449 869 3507 subsint.
897 3438 1013 3505 Nec
1036 3446 1219 3503 minus
1245 3462 1534 3504 erroneum
1561 3447 1765 3515 dicere,
1792 3448 1940 3522 quod
1975 3450 2345 3523 praescientia,
2372 3453 2460 3509 vel
2489 3451 2640 3509 ordi-

629 3538 856 3596 natione
878 3537 1066 3595 divine
1101 3537 1357 3594 humanis
1384 3537 1601 3594 actibus
1641 3538 1942 3595 necessitas
1969 3535 2306 3612 injungatur.
2337 3542 2640 3600 'tolleretur

630 3626 782 3685 enim
831 3625 1059 3684 libertas
1094 3624 1327 3693 arbitrii,
1376 3626 1700 3683 consiliandi
1742 3628 2141 3701 opportunitas,
2183 3629 2368 3702 legum
2409 3631 2639 3698 militae,

630 3713 943 3774 sollicitudo
964 3714 1105 3774 bene
1127 3713 1409 3788 operandi,
1441 3720 1500 3772 et
1525 3716 1874 3788 praemiorum
1899 3722 1956 3774 et
1981 3732 2269 3790 poenarum
2284 3720 2522 3791 justitia.
2541 3719 2642 3776 Est

632 3817 767 3877 orgo
801 3804 1258 3862 considerandum
1297 3804 1446 3879 quod
1482 3804 1630 3861 Deus
1674 3805 1835 3862 aliter
1859 3804 2344 3865 habet.scientiam
2383 3807 2453 3864 de
2478 3807 2645 3864 rebus

635 3905 806 3963 quam
830 3891 1012 3948 homo.
1038 3893 1213 3950 Homo
1236 3892 1383 3951 enim
1420 3891 1700 3966 subjectus
1733 3901 1818 3952 est
1855 3895 2110 3968 tempori,
2141 3902 2199 3952 et
2226 3894 2352 3953 ideo
2389 3911 2475 3954 ree
2495 3901 2647 3953 tem⁴

636 3977 901 4046 poraiiter
925 3981 1225 4052 cognoscit,
1256 3980 1514 4055 quoedam
1539 3981 1930 4055 respiciens·ut
1953 3983 2270 4056 praesentia,
2297 3985 2548 4059 quedam
2579 3992 2648 4043 ut

2583 4305 2668 4428 l.
