2850 4517
2289 174 2322 207 ’κ

738 368 847 432 νη.
880 404 958 417 —-
980 388 1059 433 m:
1102 368 1377 435 sYuBono
1429 364 1914 439 ΑΡοετοιοΒῦΜ..
2188 373 2308 435 399

301 498 505 557 tionem
533 500 907 570 invisibilium,
939 509 1013 563 ,ει
1054 514 1225 561 causa
1249 505 1411 577 hujus
1452 506 1654 563 erroris
1694 512 1798 576 est,
1829 504 1960 579 quia
2002 505 2107 579 ipsi
2135 503 2307 562 Deum

298 596 559 645 asserunt,
594 606 869 648 summum
906 592 1125 661 bonum,
1172 594 1313 649 sicut
1354 600 1411 650 et
1448 592 1638 650 verum
1681 600 1783 661 est,
1827 598 1885 650 et
1913 593 2095 651 omnia
2124 609 2249 665 quae
2278 612 2309 651 a

298 675 442 734 bono
464 686 612 748 sunt,
640 678 783 737 bona
810 696 931 738 esse
960 670 1139 738 :u'nde
1163 682 1469 740 nescientes
1491 683 1801 740 discernere
1825 682 1959 756 quid
1986 682 2060 740 sit
2084 682 2306 751 malum,

300 771 357 836 et
384 768 515 840 quid
545 768 768 835 bonum,
800 770 1149 843 crediderunt
1182 771 1327 845 quod
1356 772 1541 829 omnia
1569 771 1661 828 illa
1691 788 1817 846 quae
1845 779 1972 829 sunt
2001 771 2311 844 aliqualiter

298 855 464 923 mala,
495 857 818 932 simpliciter
845 868 1028 917 essent
1072 860 1237 927 mala,
1282 862 1428 918 sicut
1467 861 1628 934 ignis,
1672 861 1804 936 quia
1834 861 1963 928 urit,
1996 861 2198 917 dicitur
2242 859 2313 915 ab

300 946 382 1001 eis
415 946 738 1021 simpliciter
782 948 957 1006 malus
1002 966 1015 1005 :
1064 958 1119 1026 et
1163 965 1325 1024 aqua,
1372 952 1504 1025 quia
1547 950 1798 1017 suffocat,
1850 956 1909 1008 et
1946 951 2027 1007 sic
2067 950 2134 1005 de
2165 950 2308 1007 aliis.

300 1034 453 1091 Unde
492 1036 622 1107 quia
660 1036 793 1094 nihil
831 1038 1063 1095 istorum
1098 1038 1439 1109 sensibilium
1477 1048 1565 1097 est
1596 1039 1917 1112 simpliciter
1958 1040 2180 1105 bonum,
2213 1039 2308 1095 sed

298 1124 609 1197 aliqualiter
637 1126 841 1183 malum
869 1134 925 1185 et
947 1127 1226 1196 deficiens,
1254 1129 1511 1185 dixerunt
1540 1129 1688 1203 quod
1720 1127 1956 1185 visibilia
1989 1128 2172 1185 omnia
2203 1143 2310 1183 non

280 1218 427 1269 -sunt
452 1212 599 1272 facta
640 1230 675 1272 a
712 1216 825 1271 Deo
851 1215 1013 1284 benc,
1046 1216 1142 1273 sed
1171 1234 1205 1275 a
1237 1217 1381 1274 malo
1410 1235 1423 1271 ε
1458 1224 1649 1275 contra
1691 1217 1790 1273 hos
1827 1217 1981 1289 ponit
2026 1220 2167 1289 Aug.
2200 1215 2310 1272 tale

298 1302 642 1376 exemplum:
676 1324 702 1357 (ι
730 1305 788 1362 Si
810 1304 1009 1379 aliquis
1031 1305 1263 1363 intraret
1291 1307 1514 1363 domum
1536 1306 1696 1374 fabri,
1722 1313 1778 1363 et
1801 1304 2076 1364 inveniret
2098 1306 2308 1361 instru-

298 1398 483 1450 menta
510 1392 580 1449 ad
622 1408 747 1467 quae
780 1394 1108 1467 impingeret
1144 1401 1200 1452 et
1232 1395 1495 1454 laederent
1521 1412 1666 1464 eum,
1696 1401 1752 1451 et
1780 1410 1848 1452 ex
1884 1394 1989 1451 hoc
2027 1402 2310 1467 reputaret

297 1480 453 1537 illum
489 1480 701 1538 fabrum
732 1482 951 1550 malum,
985 1484 1113 1557 quia
1144 1490 1295 1542 tenet
1324 1485 1457 1542 talia
1482 1485 1868 1554 instrumenta,
1907 1484 2111 1541 stultus
2140 1490 2306 1549 esset,
2359 1484 2366 1491 '

296 1585 423 1627 cum
448 1568 601 1626 faber
626 1586 691 1628 ea
716 1580 898 1629 teneat
926 1572 997 1629 ad
1025 1589 1164 1653 opus
1191 1590 1350 1630 suum
1372 1593 1399 1625 »
1425 1574 1536 1630 :ita
1565 1574 1796 1631 stultum
1821 1578 1906 1628 est
1931 1572 2131 1640 dicere,
2159 1574 2306 1645 quod

298 1676 398 1733 per
435 1658 539 1716 hoc
578 1666 846 1717 creaturae
887 1661 997 1718 sint
1027 1660 1202 1727 malae,
1236 1662 1367 1736 quia
1409 1670 1536 1719 sunt
1582 1663 1639 1717 in
1678 1660 1859 1734 aliquo
1901 1661 2148 1727 nocivae:
2183 1676 2306 1717 nam

299 1749 445 1823 quod
470 1747 562 1806 uni
590 1756 673 1805 est
701 1752 976 1817 nocivum,
1004 1748 1163 1805 alteri
1194 1758 1277 1806 est
1307 1748 1461 1805 utile.
1488 1750 1592 1805 Hic
1614 1755 1800 1806 autem
1828 1765 1978 1805 error
2003 1759 2088 1805 cst
2116 1756 2308 1805 contra

298 1838 462 1896 fidem
484 1837 761 1915 Ecclesiae,
794 1844 851 1894 et
876 1838 999 1895 ideo
1018 1840 1086 1895 ad
1112 1843 1256 1895 hunc
1284 1838 1694 1906 removendum,
1723 1837 1924 1894 dicitur
1952 1854 1965 1892 :
2004 1836 2308 1894 Visibilium

297 1928 537 1983 omnium
560 1934 609 1983 et
641 1926 1012 1984 invisibilium.
1044 1927 1183 1985 Gen.
1216 1942 1237 1983 ι
1279 1944 1292 1982 t
1324 1927 1395 1984 1η
1422 1926 1704 1999 principio
1731 1926 1933 1983 creavit
1963 1926 2102 1982 Deus
2125 1926 2306 1981 coelum

298 2022 350 2073 et
391 2022 613 2072 terram.
642 2017 799 2074 Joan.
845 2032 866 2073 1
902 2032 921 2073 .·
966 2015 1161 2073 Omnia
1186 2032 1293 2091 per-
1330 2016 1504 2087 ipsum
1528 2014 1678 2087 faeta
1716 2021 1862 2071 sunt.
1901 2014 2183 2072 Secundus
2223 2020 2308 2071 est

299 2118 452 2159 error
491 2102 809 2177 ponentium
853 2104 1117 2159 mundum
1154 2102 1223 2160 ab
1269 2109 1498 2169 aetern0,
1537 2102 1840 2172 secundum
1881 2117 2042 2175 quem
2086 2102 2308 2157 modum

299 2192 542 2266 loquitur
589 2194 779 2257 Petrus
816 2193 1022 2261 dicenS,
1054 2194 1101 2249 11
1131 2194 1248 2249 Pet.
1290 2208 1358 2249 111
1403 2209 1416 2246 :
1451 2192 1542 2249 Em
1586 2206 1688 2267 quo
1722 2199 1909 2265 patres
1945 2190 2306 2256 dormierunt,

299 2282 481 2341 omnia
512 2282 588 2339 sic
616 2286 960 2355 perseverant
1000 2281 1066 2337 ab
1095 2280 1258 2340 initio
1293 2288 1558 2339 creaturoe
1599 2296 1618 2337 .·
1663 2288 1719 2337 et
1749 2282 1838 2337 isti
1878 2280 2032 2337 ducti
2067 2286 2196 2336 suut
2237 2280 2304 2335 ad

298 2370 441 2428 hanc
472 2372 816 2444 positionem,
850 2371 979 2445 quia
1008 2372 1320 2428 nescierunt
1347 2370 1695 2428 considerare
1721 2369 2048 2445 principium
2093 2368 2304 2425 mundi.

298 2460 455 2517 Unde
497 2461 639 2517 sicut
678 2459 853 2518 Rabbi
884 2462 1101 2535 Moyses
1128 2460 1283 2531 dicit,
1327 2460 1451 2517 istis
1487 2460 1757 2531 contingit
1798 2460 1942 2516 sicut
1977 2474 2166 2533 puer0,
2213 2458 2306 2531 qui

298 2552 345 2607 si
371 2549 559 2606 statim
591 2565 717 2605 cum
742 2550 1006 2618 nascitur,
1038 2558 1332 2623 poneretur
1364 2550 1421 2606 in
1460 2549 1656 2617 insula,
1689 2552 1746 2605 et
1775 2564 2054 2622 nunquam
2093 2546 2307 2619 videret

297 2638 583 2694 mulierem
608 2644 999 2707 praegnantem,
1032 2652 1131 2694 nec
1163 2654 1391 2712 puerum
1416 2640 1588 2704 nasci,
1625 2644 1681 2693 et
1711 2636 1982 2693 diceretur
2008 2636 2097 2691 isti
2137 2650 2307 2709 puero

298 2726 521 2802 quando
540 2739 767 2796 magnus
786 2732 949 2791 esset,
976 2725 1212 2797 qualiter
1234 2725 1395 2781 homo
1419 2725 1745 2796 concipitur,
1771 2729 2020 2796 portatur
2046 2724 2098 2777 in
2125 2731 2303 2793 utem,

297 2826 354 2874 ει
377 2814 642 2881 nascitur,
673 2812 808 2869 nulli
835 2812 1083 2868 crederet
1108 2810 1213 2867 sibi
1242 2812 1466 2878 dicenti,
1495 2811 1625 2885 quia
1655 2810 1987 2884 impossibile
2013 2811 2119 2867 sibi
2150 2813 2308 2869 vide·-

299 2912 453 2963 retur
493 2903 639 2977 quod
681 2902 841 2959 homo
881 2906 1065 2975 posset
1107 2915 1226 2955 esse
1262 2899 1319 2955 in
1360 2904 1518 2956 utero
1561 2899 1773 2957 matris.
1805 2900 1896 2957 Sic
1932 2898 2023 2955 isti
2053 2900 2308 2964 conside-5

299 3001 487 3053 rantes
526 2996 732 3050 statum
775 2991 960 3048 mundi
1000 2996 1341 3063 praesentem,
1387 3004 1496 3044 non
1539 2988 1770 3045 credunt
1810 2988 1957 3062 quod
1995 2988 2306 3061 incoeperit.

300 3086 397 3141 Est
416 3084 583 3139 etiam
606 3082 710 3138 hoc
738 3088 928 3137 contra
950 3079 1111 3135 fidem
1138 3077 1397 3136 Ecclesiae
1423 3094 1436 3133 :
1463 3084 1520 3133 et
1543 3078 1666 3133 ideo
1691 3078 1761 3134 ad
1791 3077 1892 3135 hoc
1917 3078 2307 3135 removendum

300 3172 502 3229 dicitur
546 3189 559 3226 :
605 3171 885 3227 Fac-torem
918 3168 1036 3226 coeli
1062 3176 1114 3227 et
1152 3176 1330 3226 terrae.
1370 3168 1437 3225 Si·
1457 3166 1602 3223 enim
1630 3166 1849 3224 suerunt
1878 3167 2043 3235 facta,
2089 3174 2307 3224 constat

299 3261 449 3337 quod
477 3278 581 3318 non
609 3276 822 3338 semper
849 3259 1068 3317 fuerunt
1100 3276 1113 3314 z
1140 3258 1338 3315 etideo
1368 3257 1567 3314 dicitur
1591 3258 1646 3313 in
1677 3256 1818 3313 Psal.
1846 3272 2060 3315 cxnvui
2089 3274 2103 3313 ε
2129 3258 2305 3323 Dixit,

294 3360 351 3408 et
379 3352 524 3423 facta
548 3356 692 3407 sunt.
724 3349 942 3406 Tertius
966 3353 1055 3423 ‚est
1092 3363 1243 3403 error
1273 3348 1591 3421 ponentium
1617 3347 1792 3404 Deum
1823 3346 2014 3403 fecisse
2045 3348 2306 3403 mundum

298 3459 369 3499 ex
392 3439 709 3515 praejacenti
734 3437 985 3501 materia,
1018 3443 1075 3493 et
1103 3437 1174 3494 ad
1200 3435 1305 3493 hoc
1334 3436 1486 3493 ducti
1519 3444 1662 3504 sunt,
1705 3437 1836 3511 quia
1863 3436 2153 3493 voluerunt
2185 3450 2307 3493 me·

272 3528 395 3589 ‚tiri
424 3528 724 3601 potentiam
770 3526 869 3582 Dei
908 3524 1207 3582 secundum
1236 3525 1536 3598 potentiam
1579 3522 1867 3584 nostram:
1917 3530 1973 3582 et
2001 3524 2143 3589 ideo,
2175 3525 2304 3596 quia

301 3617 464 3674 homo
490 3614 623 3673 nihil
659 3620 842 3689 potest
869 3613 1069 3681 facere,
1100 3612 1296 3670 nisiex
1321 3613 1636 3687 praejacenti
1674 3614 1925 3681 materia,
1955 3610 2305 3669 crediderunt

302 3706 449 3779 quod
490 3704 683 3763 eodem
722 3702 883 3761 modo
920 3709 978 3761 et
1003 3703 1167 3770 Deus,
1203 3704 1345 3760 unde
1376 3702 1634 3761 ‘dixerunt
1670 3704 1815 3777 quod
1856 3702 1914 3760 in
1947 3701 2309 3777 productione

301 3810 485 3851 rerum
517 3793 708 3852 habuit
750 3792 1036 3852 materiam
1065 3794 1470 3867 praejacentem.
1508 3794 1614 3851 Sed
1651 3794 1755 3852 hoc
1797 3809 1904 3851 non
1933 3800 2018 3849 est
2053 3804 2246 3849 verum
2287 3806 2302 3844 z

300 3897 430 3943 nam
465 3884 627 3942 homo
654 3884 781 3941 ideo
808 3883 939 3941 nihil
981 3889 1162 3959 potest
1189 3880 1369 3942 facere
1396 3884 1512 3939 sine
1539 3882 1854 3956 praejacenti
1881 3881 2134 3952 materia,
2173 3879 2304 3955 quia

297 3978 387 4027 est
410 3972 589 4031 factor
626 3970 991 4047 particularis,
1028 3977 1088 4029 et
1124 3984 1233 4048 non
1262 3977 1441 4046 potest
1478 3968 1734 4029 inducere
1777 3968 1881 4031 nisi
1904 3969 2044 4032 hanc
2073 3970 2301 4030 sormam

1286 4182 1368 4193 ww...
1375 4183 1389 4189 ..
1404 4180 1413 4187 .
