2850 4517
542 399 665 460 266
897 376 904 381 ⁵
969 415 1073 460 s.
1117 415 1351 458 mouns
1390 381 1718 464 nomm-ns
1759 383 2067 454 opuscum

542 531 687 586 dere.
718 529 862 588 Psal.
906 514 1109 588 mxxv.
1147 529 1333 588 Voveee
1360 535 1470 586 etc.
1505 527 1795 602 Disptic‘et
1801 527 1944 604 onim
1968 525 2018 581 ei
2046 521 2279 628 infidelis
2305 491 2357 580 et
2383 523 2564 580 stulta

536 617 843 691 promissio.

1122 757 1221 820 De
1242 754 1423 819 tertio
1453 758 1755 835 praeopto·
1789 753 1963 834 leuis.

614 885 873 946 Memento
911 894 974 946 ut
996 888 1134 944 diem
1152 888 1361 946 sabbati
1380 887 1698 960 sanctifices.
1737 887 1910 943 Exod.
1937 901 2040 943 xx.
2071 887 2188 942 Hoc
2214 895 2299 942 est
2326 881 2560 940 tertium

546 977 865 1033 mandatum
910 976 1067 1048 legis,
1118 985 1174 1032 et
1215 977 1623 1033 convenienter.
1669 975 1847 1032 Primo
1885 974 2030 1030 enim
2079 974 2340 1033 debemus
2382 973 2562 1028 Deum

544 1065 794 1121 venerari
840 1065 1051 1122 cordo:
1104 1065 1248 1122 unde
1289 1066 1626 1140 praecipitur,
1673 1064 1825 1138 quod
1875 1079 1985 1119 non
2024 1062 2238 1119 colatur
2284 1061 2390 1117 nisi
2417 1076 2566 1117 unus

548 1153 711 1220 Deus,
738 1141 882 1208 unde
911 1165 928 1208 τ
972 1152 1332 1212 Non'habebis
1360 1155 1496 1210 Deos
1519 1154 1738 1211 alienos.
1783 1153 2032 1210 Secundo
2056 1168 2174 1218 ore,
2210 1151 2352 1206 unde
2386 1167 2400 1205 ε
2431 1150 2564 1206 Νοη

548 1255 795 1296 assumes.
827 1241 1013 1296 Tertio
1046 1255 1227 1315 opere,
1260 1249 1317 1296 et
1352 1241 1455 1297 hoc
1491 1251 1575 1298 est
1606 1259 1620 1296 ι
1651 1240 1936 1308 Memento,
1966 1249 2076 1296 etc.
2107 1235 2293 1296 Voluit
2321 1239 2470 1294 enim
2499 1245 2565 1292 ut

547 1338 692 1384 esset
720 1335 903 1386 certus
942 1329 1080 1396 dies,
1121 1331 1178 1385 in
1207 1346 1317 1403 quo
1345 1330 1693 1387 intenderent
1719 1321 1967 1386 homines
2010 1329 2081 1384 ad
2107 1328 2394 1384 servitium
2435 1327 2562 1382 Dei.

548 1417 791 1474 lIabetur
819 1425 1003 1474 autem
1040 1418 1143 1474 hoc
1179 1425 1518 1492 praeceptum
1563 1420 1807 1492 quinque
1849 1415 2170 1473 rationibus.
2203 1415 2382 1471 Primo
2413 1414 2566 1469 enim

550 1505 739 1560 datum
768 1505 871 1563 suit
897 1507 968 1562 ad
990 1507 1421 1564 destructionem
1445 1509 1666 1564 erroris·
1689 1507 1950 1587 Praeyidit
1971 1509 2115 1562 enim
2140 1505 2374 1576 Spiritus
2398 1505 2568 1560 Sano-

552 1603 641 1651 tus
686 1594 831 1666 quod
883 1594 1051 1651 futuri
1099 1603 1256 1652 erant
1305 1595 1476 1668 aliqui
1537 1597 1737 1652 dicturi
1785 1596 2047 1652 mundum
2096 1608 2302 1665 semper
2359 1592 2564 1661 fuisse,

448 1743 453 1747 ,
550 1682 600 1738 11
639 1682 757 1738 Pet.
805 1696 873 1739 ιιι
906 1701 919 1742 z
958 1683 1180 1763 Venient
1222 1685 1281 1740 in
1321 1685 1622 1742 novissimis
1670 1683 1850 1742 diebus
1879 1683 1939 1740 in
1967 1683 2280 1756 deceptiones
2309 1679 2568 1735 illusores

549 1771 707 1842 juccto
738 1771 999 1846 proprias*
1042 1773 1486 1847 concupiscentias
1513 1773 1859 1838 ambulantes,
1889 1771 2118 1828 dicentes
2150 1787 2168 1826 :
2197 1768 2299 1828 Ubi
2325 1777 2399 1824 est
2423 1785 2567 1840 pro-

552 1859 751 1927 missio,
782 1868 878 1919 aut
906 1862 1161 1920 adventus
1186 1865 1338 1934 ejus?
1365 1863 1457 1919 Ex
1483 1880 1586 1934 quo
1613 1861 1752 1921 enim
1779 1869 1968 1935 patres
1994 1859 2353 1922 dormierunt,
2381 1855 2567 1912 omnia

555 1949 633 2006 sic
650 1958 998 2022 perseverant
1022 1951 1084 2007 ab
1110 1951 1271 2009 initio
1288 1959 1554 2008 creaturoe
1568 1969 1588 2020 ‚-
1614 1951 1745 2008 latet
1765 1949 1910 2006 enim
1935 1965 2016 2005 eos
2039 1950 2132 2004 hoc
2158 1947 2404 2010 volentes,
2429 1944 2567 2018 quod

559 2038 673 2095 coeli
698 2047 857 2097 erant
876 2040 1037 2112 prius
1076 2047 1130 2097 et
1154 2047 1326 2097 terra.
1357 2039 1546 2097 Voluit
1582 2055 1714 2112 ergo
1753 2035 1900 2094 Deus
1921 2046 1984 2094 ut
2012 2036 2383 2093 custodiretur
2427 2049 2566 2089 unus

548 2127 674 2182 ¹dies
700 2129 755 2182 in
795 2130 1135 2197 memoriam,
1166 2129 1314 2203 quod
1343 2131 1490 2185 Deus
1517 2128 1700 2186 omnia
1723 2128 1933 2184 creavit
1964 2127 2021 2182 in
2051 2141 2145 2183 sex
2174 2124 2386 2190 diebus,
2419 2131 2477 2180 et
2509 2123 2566 2178 in

560 2217 791 2288 septimo
828 2217 1037 2289 quievit
1074 2233 1107 2274 a
1144 2218 1301 2272 novis
1328 2217 1616 2284 creatur-ie,
1662 2216 1979 2281 condendi5‚
2025 2221 2083 2270 et
2128 2214 2270 2270 hanc
2297 2212 2569 2270 rationem

554 2306 708 2377 ponit
735 2306 1000 2360 Dominus
1030 2303 1086 2361 in
1114 2303 1251 2374 lege,
1291 2305 1481 2361 dicens
1510 2321 1524 2360 ε
1559 2305 1818 2363 Memento
1848 2312 1911 2362 ut
1953 2303 2093 2360 diem
2129 2300 2335 2360 sabbati
2360 2293 2568 2357 sancti-

558 2393 697 2462 fices,
728 2392 824 2446 sed
854 2391 1032 2448 Judaei
1077 2391 1134 2446 in
1164 2394 1484 2450 memoriam
1527 2394 1720 2467 primae
1746 2394 2042 2450 creationis
2069 2391 2320 2448 colebant
2363 2389 2571 2447 sabba-

562 2485 679 2534 tum
713 2495 728 2534 ε
766 2477 1013 2534 Christus
1062 2486 1246 2536 autem
1275 2482 1500 2551 veniens
1536 2481 1667 2538 fecit
1703 2498 1903 2539 novam
1929 2482 2281 2548 creationem,
2309 2495 2408 2552 per
2448 2479 2573 2553 pri-

560 2583 705 2625 mam
734 2568 877 2623 enim
907 2567 1067 2624 homo
1105 2577 1375 2638 terrenus,
1402 2566 1506 2642 ‘per
1531 2565 1829 2627 secundam
1874 2571 2035 2626 homo
2070 2569 2310 2628 coelestis
2337 2569 2572 2624 effectus

560 2663 665 2713 est.
688 2656 813 2714 Gal.
842 2673 901 2714 ιν
929 2674 942 2712 :
971 2657 1037 2712 In
1062 2657 1276 2715 Christo
1302 2659 1430 2715 Jesu
1450 2675 1615 2732 neque
1633 2657 1965 2716 circumcisio
1992 2657 2198 2732 aliquid
2220 2659 2380 2723 valet,
2407 2673 2572 2729 neque

556 2746 904 2818 praeputium,
932 2747 1022 2802 sed
1047 2743 1184 2802 nova
1219 2755 1491 2816 creatura,
1522 2756 1580 2805 et
1607 2747 1726 2806 haec
1754 2755 2172 2807 nova-creatura
2197 2755 2282 2803 est
2313 2763 2408 2818 per
2437 2761 2572 2817 gra·-

561 2835 713 2902 ti‘am‚
754 2852 879 2908 quae
914 2837 1117 2908 incepit
1143 2836 1200 2892 in
1227 2838 1646 2894 resurrectione.
1675 2837 1838 2894 Rom.
1870 2853 1930 2894 ιν
1971 2853 1986 2896 z
2033 2835 2292 2902 Quomodo
2323 2835 2572 2920 Christus

564 2922 804 2979 surrexit
838 2940 873 2979 a
897 2923 1129 2980 mortuis
1150 2941 1255 2995 per
1275 2925 1508 2998 gloriam
1528 2925 1728 2998 patris,
1757 2925 1838 2982 ita
1867 2931 1919 2981 et
1961 2941 2061 2997 nos·
2084 2925 2145 2980 in
2181 2923 2421 2980 vicvuate
2448 2924 2572 2993 vitu?

568 3011 907 3068 ambulemus.
952 3011 1011 3069 Si
1056 3013 1197 3069 enim
1240 3014 1586 3086 complantati
1611 3013 1748 3085 facti
1773 3029 1956 3069 sumus
1995 3012 2355 3070 similitudini
2384 3013 2571 3069 mortis

570 3100 699 3170 ejus,
727 3099 893 3156 simul'
918 3106 970 3157 et
996 3102 1405 3166 resurrectionis
1437 3103 1657 3158 erimus.
1688 3102 1757 3158 Et
1794 3103 1922 3176 quia
1947 3102 2275 3158 resurrectio
2310 3101 2462 3159 sacta
2491 3109 2575 3158 est

571 3188 625 3240 in
663 3188 967 3256 Dominica,
1000 3189 1123 3256 ideo
1152 3188 1490 3246 celebramus
1519 3191 1674 3246 illum
1702 3191 1866 3257 diem,
1895 3191 2039 3248 sicut
2075 3190 2250 3248 Judaei
2279 3191 2576 3249 sabbatum

566 3279 785 3346 propter
810 3273 1041 3347 primani
1060 3273 1413 3333 creationem.
1430 3278 1700 3346 Secundo,
1726 3278 1913 3335 datum
1937 3277 2135 3358 suited
2154 3278 2574 3336 instructionem

565 3359 691 3417 fidei
726 3362 1127 3436 RedemptoriS.
1170 3365 1309 3420 Caro
1338 3365 1484 3420 enim
1521 3366 1724 3423 Christi
1756 3367 1811 3422 in
1840 3367 2127 3441 sepulchro
2163 3377 2427 3440 corrupta
2469 3384 2574 3423 non

565 3451 666 3506 fuit
698 3469 713 3506 t
746 3452 889 3508 unde
918 3452 1051 3508 dicit
1078 3452 1220 3508 Psal.
1252 3469 1332 3509 xv
1363 3470 1376 3506 :
1421 3454 1563 3510 Caro
1589 3472 1709 3512 mea
1735 3455 2034 3533 requiescet·
2047 3456 2109 3511 in
2135 3473 2242 3530 spe.
2274 3458 2434 3522 Item,
2479 3456 2574 3532 ibi.

564 3537 687 3596 Non
709 3537 857 3596 dabis
882 3547 1125 3598 sanctum
1147 3547 1297 3598 tuum
1322 3541 1502 3598 videre
1530 3543 1968 3622 corruptionem:
1997 3545 2139 3600 unde
2168 3543 2341 3600 voluit
2369 3543 2578 3601 sabba-

568 3636 684 3686 tum
726 3623 1024 3696 observari,
1058 3636 1119 3686 ut
1158 3630 1301 3686 sicut
1342 3631 1615 3690 sacrificia
1660 3632 2044 3708 significabant
2086 3639 2318 3689 mortem
2347 3632 2576 3696 Christi,

566 3718 645 3775 ita
674 3720 829 3791 quies
858 3715 1071 3799 sabbati
1101 3719 1346 3791 requiem
1373 3721 1558 3778 carnis
1594 3723 1754 3794 ejus:
1777 3723 1879 3780 sed
1906 3739 2005 3779 nos
2034 3723 2144 3779 ista
2167 3704 2439 3780 sacrificia
2469 3736 2580 3778 non

568 3824 868 3875 servamus,
888 3806 1031 3898 quia
1068 3808 1395 3894 adveniente
1436 3825 1496 3866 re
1536 3818 1593 3866 et
1621 3811 1877 3880 veritate,
1921 3811 2084 3868 debet
2111 3827 2330 3868 cessare
2376 3811 2578 3884 figura,

570 3895 710 3952 sicut
738 3883 1073 3960 adveniente
1092 3896 1203 3954 sole
1242 3907 1421 3956 cessat
1451 3897 1985 3980 umbra.SeJ·va1pus
2027 3902 2295 3974 tamenin
2331 3916 2584 3975 ‚venera-

573 3979 721 4039 tione
766 3962 1003 4056 Virginis
1028 3968 1373 4058 'ghi-icem,
1357 3988 1415 4044 in
1463 3987 1575 4061 qua
1614 3991 1880 4048 remansit
1927 3999 2045 4048 tota
2073 3991 2208 4048 fides
2250 3991 2348 4048 tali
2392 3990 2487 4047 die
2524 3991 2586 4046 in
