2850 4517
516 393 636 459 488
994 409 1048 453 s.
1092 407 1326 453 ‘1¹quAE
1365 405 1693 458 Acamans
1733 405 2042 451 croscum

519 528 652 583 Cum
681 523 888 584 venerit
908 523 1230 598 paraclitus,
1277 539 1427 595 quem
1450 538 1541 596 eqo
1579 521 1795 582 mittam
1818 520 1982 590 vobis,
2014 528 2123 580 etc.
2172 528 2231 581 et
2256 540 2363 584 xvr
2414 541 2429 582 ε
2472 527 2532 584 Si

517 615 659 672 enim
697 629 806 672 nen
846 613 1050 680 abiero,
1083 614 1384 686 paraclitus
1421 628 1528 668 non
1568 612 1741 668 veniet
1768 612 1841 668 ad
1864 629 1955 668 vos
1994 628 2016 677 ,⁰
2043 610 2093 669 si
2116 619 2295 671 autem
2322 614 2530 684 abiero,

517 704 730 762 mittam
757 719 876 760 eum
897 703 968 759 ad
989 719 1097 758 vos.
1124 701 1366 759 Hahetur
1396 701 1565 758 etiam
1584 718 1649 758 ex
1673 702 2003 758 auctoritate
2031 703 2351 776 Scripturas,
2379 706 2532 777 quod

518 795 682 852 Pater
720 793 817 849 dat
843 792 1107 866 Spiritum
1145 801 1394 848 sanctum
1429 793 1623 848 :Joan.
1655 805 1760 848 xiv
1786 807 1801 846 t
1828 790 1945 864 Epo
1984 792 2179 865 rogabo
2198 791 2445 859 Patrem,
2480 800 2537 850 et

400 873 407 879 ’
518 881 689 940 alium
705 881 1034 954 paraclitum
1062 879 1209 938 dabit
1235 879 1398 936 vobis.
1423 879 1530 936 Sed
1560 880 1706 953 quod
1729 887 1786 937 et
1814 879 1981 936 Filius
2004 880 2097 936 det
2118 881 2373 937 eumdem
2400 883 2537 954 Spi-

519 971 686 1027 ritum
719 975 989 1037 sanctum,
1020 969 1223 1027 dicitur
1244 969 1402 1025 loan.
1435 983 1517 1024 xx
1554 968 1700 1041 quod
1722 974 1843 1041 post
1870 969 2309 1027 resurrectionem
2337 969 2533 1027 Domi-

516 1075 620 1116 nus
642 1056 914 1134 discipulis
940 1057 1250 1131 insufflavit,
1277 1064 1331 1114 et
1353 1055 1497 1112 dixit
1534 1056 1609 1112 eis
1640 1055 1930 1136 :Accipite
1966 1057 2237 1130 Spiritum
2257 1065 2530 1126 sanctum,

518 1148 664 1224 quod
693 1154 749 1203 et
776 1146 1040 1206 Athenas,
1065 1146 1356 1204 confitetur
1385 1145 1442 1201 in
1466 1161 1714 1202 sermone
1742 1146 1949 1204 Nicoeni
1978 1146 2215 1218 concilii,
2240 1147 2434 1204 dicens
2460 1165 2533 1205 ex

517 1251 750 1311 persona
773 1235 893 1292 Filii
921 1252 936 1292 ε
963 1255 990 1289 α
1013 1235 1296 1306 Quomodo
1316 1239 1480 1291 erunt
1500 1235 1867 1291 consummati
1885 1234 2010 1307 ipsi,
2035 1235 2139 1290 nisi
2160 1250 2263 1308 ego
2284 1233 2532 1294 Verbum

518 1332 676 1382 tuum
698 1339 1089 1393 consummem,
1119 1322 1177 1382 id
1202 1333 1288 1382 est
1314 1323 1618 1398 perfectum
1648 1338 1940 1390 assumam,
1970 1330 2025 1380 et
2048 1323 2330 1396 perficiam
2354 1326 2414 1381 in
2442 1341 2533 1383 me

518 1412 826 1480 hominem,
870 1421 927 1469 et
971 1413 1053 1469 eis
1093 1411 1225 1468 mihi
1265 1411 1535 1485 aequalem
1582 1426 1679 1484 per
1723 1407 1905 1468 omnia'
1954 1409 2087 1467 mihi
2138 1420 2533 1484 cooperantem

517 1503 714 1560 donem
738 1503 1003 1576 Spiritum
1031 1504 1320 1561 sanctum?
1351 1523 1379 1556 »
1415 1503 1482 1558 Et
1508 1502 1650 1558 idem
1682 1501 1739 1558 in
1766 1500 1997 1574 epistola
2026 1500 2095 1557 ad
2121 1502 2479 1575 Serapionem
2513 1520 2529 1561 z

520 1613 548 1646 α
594 1591 750 1647 Hunc
791 1591 1055 1664 Spiritum
1093 1599 1346 1649 sanctum
1387 1607 1420 1648 a
1467 1591 1605 1647 Filio
1644 1596 1698 1646 te
1734 1589 2005 1664 recepisse
2046 1590 2234 1659 credo,
2264 1605 2300 1647 o
2336 1600 2533 1650 sancte

519 1680 805 1738 SacerdoS.
849 1699 876 1734 w
900 1681 1049 1738 Dicit
1077 1687 1260 1737 sutem
1288 1680 1433 1736 idem
1461 1678 1722 1738 Athanas.
1752 1679 1809 1736 in
1838 1679 2031 1736 eadem
2054 1677 2283 1752 epistola
2322 1695 2336 1737 ε
2370 1701 2397 1733 α
2426 1682 2531 1739 Hic

520 1777 603 1826 est
634 1770 766 1826 ordo
811 1778 1023 1828 naturae
1051 1771 1251 1830 divinae
1292 1785 1325 1825 a
1366 1770 1545 1834 Patre,
1586 1774 1643 1824 et
1670 1765 1827 1834 Filio,
1868 1773 1930 1823 ut
1970 1767 2065 1840 qui
2102 1783 2137 1824 a
2163 1767 2316 1825 nullo
2342 1777 2449 1839 est,
2495 1786 2531 1828 a

521 1857 672 1916 nullo
697 1859 981 1929 mittatur3
1015 1863 1071 1915 et
1097 1859 1194 1932 qui
1231 1864 1316 1915 est
1340 1857 1410 1914 ab
1435 1857 1561 1924 alio,
1589 1857 1644 1912 in
1676 1856 1894 1912 nomine
1921 1870 2021 1912 suo
2048 1870 2158 1912 non
2194 1857 2401 1927 veniat,
2430 1859 2529 1914 sed

520 1948 576 2003 in
604 1949 823 2005 nomine
847 1948 992 2005 illius
1027 1963 1061 2004 a
1086 1962 1196 2021 quo
1219 1946 1428 2004 existit.
1459 1965 1487 1998 υ
1525 1946 1607 2002 lta
1636 1950 1692 2001 et
1728 1943 1962 2017 Spiritus
1988 1951 2213 2002 sanctus
2253 1946 2351 2019 qui
2393 1962 2427 2003 a
2468 1961 2531 2004 se

520 2049 630 2093 non
658 2045 761 2104 est,
797 2052 830 2093 a
871 2052 932 2092 se
957 2036 1146 2096 venire
1188 2051 1295 2092 non
1319 2033 1527 2104 debuit,
1572 2032 1670 2090 sed
1708 2033 1763 2089 in
1792 2033 2007 2090 nomine
2051 2032 2199 2090 illius
2226 2049 2259 2090 a
2287 2051 2395 2108 quo
2420 2043 2523 2104 est,

519 2129 579 2180 et
603 2141 636 2180 a
661 2139 770 2198 quo
797 2124 982 2192 habet,
1010 2130 1071 2180 ut
1097 2124 1377 2198 hypostasi
1402 2124 1475 2178 sit
1511 2124 1675 2191 Deus,
1709 2122 2169 2196 quemadmodum
2192 2121 2263 2180 de
2294 2139 2361 2180 eo
2392 2123 2531 2182 dicit

520 2212 690 2270 Filius
731 2230 744 2268 ε
787 2213 1096 2270 Paraclitus
1125 2212 1366 2285 Spiritus
1391 2218 1627 2278 sanctus,
1656 2225 1807 2283 quem
1831 2210 2002 2268 mittet
2038 2210 2208 2266 Pater
2232 2212 2292 2268 in
2319 2213 2532 2270 nomino

518 2316 650 2356 meo.
678 2303 836 2358 Patet
876 2316 1026 2374 ergo,
1058 2302 1203 2376 quod
1245 2318 1309 2356 ex
1354 2301 1457 2357 hoc
1494 2302 1641 2374 quod
1680 2299 1917 2372 Spiritus
1958 2304 2183 2355 sanctus
2230 2300 2470 2357 mittitur
2496 2318 2531 2360 a

519 2386 675 2452 Filio,
715 2389 967 2461 sequitur
1000 2387 1146 2460 quod
1176 2403 1208 2444 a
1236 2388 1371 2444 Filio
1399 2388 1602 2444 existat
1638 2387 1993 2455 aeternaliter,
2026 2395 2083 2444 et
2114 2387 2184 2444 ab
2209 2403 2274 2445 eo
2300 2388 2526 2458 habeat,

519 2475 666 2547 quod
709 2473 784 2529 sit
823 2476 989 2530 Deus.
1032 2476 1188 2540 Item,
1232 2476 1425 2532 Niceta
1468 2474 1604 2531 dicit
1630 2490 1795 2547 super
1837 2477 2144 2532 loannem:
2190 2495 2219 2528 α
2260 2475 2381 2532 Non
2411 2477 2527 2535 alia

519 2561 854 2634 proprietate
902 2563 1064 2620 Pater
1113 2562 1283 2619 mittit
1327 2563 1602 2634 spiritum,
1648 2577 1758 2635 qua
1804 2565 2138 2636 proprietate
2181 2577 2289 2620 non
2332 2563 2531 2623 mittat

519 2649 688 2706 Filius
715 2668 727 2706 :
753 2649 841 2707 vel
865 2650 1049 2725 aliqua
1077 2648 1185 2708 alia
1209 2651 1545 2724 proprietate
1571 2650 1741 2708 Filius
1762 2650 1934 2709 mittit
1963 2653 2227 2725 Spiritum
2250 2661 2525 2723 sanctum,

522 2754 633 2812 qua
670 2755 774 2796 non
804 2741 976 2797 mittit
1013 2746 1069 2797 et
1097 2741 1277 2798 Pater.
1313 2759 1340 2792 n
1365 2741 1448 2797 Ex
1468 2757 1577 2815 quo
1606 2748 1774 2815 patet,
1799 2741 1947 2815 quod
1972 2742 2164 2799 eadem
2190 2744 2529 2817 proprietate

519 2835 576 2884 et
600 2829 811 2885 ratione
840 2831 1001 2886 Pater
1023 2835 1078 2886 et
1100 2829 1269 2887 Filius
1293 2829 1520 2886 mittunt
1538 2831 1801 2904 Spiritum
1830 2838 2100 2887 sanctum.
2127 2831 2185 2888 Si
2210 2847 2341 2904 ergo
2369 2834 2531 2891 Pater

519 2917 690 2975 mittit
718 2919 982 2990 Spiritum
1007 2925 1258 2977 sanctum
1287 2917 1447 2991 quasi
1491 2918 1562 2974 ab
1586 2918 1703 2992 ipso
1740 2919 2073 2976 aeternaliter
2101 2921 2447 2990 existentem,
2472 2931 2529 2980 et

519 3006 770 3061 similiter
809 3006 977 3062 Filius
1012 3006 1276 3079 Spiritum
1303 3013 1556 3064 sanctum
1587 3007 1772 3064 mittet
1801 3007 1959 3081 quasi
1988 3008 2057 3064 de
2092 3024 2155 3065 se
2194 3009 2530 3067 aeternaliter

520 3094 864 3152 existentem.
906 3096 1042 3151 Item
1084 3094 1347 3151 Athenas.
1396 3095 1533 3152 dicit
1579 3097 1632 3152 in
1675 3111 1924 3152 sermone
1965 3097 2172 3154 Nicaeni
2215 3098 2433 3155 concilii
2462 3115 2532 3156 ex

520 3199 751 3256 persona
779 3184 900 3240 Filii
941 3183 1169 3256 loquens
1199 3199 1214 3238 z
1249 3203 1275 3236 α
1320 3183 1476 3241 Sicut
1498 3200 1585 3241 me
1613 3184 1917 3257 perfectum
1950 3186 2189 3257 genuisti
2232 3187 2424 3257 Deum,
2474 3195 2534 3244 et

516 3270 818 3344 perfectum
861 3287 948 3328 me
989 3271 1168 3328 fecisti
1210 3287 1491 3329 assumere
1527 3271 1823 3339 hominem,
1864 3273 1945 3330 sic
1973 3289 2041 3330 ex
2082 3281 2156 3342 te,
2199 3279 2259 3331 et
2298 3291 2368 3332 ex
2408 3291 2554 3333 mea.

519 3361 774 3427 essentia,
823 3360 894 3417 da
935 3360 1017 3417 eis
1062 3359 1363 3433 perfectum
1405 3360 1669 3433 Spiritum
1711 3367 1981 3418 sanctum.
2036 3381 2064 3414 a
2102 3363 2255 3420 Idem
2295 3362 2434 3422 dicit
2477 3365 2535 3421 in

519 3448 750 3520 epistola
790 3450 862 3505 ad
895 3449 1247 3521 Serapionem
1291 3465 1364 3504 z«
1410 3449 1565 3507 Sicut
1608 3450 1661 3506 in
1705 3450 1839 3507 Filio
1868 3451 1969 3506 Dei
1996 3459 2185 3509 nostra
2225 3452 2329 3508 sibi
2375 3453 2535 3512 unita

518 3543 704 3593 manet
747 3547 964 3606 natura,
1006 3553 1174 3612 quam
1200 3536 1269 3594 de
1310 3538 1467 3594 nobis
1504 3539 1800 3612 assumpsit
1844 3557 1859 3596 t
1890 3541 1971 3597 ita
2008 3548 2063 3597 et
2103 3542 2223 3615 ipse
2260 3549 2448 3599 manet
2475 3544 2535 3599 in

517 3624 673 3680 nobis
702 3641 798 3697 per
821 3641 981 3682 suum
1009 3626 1262 3700 spiritum
1285 3627 1703 3684 coessentialem
1730 3627 1855 3704 sibi,
1881 3644 2045 3701 quem
2070 3629 2139 3686 de
2167 3644 2267 3686 sua
2291 3631 2534 3687 essentia

516 3712 882 3770 essentialiter
909 3715 1102 3786 spirat,
1147 3720 1203 3771 et
1231 3714 1400 3772 donat
1425 3716 1605 3773 nobis.
1650 3735 1677 3768 n
1714 3716 1866 3774 Idem
1897 3716 2035 3776 dicit
2070 3717 2125 3774 in
2168 3733 2420 3775 sermone
2464 3719 2536 3774 de

516 3801 894 3858 incarnatione
925 3803 1099 3868 verbi,
1131 3805 1278 3877 quod
1307 3804 1469 3861 datus
1493 3814 1576 3862 est
1612 3805 1848 3878 Spiritus
1877 3815 2100 3863 sanctus
2135 3806 2436 3880 Discipulis
2464 3807 2535 3863 de

516 3887 854 3958 plenitudine
890 3891 1144 3947 Deitatis.
1177 3893 1316 3950 ltem
1356 3893 1551 3950 Niceta
1588 3909 1753 3967 super
1781 3895 2047 3952 loannem
2087 3895 2222 3952 dicit
2254 3913 2269 3950 ε
2301 3915 2327 3947 α
2360 3895 2535 3952 Filius

517 3973 780 4042 Spiritum
807 3982 1058 4034 sanctum
1085 3980 1154 4035 de
1190 3995 1253 4038 se
1278 3982 1395 4051 dat,
1431 3990 1495 4041 ut
1519 3985 1703 4042 Pater.
1737 4003 1765 4036 ι
1804 3983 1884 4039 Ex
1923 3984 2122 4059 quibus
2150 3983 2406 4042 omnibus
2433 3999 2537 4041 ac·-
