2850 4517
571 426 657 470 iv·
688 444 771 458 —
792 431 873 475 nn
913 431 1337 486 rennnc‘rmmt
1379 444 1546 489 vim
1596 449 1966 504 srim'ruAns
2152 449 2270 512 293

264 536 567 592 secundum
586 555 741 596 suam
764 548 935 602 totam
954 549 1245 608 veritatem
1269 562 1526 615 creatura
1540 561 1825 622 rationalis
1843 569 2034 643 diligat
2054 575 2226 636 Deum
2253 599 2266 636 z

264 622 409 679 unde
436 632 494 680 ct
520 626 577 682 in
607 627 725 699 ipso
753 631 957 692 divinae
985 637 1295 697 dilectionis
1323 655 1621 720 praecepte,
1644 654 1932 712 manifeste
1954 658 2057 717 hoc
2085 669 2268 738 expri-

261 711 450 768 mitur.
481 715 695 787 Dicitur
720 719 867 777 enim
894 723 1120 782 Denter.
1153 745 1213 788 γι
1246 745 1259 783 :
1286 730 1491 806 Diliqes
1512 736 1800 798 Dominum
1828 744 1999 803 Deum
2027 757 2178 810 tuum
2206 773 2270 811 ex

260 807 371 856 toto
396 803 572 870 corde,
604 813 655 863 et
692 824 758 864 ex
792 816 907 868 tota
945 813 1131 872 anima
1154 829 1271 884 tua,
1299 827 1352 877 et
1394 836 1482 878 σω·
1507 832 1621 883 tota
1653 827 2142 908 fortitudine'tua,
2172 845 2269 900 sed

257 889 359 945 Lu.
385 907 447 959 x,
475 893 883 973 additum-etex
912 903 1061 959 omni
1092 913 1399 977 mentetua,
1430 921 1492 970 ut
1527 930 1624 972 cor
1664 920 1934 980 referatur
1977 927 2045 983 ad
2084 930 2272 988 inten-

260 983 487 1050 tionem,
511 997 665 1040 mens
706 992 891 1044 autem
928 991 999 1047 ad
1049 997 1440 1068 cognitionem,
1471 1003 1653 1062 anima
1694 1022 1827 1066 vero
1867 1011 1938 1068 ad
1989 1017 2266 1090 affectum,

258 1068 525 1126 fortitudo
546 1072 620 1128 ad
646 1075 1043 1147 executionem,
1076 1081 1196 1140 haec
1225 1086 1371 1144 enim
1401 1090 1586 1148 omnia
1615 1093 1672 1149 in
1695 1093 1796 1152 Dei
1821 1098 2117 1161 dilectione
2141 1113 2270 1164 sunt

256 1158 633 1230 expendenda.
663 1162 1128 1228 Considerandum
1155 1180 1239 1230 est
1264 1181 1470 1246 autem,
1502 1182 1651 1253 quod
1678 1181 1799 1241 haec
1831 1186 2125 1260 dupliciter
2158 1197 2269 1252 im-

254 1245 392 1317 pleri
422 1248 709 1320 contingit.
736 1253 871 1309 Cum
894 1256 1040 1316 enim
1066 1267 1242 1318 totum
1267 1269 1325 1320 et
1357 1267 1663 1338 perfectum
1691 1273 1877 1330 sit-cui
1922 1279 2059 1337 nihil
2087 1283 2264 1352 deest,

254 1350 323 1390 ex
354 1341 475 1392 toto
500 1336 665 1394 corde
688 1345 743 1395 et
764 1343 967 1411 anime,
986 1353 1041 1402 et
1064 1347 1407 1421 fortitudine,
1442 1362 1498 1412 et
1524 1365 1708 1416 mente
1737 1361 1886 1421 Deus
1911 1365 2194 1442 diligetur,
2213 1374 2264 1431 si

253 1423 389 1480 nihil
411 1425 469 1479 in
489 1424 577 1482 his
594 1428 846 1486 omnibus
869 1433 1025 1490 nobis
1047 1436 1210 1506 desit,
1232 1441 1366 1512 quin
1386 1450 1565 1501 totum
1590 1449 1890 1508 actnaiiter-
1906 1467 2263 1518 convertatur

254 1511 307 1566 in
335 1512 533 1580 Deum,
556 1515 651 1571 sed
680 1516 771 1574 hic
794 1520 1051 1592 perfectae
1092 1525 1406 1586 dilectionis
1445 1534 1640 1592 modus
1685 1553 1794 1595 non
1833 1548 1918 1598 est
1965 1546 2263 1620 viatorum,

254 1600 348 1655 sed
374 1603 908 1674 comprehensorum.
936 1611 1091 1668 Unde
1120 1617 1312 1686 Apost.
1354 1617 1425 1674 ad
1465 1621 1770 1696 Philippen.
1802 1643 1892 1696 ur,
1923 1631 2059 1690 dicit
2092 1655 2104 1690 :
2135 1637 2265 1698 Non

252 1689 391 1759 quod
407 1691 527 1763 jam
548 1695 860 1764 acceperim,
888 1705 987 1754 aut
999 1700 1119 1771 jam
1144 1703 1411 1774 perfectus
1451 1707 1555 1764 sim
1579 1727 1598 1766 .·
1618 1727 1810 1785 sequor
1853 1726 2030 1777 autem
2067 1725 2118 1780 si
2160 1743 2262 1799 quo

250 1777 398 1833 modo
420 1782 871 1852 comprehendam,
894 1787 1053 1858 quasi
1094 1796 1225 1846 tunc
1258 1793 1651 1865 perfectionem
1689 1810 1986 1874 expectans
2032 1827 2160 1870 cum
2189 1817 2260 1872 ad

250 1867 789 1938 comprehensionem
856 1876 1187 1944 pervenerit,
1232 1877 1594 1940 beatitudinis
1657 1887 1896 1958 palmam
1957 1899 2256 1970 accipiens.

248 1953 800 2024 Comprehensionem
839 1965 1025 2015 eutem
1066 1963 1271 2035 accipit
1309 1982 1415 2023 non
1458 1969 1760 2030 secundum
1807 1980 1954 2049 quod
1996 1983 2268 2056 importet*

249 2041 629 2110 inclusionem,
658 2049 752 2099 aut
786 2047 1226 2108 terminationem
1252 2048 1664 2129 comprehensi,
1687 2063 1769 2118 sic
1809 2067 1954 2124 enim
1982 2069 2130 2131 Deus
2171 2076 2262 2134 in-

244 2131 755 2203 comprehensibilis
784 2144 869 2192 est
892 2139 1040 2194 omni
1067 2149 1354 2210 creaturae,
1374 2146 1472 2204 sed
1500 2150 1801 2208 secundum
1829 2157 1976 2228 quod
2006 2173 2261 2236 compre·

241 2219 435 2279 hensio
480 2219 743 2292 importat
783 2227 1225 2286 consecutionem
1264 2233 1403 2304 eius„
1441 2235 1590 2308 quod
1633 2238 1688 2295 in
1728 2245 2013 2325 sequendo
2056 2250 2261 2326 aliquis

244 2308 523 2380 quaesivit.
549 2309 611 2364 In
644 2309 737 2366 illa
774 2317 961 2369 eutem
993 2315 1206 2374 coelesti
1228 2319 1574 2380 beatitudine
1605 2341 1823 2402 semper
1847 2335 2140 2396 actualiter
2167 2341 2260 2398 in-

245 2396 517 2464 tellectus,
550 2403 606 2452 et
637 2398 891 2458 voluntas
916 2409 1187 2462 creaturae
1213 2409 1504 2470 rationalis
1531 2412 1588 2470 in
1610 2415 2003 2494 Deum'fertu'r,
2034 2443 2160 2486 cum
2194 2425 2253 2488 in

241 2485 432 2541 divina
455 2485 713 2543 fruitione
738 2486 833 2545 illa
860 2489 1146 2550 beatitudo
1170 2497 1459 2556 consistat.
1489 2501 1782 2564 Beatitudo
1807 2516 1992 2571 autem
2029 2527 2140 2575 non
2164 2527 2253 2578 est

243 2573 296 2629 in
324 2573 539 2642 habitu,
564 2575 660 2632 sed
687 2577 744 2632 in
772 2583 920 2638 ectu.
946 2580 1017 2639 Et
1040 2583 1172 2656 quia
1198 2584 1313 2642 Deo
1349 2597 1608 2647 creatura
1629 2595 1915 2656 rationalis
1959 2603 2250 2664 inhaerebit

241 2661 507 2735 tanquam
531 2664 723 2722 ultimo
750 2667 865 2734 fini,
898 2669 992 2741 qui
1023 2676 1109 2726 est
1135 2672 1363 2742 veritas,
1392 2691 1610 2736 summa
1631 2679 1687 2736 in
1715 2684 1880 2741 finem
1902 2697 2086 2748 antem
2109 2694 2247 2754 ulti-

240 2765 391 2806 mum
427 2753 611 2810 omnia
648 2771 745 2826 per
790 2755 1151 2813 intentionem
1192 2759 1524 2831 referuntur,
1557 2774 1612 2821 et
1653 2772 1954 2830 secundum
1989 2777 2245 2840 ultimum

238 2836 403 2894 finem
442 2841 626 2896 omnia
664 2843 984 2915 exequenda
1025 2843 1411 2916 disponuntur,
1457 2863 1797 2924 consequens·
1836 2867 1922 2915 est
1962 2866 2110 2935 quod
2143 2868 2244 2925 illa

236 2925 596 2985 beatitudinis
614 2930 949 3002 perfectione
970 2939 1227 2991 creatura
1254 2935 1540 2995 rationalis
1574 2939 1768 3014 diligat
1807 2945 1983 3005 Deum
2027 2967 2097 3010 ex
2127 2961 2243 3012 toto

236 3015 423 3082 corde,
446 3014 578 3072 dum
607 3023 728 3074 tota
754 3021 875 3091 ejus
910 3020 1142 3077 intentio
1182 3020 1387 3079 feretur
1429 3023 1485 3080 in
1531 3026 1709 3087 Deum
1749 3047 1816 3090 ex
1843 3037 2096 3097 omnibus
2118 3059 2242 3116 quae

236 3103 465 3175 cogitat,
494 3111 663 3174 amat,
707 3114 805 3164 eut
851 3109 985 3181 agit.
1012 3110 1094 3166 Ex
1135 3114 1251 3168 tota
1289 3120 1494 3182 mente,
1523 3114 1656 3174 dum
1696 3133 1912 3196 semper
1951 3129 2240 3191 actualiter

236 3207 391 3248 mens
436 3194 559 3266 ejus
596 3194 803 3252 feretur
842 3197 899 3253 in
944 3197 1121 3255 Deum
1165 3199 1346 3274 ipsum
1370 3217 1603 3276 semper
1645 3206 1856 3278 viderie,
1885 3219 1940 3268 et
1975 3219 2158 3277 omnia
2181 3222 2239 3280 in

234 3281 375 3353 ipso,
404 3289 461 3337 et
484 3283 789 3340 secundum
831 3287 951 3358 ejus
984 3287 1277 3346 veritatem
1320 3290 1391 3346 de
1421 3294 1673 3352 omnibus
1711 3298 1986 3369 judicans.
2011 3305 2091 3364 Ex
2121 3315 2238 3369 tota

234 3371 439 3439 anima,
468 3370 601 3427 dum
629 3379 749 3430 tota
779 3375 899 3446 ejus
922 3376 1141 3454 affectio
1168 3378 1239 3434 ad
1271 3378 1446 3436 Deum
1481 3381 1817 3456 diligendum
1856 3389 2061 3458 feretur
2096 3412 2251 3454 con--

234 3459 404 3530 tinne,
431 3467 487 3516 et
514 3467 739 3536 propter
762 3463 941 3534 ipsum
964 3465 1148 3522 omnia
1170 3466 1490 3540 diligentur.
1519 3470 1601 3528 Ex
1632 3481 1750 3533 tota
1781 3476 2120 3551 fortitudine,
2145 3488 2234 3544 vel

229 3563 298 3603 ex
326 3549 584 3606 omnibus
610 3550 838 3620 virihuS,
870 3551 1003 3609 dum
1038 3553 1283 3611 omnium
1312 3558 1644 3616 exteriorum
1689 3570 1913 3622 actuum
1953 3571 2096 3628 ratio
2131 3574 2238 3631 erit

226 3635 329 3693 Dei
367 3637 612 3696 dilectio.
644 3640 747 3697 Hic
786 3647 871 3712 est
908 3657 1039 3716 ergo
1080 3643 1352 3704 secundus
1386 3649 1648 3723 perfectae
1677 3653 1986 3720 dilectionis
2034 3661 2237 3722 divinae

223 3726 445 3796 modus,
472 3727 570 3801 qui
590 3735 675 3788 est
703 3729 1007 3791 beatorum.
1827 3779 1832 3785 .
