2850 4517
462 363 589 431 240
943 379 997 426 a.
1038 373 1276 423 mom
1315 371 1643 428 Aemmms
1684 365 1998 420 orvedum
2036 353 2042 358 ’

466 497 735 575 quasdam
778 493 1135 572 purgatorias
1174 491 1494 562 confitetur,
1533 504 1724 548 eorum
1775 491 2067 561 duntaxat,
2113 489 2212 564 qui
2257 489 2329 550 de
2373 489 2486 550 hoc

467 589 671 648 saeculo
699 587 907 660 absque
938 589 1167 659 peccato
1193 580 1413 640 mortali
1457 595 1584 638 cum
1628 576 1917 636 charitatis
1956 577 2139 652 gratia
2179 579 2475 651 decedunt,

466 693 571 736 nec
599 691 725 734 oum
762 675 999 748 Origene
1034 685 1225 731 omnes
1265 683 1456 746 poenas
1491 669 1838 743 purgatorias
1884 670 2197 738 confltetur,
2242 671 2342 728 sed
2383 671 2485 747 qui

464 783 594 824 cum
642 769 872 841 peccato
926 762 1146 820 mortali
1188 761 1482 826 decedunt,
1526 773 1654 815 oum
1703 754 1921 814 diabolo
1965 754 2026 814 ‘et
2076 757 2301 832 Angelis
2361 761 2487 833 ejus

466 863 675 915 aeterno
697 853 989 912 confitetur
1016 849 1285 925 supplicio
1311 847 1658 906 cruciandos.
1677 845 1764 903 Ad
1792 845 2043 904 veritatis
2063 861 2193 918 ergo
2214 849 2484 905 assertio-

468 961 593 1002 nem
621 944 801 1018 primo
834 939 1295 998 considerandum
1322 941 1428 1005 est,
1460 935 1606 1010 quod
1635 933 1715 990 illi
1747 935 1843 1008 qui
1889 933 1948 991 in
1993 942 2221 1008 peccato
2258 937 2488 994 mortali

468 1033 763 1099 decedunt,
790 1031 981 1088 statim
1026 1029 1097 1086 ad
1142 1025 1433 1084 infernalia
1468 1022 1736 1097 supplicia
1765 1019 2072 1096 rapiuntur,
2103 1025 2251 1098 quod
2291 1033 2488 1100 aperte

470 1139 542 1178 ex
572 1119 871 1194 Evangelio
906 1117 1193 1192 probatur.
1223 1115 1442 1173 Dicitur
1484 1115 1633 1170 enim
1670 1111 1805 1170 Luc.
1835 1127 1958 1169 xvr.
1991 1126 2058 1169 ex
2106 1127 2200 1170 ore
2238 1115 2484 1186 Domini,

470 1208 619 1284 quod
649 1216 895 1266 mortuus
919 1212 1006 1264 est
1040 1205 1198 1265 dives
1224 1205 1407 1278 epulo,
1437 1209 1492 1260 et
1516 1201 1763 1274 sepultus
1796 1208 1854 1258 in
1875 1200 2109 1258 inferno.
2138 1201 2208 1260 Et
2243 1204 2312 1260 de
2347 1220 2491 1260 cru-

472 1300 623 1358 ciatu
648 1300 767 1371 ejus
790 1313 857 1354 ex
883 1296 1055 1370 ipsius
1082 1293 1425 1352 confessione
1463 1298 1713 1365 apparet,
1741 1291 1874 1347 dum
1899 1289 2063 1348 dicit:
2098 1291 2237 1358 Quia
2263 1293 2490 1350 crucior

474 1388 539 1444 in
580 1388 679 1444 hac
702 1389 940 1458 [lamma.
970 1384 1075 1442 Job
1105 1397 1326 1458 quoque
1352 1381 1423 1438 de
1459 1379 1645 1454 impiis
1673 1377 1832 1448 dicit,
1855 1376 1958 1436 lob
1985 1393 2093 1438 χχι
2127 1397 2141 1436 :
2173 1379 2391 1438 Ducum
2423 1379 2491 1438 in

476 1475 627 1532 bonis
647 1475 757 1530 dies
783 1479 985 1540 suos,ct
1012 1473 1073 1528 in
1093 1477 1293 1545 puncto
1308 1469 1379 1528 ad
1400 1470 1624 1544 inferna
1645 1469 1984 1526 descendunt.
2001 1469 2156 1537 Item,
2171 1469 2291 1526 Job.
2313 1487 2490 1528 xxn:

476 1563 585 1633 Qui
605 1563 847 1621 dicebant
872 1565 1021 1621 Deo:
1048 1560 1243 1621 Recede
1270 1577 1305 1617 α
1340 1559 1492 1617 nobis
1518 1563 1616 1617 etc.
1639 1557 1762 1617 Non
1789 1557 1966 1616 solum
1988 1565 2168 1616 autem
2200 1560 2353 1634 impii
2381 1575 2496 1636 pro

474 1654 720 1728 peccatis
748 1653 1000 1728 propriis,
1030 1650 1126 1709 sed
1152 1651 1319 1709 etiam
1342 1649 1481 1725 justi
1508 1658 1636 1708 ante
1663 1649 1972 1724 passionem
1995 1645 2190 1706 Christi
2218 1665 2317 1723 pro
2343 1667 2498 1723 pec-

474 1751 605 1803 cato
652 1743 812 1816 primi
854 1742 1102 1815 parentis
1142 1739 1205 1797 in
1242 1747 1418 1797 morte
1461 1739 1530 1796 ad
1579 1737 1784 1795 inferos
1833 1735 2236 1794 descendebant
2285 1755 2300 1794 z
2339 1739 2496 1797 unde

475 1833 647 1891 Jacob
668 1831 907 1898 dicebat,
932 1832 1073 1889 Gen.
1098 1844 1345 1888 xxxvn:
1372 1827 1695 1885 Descendam
1723 1826 1795 1883 ad
1815 1825 1998 1897 filium
2016 1841 2188 1884 meum
2216 1825 2397 1899 lupam
2425 1826 2497 1884 in

477 1921 773 1996 infernum,
801 1919 947 1976 unde
975 1921 1091 1993 ipse
1128 1920 1377 1976 Christus
1405 1917 1644 1974 moriens
1673 1916 1743 1972 ad
1772 1915 1984 1973 inferna
2012 1915 2314 1985 descendit,
2344 1924 2403 1974 ut
2427 1916 2494 1973 in

478 2010 735 2084 Symbolo
756 2009 1087 2076 continetur,
1114 2008 1260 2065 sicut
1286 2015 1414 2063 ante
1439 2021 1538 2079 per
1564 2003 1894 2077 Prophetam
1918 2005 2246 2077 praedictum
2274 2006 2488 2063 suerat:

477 2099 603 2164 Non
627 2099 957 2173 derelinques
982 2095 1225 2154 animam
1247 2111 1421 2152 meam
1456 2094 1516 2152 in
1544 2092 1782 2166 inferno,
1806 2092 1950 2150 Psal.
1981 2108 2083 2162 xv,
2117 2095 2266 2167 quod
2291 2095 2495 2152 Petrus

479 2187 533 2243 in
564 2187 777 2256 actibus
802 2177 871 2242 de
896 2186 1114 2243 Christo
1142 2185 1385 2264 exponit,
1416 2183 1549 2240 licet
1577 2182 1826 2240 Christus
1855 2181 1964 2239 alio
1994 2184 2156 2239 modo
2180 2183 2250 2240 ad
2275 2183 2496 2242 inferna

481 2275 825 2334 descenderit
852 2289 959 2330 non
989 2272 1149 2346 quasi
1187 2281 1414 2346 peccato
1443 2271 1729 2340 obnoxius,
1758 2272 1856 2328 sed
1894 2273 2042 2330 solus
2070 2272 2215 2330 inter
2243 2281 2498 2332 mortuos

481 2364 637 2431 liber,
671 2361 742 2420 ad
786 2364 891 2419 hoc
928 2361 1214 2419 descendit
1254 2368 1331 2430 ut,
1364 2361 1647 2436 expolians
1682 2361 2022 2436 principatus
2062 2367 2121 2420 et
2160 2357 2492 2438 potestateS,

480 2451 757 2525 captivam
780 2451 1005 2507 duceret
1026 2449 1428 2524 captivitatem,
1453 2448 1596 2507 sicut
1615 2465 1712 2523 per
1740 2449 1903 2508 zach.
1934 2451 2114 2509 fuerat
2139 2453 2492 2526 praedictum,

482 2539 647 2596 zach.
694 2553 799 2596 vr:
840 2539 922 2596 Tu
960 2533 1137 2596 autem
1172 2538 1235 2595 in
1272 2550 1531 2612 sanquine
1561 2537 1863 2596 testamenti
1899 2546 1984 2597 tm
2023 2541 2253 2599 emisisti
2288 2541 2498 2600 vinctos

484 2635 601 2686 tuos
616 2626 679 2684 de
702 2629 823 2684 lacu
842 2633 939 2684 etc.
965 2627 1070 2686 Sed
1095 2628 1227 2702 quia
1252 2627 1636 2686 miserationes
1660 2625 1760 2684 Dei
1783 2637 1911 2686 sunt
1936 2643 2102 2704 super
2122 2629 2304 2687 omnia
2323 2647 2500 2704 opera

482 2711 629 2790 ejus,
650 2717 984 2775 credendum
1011 2723 1095 2775 est
1118 2717 1293 2775 multo
1322 2717 1517 2791 magis,
1546 2713 1692 2791 quod
1731 2715 1810 2774 illi
1839 2718 1935 2792 qui
1963 2719 2090 2793 ,sine
2123 2717 2336 2777 macula
2364 2736 2501 2777 mo-

482 2807 720 2891 riuntur²
749 2807 940 2864 statim
965 2813 1188 2865 aeternae
1216 2807 1596 2864 retributionis
1625 2804 1935 2865 mercedem
1972 2807 2261 2882 recipiant.
2291 2807 2360 2864 Et
2387 2809 2502 2866 hoc

483 2895 705 2971 quidem
737 2896 1082 2955 evidentibus
1111 2895 1533 2955 auctoritatibus
1574 2896 1810 2953 maxime
1852 2893 2134 2968 probatur.
2173 2893 2321 2953 Dicit
2343 2897 2502 2956 enim

483 2989 674 3059 Apost.
705 2986 754 3042 ll
784 2986 968 3043 Corin.
990 3001 1050 3052 v,
1076 2999 1201 3042 cum
1232 2983 1568 3042 mentionem
1594 2985 1662 3064 de
1703 2981 2149 3043 tribulationibus
2175 2992 2501 3046 sanctorum

484 3073 703 3130 fecisset
742 3090 757 3128 t
798 3073 1001 3130 Scimus
1041 3072 1203 3139 enim,
1248 3071 1446 3145 inquit,
1493 3067 1630 3143 qnod
1669 3070 1718 3126 si
1762 3071 2042 3129 terrestris
2078 3071 2265 3130 domus
2304 3081 2504 3131 nostra

484 3163 643 3234 hujus
660 3160 1008 3219 habitationis
1034 3160 1379 3228 dissolvatur,
1404 3159 1544 3234 quod
1571 3157 1979 3232 certificationem
2003 3179 2069 3219 ex
2090 3161 2201 3221 Deo
2225 3165 2502 3234 habemus,

484 3250 695 3307 doniam
720 3265 829 3307 mm
850 3251 1240 3322 manufactam,
1263 3249 1353 3306 sed
1392 3255 1652 3306 aeternam
1688 3250 1748 3306 in
1771 3249 1932 3308 coelis.
1963 3251 2044 3309 Ex
2082 3251 2282 3327 quibus
2310 3253 2503 3312 verbis

484 3339 662 3414 prima
688 3339 831 3398 facie
851 3339 1115 3415 inspectis
1140 3339 1244 3396 hoc
1263 3337 1492 3396 videtur
1514 3337 1636 3395 elici
1663 3353 1844 3413 posse,
1867 3338 2015 3414 quod
2043 3341 2314 3401 dissoluto
2338 3359 2503 3400 mor-

486 3430 584 3486 tali
624 3443 873 3502 corpore,
916 3429 1081 3486 homo
1125 3427 1338 3486 coelesti
1381 3427 1556 3500 gloria
1589 3427 1876 3486 induatur.
1906 3429 2014 3487 Sed
2058 3436 2124 3488 nt
2169 3431 2259 3488 hic
2301 3447 2504 3490 sensus

486 3517 790 3575 evidentior
820 3518 936 3586 flat,
968 3514 1253 3590 sequentia
1280 3521 1701 3589 pertractemus·
1732 3517 1873 3588 Quia
1897 3519 2043 3576 enim
2069 3517 2179 3577 duo
2207 3536 2507 3595 proposue-

485 3614 594 3674 rat,
640 3605 853 3664 scilicet
894 3604 1307 3663 dissolutionem
1339 3603 1696 3662 habitationis
1739 3613 1994 3676 terrenae,
2039 3614 2096 3666 et
2144 3610 2508 3685 adoptionem

486 3695 683 3754 domus
704 3693 964 3763 coelestis,
1006 3693 1247 3751 ostendit
1288 3693 1563 3768 quomodo
1601 3692 1938 3754 desiderium
1977 3693 2215 3755 bominis
2241 3715 2300 3755 se
2329 3695 2508 3756 babet

486 3785 555 3842 ad
597 3791 911 3859 utrumque,
958 3799 1085 3842 cum
1112 3783 1353 3858 quadam
1394 3783 1734 3857 expositione
1777 3785 2085 3861 utriusque.
2133 3785 2288 3846 Unde
2320 3787 2510 3859 primo

486 3875 767 3948 subjungit
796 3875 867 3932 de
894 3872 1167 3931 desiderio
1203 3871 1446 3932 coelestis
1481 3871 1708 3944 domne,
1725 3877 1783 3931 et
1821 3873 1977 3946 dicit,
2009 3877 2139 3950 quia
2177 3876 2511 3949 ingemisci-

488 3963 693 4018 mus-in
718 3963 843 4032 bec,
870 3963 1077 4036 quoda
1098 3966 1285 4029 nostro
1308 3957 1584 4018 desiderio
1600 3963 1875 4046 ‘retardati
1902 3965 2154 4040 cupimus
2176 3959 2510 4038 superindui
