<?xml version="1.0" encoding="UTF-8"?>
<!DOCTYPE html PUBLIC "-//W3C//DTD XHTML 1.0 Transitional//EN"
    "http://www.w3.org/TR/xhtml1/DTD/xhtml1-transitional.dtd">
<html xmlns="http://www.w3.org/1999/xhtml" xml:lang="en" lang="en">
 <head>
  <title>
</title>
<meta http-equiv="Content-Type" content="text/html;charset=utf-8" />
  <meta name='ocr-system' content='tesseract 3.04.00' />
  <meta name='ocr-capabilities' content='ocr_page ocr_carea ocr_par ocr_line ocrx_word'/>
</head>
<body>
  <div class='ocr_page' id='page_1' title='image "./sthomaquinatisd02thomgoog_0513.png"; bbox 0 0 2850 4517; ppageno 0'>
   <div class='ocr_carea' id='block_1_1' title="bbox 719 359 2303 422">
    <p class='ocr_par' dir='ltr' id='par_1_1' title="bbox 719 359 2303 422">
     <span class='ocr_line' id='line_1_1' title="bbox 719 359 2303 422; baseline 0.001 -2"><span class='ocrx_word' id='word_1_1' title='bbox 719 375 786 420; x_wconf 86' lang='lat' dir='ltr'>x.</span> <span class='ocrx_word' id='word_1_2' title='bbox 817 391 898 406; x_wconf 90' lang='lat'>--</span> <span class='ocrx_word' id='word_1_3' title='bbox 923 375 1163 422; x_wconf 63' lang='lat' dir='ltr'>comma</span> <span class='ocrx_word' id='word_1_4' title='bbox 1203 376 1487 422; x_wconf 72' lang='lat' dir='ltr'>nnnonns</span> <span class='ocrx_word' id='word_1_5' title='bbox 1528 375 1888 420; x_wconf 69' lang='lat' dir='ltr'>GRAEcoRmoe</span> <span class='ocrx_word' id='word_1_6' title='bbox 2178 359 2303 422; x_wconf 72' lang='lat'>‘499</span> 
     </span>
    </p>
   </div>
   <div class='ocr_carea' id='block_1_2' title="bbox 286 490 2323 1717">
    <p class='ocr_par' dir='ltr' id='par_1_2' title="bbox 286 490 2323 1717">
     <span class='ocr_line' id='line_1_2' title="bbox 289 490 2303 565; baseline 0.001 -20"><span class='ocrx_word' id='word_1_7' title='bbox 289 509 318 545; x_wconf 71' lang='grc' dir='ltr'><strong>α</strong></span> <span class='ocrx_word' id='word_1_8' title='bbox 347 491 440 549; x_wconf 89' lang='lat' dir='ltr'>Sic</span> <span class='ocrx_word' id='word_1_9' title='bbox 475 491 705 565; x_wconf 87' lang='lat' dir='ltr'>spiritus</span> <span class='ocrx_word' id='word_1_10' title='bbox 739 496 824 547; x_wconf 88' lang='lat' dir='ltr'>est</span> <span class='ocrx_word' id='word_1_11' title='bbox 850 490 906 546; x_wconf 90' lang='lat' dir='ltr'>in</span> <span class='ocrx_word' id='word_1_12' title='bbox 934 491 1090 558; x_wconf 85' lang='lat' dir='ltr'>Filio,</span> <span class='ocrx_word' id='word_1_13' title='bbox 1118 492 1262 548; x_wconf 88' lang='lat' dir='ltr'>sicut</span> <span class='ocrx_word' id='word_1_14' title='bbox 1293 491 1493 548; x_wconf 83' lang='lat' dir='ltr'>fluvius</span> <span class='ocrx_word' id='word_1_15' title='bbox 1516 498 1601 548; x_wconf 87' lang='lat' dir='ltr'>est</span> <span class='ocrx_word' id='word_1_16' title='bbox 1628 493 1684 547; x_wconf 91' lang='lat' dir='ltr'>in</span> <span class='ocrx_word' id='word_1_17' title='bbox 1708 491 1858 549; x_wconf 82' lang='lat' dir='ltr'>fonte</span> <span class='ocrx_word' id='word_1_18' title='bbox 1890 509 1905 549; x_wconf 71' lang='grc' dir='ltr'><strong><em>ι</em></strong></span> <span class='ocrx_word' id='word_1_19' title='bbox 1935 496 1993 549; x_wconf 88' lang='lat' dir='ltr'>et</span> <span class='ocrx_word' id='word_1_20' title='bbox 2019 491 2188 549; x_wconf 88' lang='lat' dir='ltr'>Filius</span> <span class='ocrx_word' id='word_1_21' title='bbox 2216 498 2303 548; x_wconf 88' lang='lat' dir='ltr'>est</span> 
     </span>
     <span class='ocr_line' id='line_1_3' title="bbox 286 580 2303 655; baseline 0.001 -19"><span class='ocrx_word' id='word_1_22' title='bbox 286 580 344 636; x_wconf 91' lang='lat' dir='ltr'>in</span> <span class='ocrx_word' id='word_1_23' title='bbox 381 583 562 648; x_wconf 78' lang='lat' dir='ltr'>Patre,</span> <span class='ocrx_word' id='word_1_24' title='bbox 591 582 735 638; x_wconf 89' lang='lat' dir='ltr'>sicut</span> <span class='ocrx_word' id='word_1_25' title='bbox 760 580 1054 653; x_wconf 87' lang='lat' dir='ltr'>splendor</span> <span class='ocrx_word' id='word_1_26' title='bbox 1042 598 1098 636; x_wconf 86' lang='lat' dir='ltr'>m</span> <span class='ocrx_word' id='word_1_27' title='bbox 1126 581 1238 638; x_wconf 88' lang='lat' dir='ltr'>sole</span> <span class='ocrx_word' id='word_1_28' title='bbox 1267 581 1457 654; x_wconf 82' lang='lat' dir='ltr'>gloriae</span> <span class='ocrx_word' id='word_1_29' title='bbox 1484 596 1580 654; x_wconf 86' lang='lat' dir='ltr'>per</span> <span class='ocrx_word' id='word_1_30' title='bbox 1608 589 1903 639; x_wconf 85' lang='lat' dir='ltr'>naturam.</span> <span class='ocrx_word' id='word_1_31' title='bbox 1939 581 2020 638; x_wconf 85' lang='lat' dir='ltr'>sio</span> <span class='ocrx_word' id='word_1_32' title='bbox 2049 598 2147 655; x_wconf 86' lang='lat' dir='ltr'>per</span> <span class='ocrx_word' id='word_1_33' title='bbox 2170 598 2303 654; x_wconf 85' lang='lat' dir='ltr'>gra-</span> 
     </span>
     <span class='ocr_line' id='line_1_4' title="bbox 287 669 2323 744; baseline 0.001 -18"><span class='ocrx_word' id='word_1_34' title='bbox 287 669 423 726; x_wconf 86' lang='lat' dir='ltr'>tiam</span> <span class='ocrx_word' id='word_1_35' title='bbox 445 671 682 742; x_wconf 81' lang='lat' dir='ltr'><strong>Spiritus</strong></span> <span class='ocrx_word' id='word_1_36' title='bbox 709 669 887 728; x_wconf 86' lang='lat' dir='ltr'>sancti</span> <span class='ocrx_word' id='word_1_37' title='bbox 915 669 1074 726; x_wconf 89' lang='lat' dir='ltr'>electi</span> <span class='ocrx_word' id='word_1_38' title='bbox 1103 678 1230 728; x_wconf 86' lang='lat' dir='ltr'>sun-t</span> <span class='ocrx_word' id='word_1_39' title='bbox 1267 669 1322 726; x_wconf 89' lang='lat' dir='ltr'>in</span> <span class='ocrx_word' id='word_1_40' title='bbox 1353 671 1513 728; x_wconf 87' lang='lat' dir='ltr'>Patre</span> <span class='ocrx_word' id='word_1_41' title='bbox 1552 679 1609 726; x_wconf 89' lang='lat' dir='ltr'>et</span> <span class='ocrx_word' id='word_1_42' title='bbox 1636 671 1851 726; x_wconf 80' lang='lat' dir='ltr'>Filio.»</span> <span class='ocrx_word' id='word_1_43' title='bbox 1881 671 1987 726; x_wconf 91' lang='lat' dir='ltr'>Et</span> <span class='ocrx_word' id='word_1_44' title='bbox 1974 688 2031 726; x_wconf 78' lang='lat' dir='ltr'>in</span> <span class='ocrx_word' id='word_1_45' title='bbox 2069 669 2323 744; x_wconf 84' lang='lat' dir='ltr'>epistola</span> 
     </span>
     <span class='ocr_line' id='line_1_5' title="bbox 289 758 2306 832; baseline 0.001 -18"><span class='ocrx_word' id='word_1_46' title='bbox 289 759 358 816; x_wconf 88' lang='lat' dir='ltr'>ad</span> <span class='ocrx_word' id='word_1_47' title='bbox 381 759 732 830; x_wconf 89' lang='lat' dir='ltr'>Serapionem</span> <span class='ocrx_word' id='word_1_48' title='bbox 761 759 940 817; x_wconf 86' lang='lat' dir='ltr'>dicit:</span> <span class='ocrx_word' id='word_1_49' title='bbox 973 778 999 812; x_wconf 74' lang='grc' dir='ltr'>ι</span> <span class='ocrx_word' id='word_1_50' title='bbox 1038 758 1136 815; x_wconf 89' lang='lat' dir='ltr'>Est</span> <span class='ocrx_word' id='word_1_51' title='bbox 1175 759 1431 832; x_wconf 84' lang='lat' dir='ltr'>equidem</span> <span class='ocrx_word' id='word_1_52' title='bbox 1456 758 1627 816; x_wconf 86' lang='lat' dir='ltr'>Filius</span> <span class='ocrx_word' id='word_1_53' title='bbox 1656 761 1800 832; x_wconf 90' lang='lat' dir='ltr'>apud</span> <span class='ocrx_word' id='word_1_54' title='bbox 1836 761 2055 817; x_wconf 87' lang='lat' dir='ltr'>Patrem</span> <span class='ocrx_word' id='word_1_55' title='bbox 2087 760 2207 816; x_wconf 82' lang='lat' dir='ltr'>fons</span> <span class='ocrx_word' id='word_1_56' title='bbox 2244 765 2306 831; x_wconf 83' lang='lat' dir='ltr'>et</span> 
     </span>
     <span class='ocr_line' id='line_1_6' title="bbox 289 845 2303 920; baseline 0.001 -19"><span class='ocrx_word' id='word_1_57' title='bbox 289 847 400 914; x_wconf 85' lang='lat' dir='ltr'>lux,</span> <span class='ocrx_word' id='word_1_58' title='bbox 443 849 599 920; x_wconf 87' lang='lat' dir='ltr'>cujus</span> <span class='ocrx_word' id='word_1_59' title='bbox 643 847 810 902; x_wconf 82' lang='lat' dir='ltr'>sontis</span> <span class='ocrx_word' id='word_1_60' title='bbox 855 852 911 901; x_wconf 87' lang='lat' dir='ltr'>et</span> <span class='ocrx_word' id='word_1_61' title='bbox 952 845 1090 902; x_wconf 89' lang='lat' dir='ltr'>lucis</span> <span class='ocrx_word' id='word_1_62' title='bbox 1127 848 1362 920; x_wconf 85' lang='lat' dir='ltr'>Spiritus</span> <span class='ocrx_word' id='word_1_63' title='bbox 1409 855 1633 904; x_wconf 88' lang='lat' dir='ltr'>sanctus</span> <span class='ocrx_word' id='word_1_64' title='bbox 1674 855 1758 904; x_wconf 86' lang='lat' dir='ltr'>est</span> <span class='ocrx_word' id='word_1_65' title='bbox 1802 865 1965 906; x_wconf 85' lang='lat' dir='ltr'>verus</span> <span class='ocrx_word' id='word_1_66' title='bbox 2004 848 2203 905; x_wconf 88' lang='lat' dir='ltr'>fluvius</span> <span class='ocrx_word' id='word_1_67' title='bbox 2244 854 2303 907; x_wconf 90' lang='lat' dir='ltr'>et</span> 
     </span>
     <span class='ocr_line' id='line_1_7' title="bbox 289 934 2301 1010; baseline 0 -18"><span class='ocrx_word' id='word_1_68' title='bbox 289 936 544 1009; x_wconf 84' lang='lat' dir='ltr'>splendor</span> <span class='ocrx_word' id='word_1_69' title='bbox 566 943 790 993; x_wconf 84' lang='lat' dir='ltr'>aeternae</span> <span class='ocrx_word' id='word_1_70' title='bbox 817 935 1028 1006; x_wconf 84' lang='lat' dir='ltr'>gloriae.</span> <span class='ocrx_word' id='word_1_71' title='bbox 1064 954 1090 987; x_wconf 85' lang='lat'>»</span> <span class='ocrx_word' id='word_1_72' title='bbox 1111 935 1212 991; x_wconf 90' lang='lat' dir='ltr'>Et</span> <span class='ocrx_word' id='word_1_73' title='bbox 1200 953 1254 991; x_wconf 84' lang='lat' dir='ltr'>in</span> <span class='ocrx_word' id='word_1_74' title='bbox 1275 937 1467 992; x_wconf 88' lang='lat' dir='ltr'>eadem</span> <span class='ocrx_word' id='word_1_75' title='bbox 1492 934 1723 1010; x_wconf 88' lang='lat' dir='ltr'>epistola</span> <span class='ocrx_word' id='word_1_76' title='bbox 1750 937 1886 994; x_wconf 87' lang='lat' dir='ltr'>dicit</span> <span class='ocrx_word' id='word_1_77' title='bbox 1917 955 1930 992; x_wconf 91' lang='lat'>:</span> <span class='ocrx_word' id='word_1_78' title='bbox 1956 957 1983 992; x_wconf 74' lang='grc' dir='ltr'><strong>α</strong></span> <span class='ocrx_word' id='word_1_79' title='bbox 2006 939 2127 994; x_wconf 91' lang='lat' dir='ltr'>Non</span> <span class='ocrx_word' id='word_1_80' title='bbox 2156 938 2301 996; x_wconf 90' lang='lat' dir='ltr'>enim</span> 
     </span>
     <span class='ocr_line' id='line_1_8' title="bbox 289 1023 2301 1096; baseline 0 -14"><span class='ocrx_word' id='word_1_81' title='bbox 289 1027 523 1096; x_wconf 79' lang='lat' dir='ltr'>Spiritus</span> <span class='ocrx_word' id='word_1_82' title='bbox 541 1032 774 1082; x_wconf 80' lang='lat' dir='ltr'>&#39;sanctus</span> <span class='ocrx_word' id='word_1_83' title='bbox 797 1031 1056 1096; x_wconf 82' lang='lat' dir='ltr'>operatur</span> <span class='ocrx_word' id='word_1_84' title='bbox 1079 1023 1272 1082; x_wconf 91' lang='lat' dir='ltr'>in·Deo</span> <span class='ocrx_word' id='word_1_85' title='bbox 1297 1025 1513 1082; x_wconf 87' lang='lat' dir='ltr'>Christo</span> <span class='ocrx_word' id='word_1_86' title='bbox 1540 1025 1737 1092; x_wconf 84' lang='lat' dir='ltr'>Verbo,</span> <span class='ocrx_word' id='word_1_87' title='bbox 1766 1041 1865 1083; x_wconf 87' lang='lat' dir='ltr'>suo</span> <span class='ocrx_word' id='word_1_88' title='bbox 1899 1026 2110 1083; x_wconf 87' lang='lat' dir='ltr'>scilicet</span> <span class='ocrx_word' id='word_1_89' title='bbox 2134 1033 2301 1083; x_wconf 79' lang='lat' dir='ltr'>natu-</span> 
     </span>
     <span class='ocr_line' id='line_1_9' title="bbox 291 1112 2303 1189; baseline 0 -19"><span class='ocrx_word' id='word_1_90' title='bbox 291 1113 390 1170; x_wconf 87' lang='lat' dir='ltr'>rali</span> <span class='ocrx_word' id='word_1_91' title='bbox 416 1114 582 1181; x_wconf 82' lang='lat' dir='ltr'>fonte,</span> <span class='ocrx_word' id='word_1_92' title='bbox 617 1134 643 1166; x_wconf 74' lang='lat' dir='ltr'>x»</span> <span class='ocrx_word' id='word_1_93' title='bbox 674 1120 728 1170; x_wconf 90' lang='lat' dir='ltr'>et</span> <span class='ocrx_word' id='word_1_94' title='bbox 754 1113 895 1170; x_wconf 84' lang='lat' dir='ltr'>infra</span> <span class='ocrx_word' id='word_1_95' title='bbox 921 1130 934 1169; x_wconf 73' lang='grc' dir='ltr'><strong>ε</strong></span> <span class='ocrx_word' id='word_1_96' title='bbox 969 1133 996 1166; x_wconf 75' lang='grc' dir='ltr'><strong>α</strong></span> <span class='ocrx_word' id='word_1_97' title='bbox 1023 1112 1191 1170; x_wconf 89' lang='lat' dir='ltr'>Filius</span> <span class='ocrx_word' id='word_1_98' title='bbox 1220 1121 1274 1170; x_wconf 91' lang='lat' dir='ltr'>et</span> <span class='ocrx_word' id='word_1_99' title='bbox 1298 1114 1418 1171; x_wconf 83' lang='lat' dir='ltr'>fons</span> <span class='ocrx_word' id='word_1_100' title='bbox 1441 1114 1676 1186; x_wconf 86' lang='lat' dir='ltr'>Spiritus</span> <span class='ocrx_word' id='word_1_101' title='bbox 1712 1116 1889 1171; x_wconf 88' lang='lat' dir='ltr'>sancti</span> <span class='ocrx_word' id='word_1_102' title='bbox 1924 1124 2217 1189; x_wconf 87' lang='lat' dir='ltr'>utrumque</span> <span class='ocrx_word' id='word_1_103' title='bbox 2244 1115 2303 1170; x_wconf 91' lang='lat' dir='ltr'>in</span> 
     </span>
     <span class='ocr_line' id='line_1_10' title="bbox 291 1202 2301 1280; baseline 0 -22"><span class='ocrx_word' id='word_1_104' title='bbox 291 1219 348 1258; x_wconf 90' lang='lat' dir='ltr'>se</span> <span class='ocrx_word' id='word_1_105' title='bbox 389 1204 650 1269; x_wconf 87' lang='lat' dir='ltr'>continet,</span> <span class='ocrx_word' id='word_1_106' title='bbox 698 1205 914 1258; x_wconf 88' lang='lat' dir='ltr'>Patrem</span> <span class='ocrx_word' id='word_1_107' title='bbox 955 1202 1167 1258; x_wconf 88' lang='lat' dir='ltr'>scilicet</span> <span class='ocrx_word' id='word_1_108' title='bbox 1211 1208 1268 1260; x_wconf 87' lang='lat' dir='ltr'>et</span> <span class='ocrx_word' id='word_1_109' title='bbox 1303 1204 1588 1280; x_wconf 85' lang='lat' dir='ltr'>Spiritum,</span> <span class='ocrx_word' id='word_1_110' title='bbox 1622 1212 1855 1276; x_wconf 86' lang='lat' dir='ltr'>quorum</span> <span class='ocrx_word' id='word_1_111' title='bbox 1902 1205 2019 1278; x_wconf 91' lang='lat' dir='ltr'>ipse</span> <span class='ocrx_word' id='word_1_112' title='bbox 2062 1204 2301 1260; x_wconf 80' lang='lat' dir='ltr'>medium</span> 
     </span>
     <span class='ocr_line' id='line_1_11' title="bbox 291 1288 2303 1351; baseline 0 -4"><span class='ocrx_word' id='word_1_113' title='bbox 291 1291 538 1348; x_wconf 80' lang='lat' dir='ltr'>ordinem</span> <span class='ocrx_word' id='word_1_114' title='bbox 567 1298 734 1348; x_wconf 85' lang='lat' dir='ltr'>tenet.</span> <span class='ocrx_word' id='word_1_115' title='bbox 771 1311 798 1344; x_wconf 66' lang='lat' dir='ltr'>n</span> <span class='ocrx_word' id='word_1_116' title='bbox 822 1293 892 1348; x_wconf 88' lang='lat' dir='ltr'>Et</span> <span class='ocrx_word' id='word_1_117' title='bbox 916 1288 1064 1348; x_wconf 88' lang='lat' dir='ltr'>idem</span> <span class='ocrx_word' id='word_1_118' title='bbox 1089 1292 1422 1349; x_wconf 80' lang='lat' dir='ltr'><strong>Athanasius</strong></span> <span class='ocrx_word' id='word_1_119' title='bbox 1464 1293 1519 1348; x_wconf 91' lang='lat' dir='ltr'>in</span> <span class='ocrx_word' id='word_1_120' title='bbox 1548 1309 1797 1350; x_wconf 88' lang='lat' dir='ltr'>sermone</span> <span class='ocrx_word' id='word_1_121' title='bbox 1819 1293 1887 1350; x_wconf 92' lang='lat' dir='ltr'>de</span> <span class='ocrx_word' id='word_1_122' title='bbox 1928 1294 2303 1351; x_wconf 81' lang='lat' dir='ltr'>incarnatione</span> 
     </span>
     <span class='ocr_line' id='line_1_12' title="bbox 292 1379 2323 1459; baseline 0 -23"><span class='ocrx_word' id='word_1_123' title='bbox 292 1381 474 1448; x_wconf 84' lang='lat' dir='ltr'>Verbi,</span> <span class='ocrx_word' id='word_1_124' title='bbox 521 1381 654 1438; x_wconf 88' lang='lat' dir='ltr'>dicit</span> <span class='ocrx_word' id='word_1_125' title='bbox 697 1398 710 1436; x_wconf 72' lang='grc' dir='ltr'>ε</span> <span class='ocrx_word' id='word_1_126' title='bbox 755 1401 783 1434; x_wconf 80' lang='grc' dir='ltr'><strong>α</strong></span> <span class='ocrx_word' id='word_1_127' title='bbox 816 1381 994 1438; x_wconf 88' lang='lat' dir='ltr'>David</span> <span class='ocrx_word' id='word_1_128' title='bbox 1023 1381 1208 1455; x_wconf 88' lang='lat' dir='ltr'>psallit</span> <span class='ocrx_word' id='word_1_129' title='bbox 1249 1381 1449 1457; x_wconf 30' lang='lat' dir='ltr'>dicens,</span> <span class='ocrx_word' id='word_1_130' title='bbox 1479 1399 1492 1437; x_wconf 73' lang='grc' dir='ltr'><strong>ε</strong></span> <span class='ocrx_word' id='word_1_131' title='bbox 1525 1381 1787 1448; x_wconf 81' lang='lat' dir='ltr'>Quoniam</span> <span class='ocrx_word' id='word_1_132' title='bbox 1816 1382 1959 1459; x_wconf 69' lang='lat' dir='ltr'>apud</span> <span class='ocrx_word' id='word_1_133' title='bbox 1990 1391 2037 1441; x_wconf 86' lang='lat' dir='ltr'>te</span> <span class='ocrx_word' id='word_1_134' title='bbox 2065 1390 2142 1440; x_wconf 80' lang='lat' dir='ltr'>est</span> <span class='ocrx_word' id='word_1_135' title='bbox 2180 1379 2323 1454; x_wconf 61' lang='lat' dir='ltr'>fona</span> 
     </span>
     <span class='ocr_line' id='line_1_13' title="bbox 291 1461 2313 1544; baseline 0.002 -20"><span class='ocrx_word' id='word_1_136' title='bbox 291 1472 416 1526; x_wconf 79' lang='lat' dir='ltr'>vitoe</span> <span class='ocrx_word' id='word_1_137' title='bbox 469 1486 488 1528; x_wconf 87' lang='lat'>.·</span> <span class='ocrx_word' id='word_1_138' title='bbox 536 1471 794 1543; x_wconf 87' lang='lat' dir='ltr'>quoniam</span> <span class='ocrx_word' id='word_1_139' title='bbox 834 1471 1092 1543; x_wconf 84' lang='lat' dir='ltr'>equidem</span> <span class='ocrx_word' id='word_1_140' title='bbox 1134 1470 1280 1543; x_wconf 91' lang='lat' dir='ltr'>apud</span> <span class='ocrx_word' id='word_1_141' title='bbox 1316 1472 1536 1528; x_wconf 85' lang='lat' dir='ltr'>Patrem</span> <span class='ocrx_word' id='word_1_142' title='bbox 1576 1471 1743 1528; x_wconf 84' lang='lat' dir='ltr'>Filius</span> <span class='ocrx_word' id='word_1_143' title='bbox 1781 1480 1866 1528; x_wconf 79' lang='lat' dir='ltr'>est</span> <span class='ocrx_word' id='word_1_144' title='bbox 1905 1461 2027 1528; x_wconf 83' lang='lat' dir='ltr'>fons</span> <span class='ocrx_word' id='word_1_145' title='bbox 2066 1471 2313 1544; x_wconf 82' lang='lat' dir='ltr'>Spiritus</span> 
     </span>
     <span class='ocr_line' id='line_1_14' title="bbox 291 1558 2309 1634; baseline 0.001 -22"><span class='ocrx_word' id='word_1_146' title='bbox 291 1558 489 1614; x_wconf 85' lang='lat' dir='ltr'>sancti.</span> <span class='ocrx_word' id='word_1_147' title='bbox 521 1558 662 1630; x_wconf 74' lang='lat' dir='ltr'>»Ex</span> <span class='ocrx_word' id='word_1_148' title='bbox 691 1575 799 1634; x_wconf 91' lang='lat' dir='ltr'>quo</span> <span class='ocrx_word' id='word_1_149' title='bbox 825 1560 994 1616; x_wconf 86' lang='lat' dir='ltr'>etiam</span> <span class='ocrx_word' id='word_1_150' title='bbox 1031 1559 1282 1628; x_wconf 87' lang='lat' dir='ltr'>habetur,</span> <span class='ocrx_word' id='word_1_151' title='bbox 1315 1561 1461 1634; x_wconf 83' lang='lat' dir='ltr'>quod</span> <span class='ocrx_word' id='word_1_152' title='bbox 1499 1560 1669 1617; x_wconf 86' lang='lat' dir='ltr'>Filius</span> <span class='ocrx_word' id='word_1_153' title='bbox 1704 1561 1779 1617; x_wconf 81' lang='lat' dir='ltr'>sit</span> <span class='ocrx_word' id='word_1_154' title='bbox 1806 1559 2137 1634; x_wconf 89' lang='lat' dir='ltr'>principium</span> <span class='ocrx_word' id='word_1_155' title='bbox 2164 1558 2309 1631; x_wconf 21' lang='lat' dir='ltr'>*Spi-·.</span> 
     </span>
     <span class='ocr_line' id='line_1_15' title="bbox 293 1646 1661 1717; baseline -0.001 -13"><span class='ocrx_word' id='word_1_156' title='bbox 293 1646 434 1704; x_wconf 85' lang='lat' dir='ltr'>ritus</span> <span class='ocrx_word' id='word_1_157' title='bbox 455 1650 651 1717; x_wconf 82' lang='lat' dir='ltr'>sancti,</span> <span class='ocrx_word' id='word_1_158' title='bbox 677 1651 822 1705; x_wconf 87' lang='lat' dir='ltr'>sicut</span> <span class='ocrx_word' id='word_1_159' title='bbox 853 1663 885 1704; x_wconf 89' lang='lat' dir='ltr'>a</span> <span class='ocrx_word' id='word_1_160' title='bbox 909 1664 970 1704; x_wconf 91' lang='lat' dir='ltr'>se</span> <span class='ocrx_word' id='word_1_161' title='bbox 991 1647 1327 1706; x_wconf 85' lang='lat' dir='ltr'>aeternaliter</span> <span class='ocrx_word' id='word_1_162' title='bbox 1355 1649 1661 1704; x_wconf 59' lang='lat' dir='ltr'>existentis</span> 
     </span>
    </p>
   </div>
   <div class='ocr_carea' id='block_1_3' title="bbox 538 1795 2068 2014">
    <p class='ocr_par' dir='ltr' id='par_1_3' title="bbox 538 1795 2068 2014">
     <span class='ocr_line' id='line_1_16' title="bbox 538 1795 2068 1924; baseline -0.003 -15"><span class='ocrx_word' id='word_1_163' title='bbox 538 1795 856 1909; x_wconf 74' lang='lat' dir='ltr'>Conclusio</span> <span class='ocrx_word' id='word_1_164' title='bbox 885 1859 956 1906; x_wconf 73' lang='lat' dir='ltr'>ea&gt;</span> <span class='ocrx_word' id='word_1_165' title='bbox 984 1843 1274 1917; x_wconf 75' lang='lat' dir='ltr'>omnibus,</span> <span class='ocrx_word' id='word_1_166' title='bbox 1305 1843 1469 1924; x_wconf 78' lang='lat' dir='ltr'>quod</span> <span class='ocrx_word' id='word_1_167' title='bbox 1502 1839 1783 1922; x_wconf 67' lang='lat' dir='ltr'>Spiritus</span> <span class='ocrx_word' id='word_1_168' title='bbox 1819 1845 2068 1906; x_wconf 76' lang='lat' dir='ltr'>sanctus</span> 
     </span>
     <span class='ocr_line' id='line_1_17' title="bbox 1011 1931 1570 2014; baseline -0.004 -20"><span class='ocrx_word' id='word_1_169' title='bbox 1011 1932 1292 2014; x_wconf 74' lang='lat' dir='ltr'>procedit</span> <span class='ocrx_word' id='word_1_170' title='bbox 1319 1949 1358 1994; x_wconf 83' lang='lat' dir='ltr'>a</span> <span class='ocrx_word' id='word_1_171' title='bbox 1377 1931 1570 1994; x_wconf 75' lang='lat' dir='ltr'>Filio.</span> 
     </span>
    </p>
   </div>
   <div class='ocr_carea' id='block_1_4' title="bbox 290 2090 2313 3052">
    <p class='ocr_par' dir='ltr' id='par_1_4' title="bbox 290 2090 2313 3052">
     <span class='ocr_line' id='line_1_18' title="bbox 360 2090 2311 2164; baseline -0.001 -14"><span class='ocrx_word' id='word_1_172' title='bbox 360 2090 565 2150; x_wconf 84' lang='lat' dir='ltr'>Volunt</span> <span class='ocrx_word' id='word_1_173' title='bbox 597 2097 782 2148; x_wconf 88' lang='lat' dir='ltr'>autem</span> <span class='ocrx_word' id='word_1_174' title='bbox 811 2092 1039 2164; x_wconf 73' lang='lat' dir='ltr'>quidam</span> <span class='ocrx_word' id='word_1_175' title='bbox 1069 2092 1365 2148; x_wconf 79' lang='lat' dir='ltr'>adversarii</span> <span class='ocrx_word' id='word_1_176' title='bbox 1405 2091 1659 2148; x_wconf 85' lang='lat' dir='ltr'>veritatis</span> <span class='ocrx_word' id='word_1_177' title='bbox 1685 2096 1811 2164; x_wconf 88' lang='lat' dir='ltr'>post</span> <span class='ocrx_word' id='word_1_178' title='bbox 1842 2096 1925 2148; x_wconf 87' lang='lat' dir='ltr'>tot</span> <span class='ocrx_word' id='word_1_179' title='bbox 1967 2090 2311 2158; x_wconf 81' lang='lat' dir='ltr'>testimonia,-</span> 
     </span>
     <span class='ocr_line' id='line_1_19' title="bbox 290 2180 2301 2253; baseline -0.001 -13"><span class='ocrx_word' id='word_1_180' title='bbox 290 2197 439 2240; x_wconf 79' lang='lat' dir='ltr'>verae</span> <span class='ocrx_word' id='word_1_181' title='bbox 481 2181 605 2236; x_wconf 84' lang='lat' dir='ltr'>fidei</span> <span class='ocrx_word' id='word_1_182' title='bbox 649 2181 975 2236; x_wconf 82' lang='lat' dir='ltr'>confessioni</span> <span class='ocrx_word' id='word_1_183' title='bbox 1023 2182 1280 2238; x_wconf 83' lang='lat' dir='ltr'>resistere</span> <span class='ocrx_word' id='word_1_184' title='bbox 1307 2182 1571 2248; x_wconf 78' lang='lat' dir='ltr'>dicenteS‚</span> <span class='ocrx_word' id='word_1_185' title='bbox 1613 2180 1759 2252; x_wconf 84' lang='lat' dir='ltr'>quod</span> <span class='ocrx_word' id='word_1_186' title='bbox 1795 2180 2029 2253; x_wconf 88' lang='lat' dir='ltr'>Spiritus</span> <span class='ocrx_word' id='word_1_187' title='bbox 2058 2188 2301 2248; x_wconf 76' lang='lat' dir='ltr'>sanctuS,</span> 
     </span>
     <span class='ocr_line' id='line_1_20' title="bbox 295 2265 2310 2340; baseline 0.001 -18"><span class='ocrx_word' id='word_1_188' title='bbox 295 2268 546 2339; x_wconf 85' lang='lat' dir='ltr'>quamvis</span> <span class='ocrx_word' id='word_1_189' title='bbox 572 2267 832 2340; x_wconf 83' lang='lat' dir='ltr'>probetur</span> <span class='ocrx_word' id='word_1_190' title='bbox 859 2283 1001 2338; x_wconf 86' lang='lat' dir='ltr'>esse,</span> <span class='ocrx_word' id='word_1_191' title='bbox 1031 2269 1284 2335; x_wconf 80' lang='lat' dir='ltr'>existere,</span> <span class='ocrx_word' id='word_1_192' title='bbox 1317 2267 1535 2340; x_wconf 86' lang='lat' dir='ltr'>spirari,</span> <span class='ocrx_word' id='word_1_193' title='bbox 1568 2281 1839 2332; x_wconf 84' lang='lat' dir='ltr'>emanare,</span> <span class='ocrx_word' id='word_1_194' title='bbox 1884 2273 1941 2322; x_wconf 89' lang='lat' dir='ltr'>et</span> <span class='ocrx_word' id='word_1_195' title='bbox 1966 2265 2235 2340; x_wconf 83' lang='lat' dir='ltr'>profluere</span> <span class='ocrx_word' id='word_1_196' title='bbox 2270 2283 2310 2324; x_wconf 75' lang='lat' dir='ltr'>a</span> 
     </span>
     <span class='ocr_line' id='line_1_21' title="bbox 294 2355 2309 2429; baseline 0 -17"><span class='ocrx_word' id='word_1_197' title='bbox 294 2357 450 2421; x_wconf 86' lang='lat' dir='ltr'>Filio,</span> <span class='ocrx_word' id='word_1_198' title='bbox 492 2372 598 2412; x_wconf 88' lang='lat' dir='ltr'>nou</span> <span class='ocrx_word' id='word_1_199' title='bbox 647 2365 828 2414; x_wconf 85' lang='lat' dir='ltr'>tamen</span> <span class='ocrx_word' id='word_1_200' title='bbox 857 2363 942 2414; x_wconf 84' lang='lat' dir='ltr'>est</span> <span class='ocrx_word' id='word_1_201' title='bbox 983 2357 1409 2424; x_wconf 84' lang='lat' dir='ltr'>concedendum,</span> <span class='ocrx_word' id='word_1_202' title='bbox 1452 2357 1597 2429; x_wconf 86' lang='lat' dir='ltr'>quod</span> <span class='ocrx_word' id='word_1_203' title='bbox 1636 2371 1667 2411; x_wconf 98' lang='lat' dir='ltr'>a</span> <span class='ocrx_word' id='word_1_204' title='bbox 1701 2355 1836 2414; x_wconf 89' lang='lat' dir='ltr'>Filio</span> <span class='ocrx_word' id='word_1_205' title='bbox 1873 2356 2155 2429; x_wconf 84' lang='lat' dir='ltr'>procedat.</span> <span class='ocrx_word' id='word_1_206' title='bbox 2190 2357 2309 2414; x_wconf 85' lang='lat' dir='ltr'>Hoc</span> 
     </span>
     <span class='ocr_line' id='line_1_22' title="bbox 297 2445 2311 2522; baseline -0 -22"><span class='ocrx_word' id='word_1_207' title='bbox 297 2447 440 2500; x_wconf 88' lang='lat' dir='ltr'>enim</span> <span class='ocrx_word' id='word_1_208' title='bbox 487 2445 548 2502; x_wconf 85' lang='lat' dir='ltr'>in</span> <span class='ocrx_word' id='word_1_209' title='bbox 605 2446 751 2502; x_wconf 87' lang='lat' dir='ltr'>nulla</span> <span class='ocrx_word' id='word_1_210' title='bbox 798 2447 1204 2522; x_wconf 72' lang='lat' dir='ltr'>praemissarum</span> <span class='ocrx_word' id='word_1_211' title='bbox 1245 2445 1640 2504; x_wconf 85' lang='lat' dir='ltr'>auctoritatum</span> <span class='ocrx_word' id='word_1_212' title='bbox 1692 2447 2003 2502; x_wconf 81' lang='lat' dir='ltr'>continetur</span> <span class='ocrx_word' id='word_1_213' title='bbox 2057 2463 2071 2502; x_wconf 72' lang='grc' dir='ltr'><strong>ε</strong></span> <span class='ocrx_word' id='word_1_214' title='bbox 2128 2459 2311 2517; x_wconf 84' lang='lat' dir='ltr'>neque</span> 
     </span>
     <span class='ocr_line' id='line_1_23' title="bbox 297 2534 2312 2616; baseline 0 -26"><span class='ocrx_word' id='word_1_215' title='bbox 297 2536 463 2592; x_wconf 87' lang='lat' dir='ltr'>etiam</span> <span class='ocrx_word' id='word_1_216' title='bbox 489 2534 546 2590; x_wconf 89' lang='lat' dir='ltr'>in</span> <span class='ocrx_word' id='word_1_217' title='bbox 587 2536 918 2592; x_wconf 87' lang='lat' dir='ltr'>auctoritate</span> <span class='ocrx_word' id='word_1_218' title='bbox 959 2551 1131 2595; x_wconf 81' lang='lat' dir='ltr'>sacrae</span> <span class='ocrx_word' id='word_1_219' title='bbox 1162 2535 1478 2609; x_wconf 85' lang='lat' dir='ltr'>Scripturae,</span> <span class='ocrx_word' id='word_1_220' title='bbox 1528 2551 1653 2616; x_wconf 82' lang='lat' dir='ltr'>quae</span> <span class='ocrx_word' id='word_1_221' title='bbox 1690 2535 1954 2608; x_wconf 85' lang='lat' dir='ltr'>Spiritum</span> <span class='ocrx_word' id='word_1_222' title='bbox 1994 2542 2244 2592; x_wconf 82' lang='lat' dir='ltr'>sanctum</span> <span class='ocrx_word' id='word_1_223' title='bbox 2274 2548 2312 2590; x_wconf 75' lang='lat' dir='ltr'>a</span> 
     </span>
     <span class='ocr_line' id='line_1_24' title="bbox 297 2623 2309 2696; baseline -0.001 -16"><span class='ocrx_word' id='word_1_224' title='bbox 297 2625 456 2680; x_wconf 89' lang='lat' dir='ltr'>Patre</span> <span class='ocrx_word' id='word_1_225' title='bbox 490 2623 624 2680; x_wconf 89' lang='lat' dir='ltr'>dicit</span> <span class='ocrx_word' id='word_1_226' title='bbox 661 2623 976 2694; x_wconf 82' lang='lat' dir='ltr'>procedere,</span> <span class='ocrx_word' id='word_1_227' title='bbox 1018 2625 1165 2680; x_wconf 88' lang='lat' dir='ltr'>Patri</span> <span class='ocrx_word' id='word_1_228' title='bbox 1211 2626 1267 2680; x_wconf 91' lang='lat' dir='ltr'>in</span> <span class='ocrx_word' id='word_1_229' title='bbox 1311 2625 1414 2680; x_wconf 89' lang='lat' dir='ltr'>hoc</span> <span class='ocrx_word' id='word_1_230' title='bbox 1450 2623 1647 2680; x_wconf 89' lang='lat' dir='ltr'>Filium</span> <span class='ocrx_word' id='word_1_231' title='bbox 1676 2641 1783 2680; x_wconf 90' lang='lat' dir='ltr'>nou</span> <span class='ocrx_word' id='word_1_232' title='bbox 1818 2625 2151 2696; x_wconf 85' lang='lat' dir='ltr'>adjungens,</span> <span class='ocrx_word' id='word_1_233' title='bbox 2180 2639 2309 2678; x_wconf 89' lang='lat' dir='ltr'>cum</span> 
     </span>
     <span class='ocr_line' id='line_1_25' title="bbox 298 2710 2309 2784; baseline -0 -15"><span class='ocrx_word' id='word_1_234' title='bbox 298 2713 497 2770; x_wconf 88' lang='lat' dir='ltr'>dicitur</span> <span class='ocrx_word' id='word_1_235' title='bbox 535 2713 692 2768; x_wconf 86' lang='lat' dir='ltr'>Joan.</span> <span class='ocrx_word' id='word_1_236' title='bbox 723 2728 759 2766; x_wconf 85' lang='lat' dir='ltr'><strong>v</strong></span> <span class='ocrx_word' id='word_1_237' title='bbox 790 2728 804 2764; x_wconf 78' lang='lat' dir='ltr'><strong><em>z</em></strong></span> <span class='ocrx_word' id='word_1_238' title='bbox 839 2711 974 2768; x_wconf 83' lang='lat' dir='ltr'>Cum</span> <span class='ocrx_word' id='word_1_239' title='bbox 1009 2712 1216 2767; x_wconf 79' lang='lat' dir='ltr'>venerit</span> <span class='ocrx_word' id='word_1_240' title='bbox 1237 2710 1540 2783; x_wconf 74' lang='lat' dir='ltr'>paraclitus</span> <span class='ocrx_word' id='word_1_241' title='bbox 1560 2728 1711 2783; x_wconf 79' lang='lat' dir='ltr'>quem</span> <span class='ocrx_word' id='word_1_242' title='bbox 1738 2728 1827 2784; x_wconf 67' lang='lat' dir='ltr'>eqo</span> <span class='ocrx_word' id='word_1_243' title='bbox 1856 2713 2070 2769; x_wconf 80' lang='lat' dir='ltr'>mittam</span> <span class='ocrx_word' id='word_1_244' title='bbox 2098 2712 2241 2768; x_wconf 79' lang='lat' dir='ltr'>vobis</span> <span class='ocrx_word' id='word_1_245' title='bbox 2271 2728 2309 2768; x_wconf 80' lang='lat' dir='ltr'>a</span> 
     </span>
     <span class='ocr_line' id='line_1_26' title="bbox 295 2799 2312 2874; baseline -0.001 -16"><span class='ocrx_word' id='word_1_246' title='bbox 295 2801 488 2868; x_wconf 73' lang='lat' dir='ltr'>Patre,</span> <span class='ocrx_word' id='word_1_247' title='bbox 507 2802 763 2874; x_wconf 75' lang='lat' dir='ltr'>spiritum</span> <span class='ocrx_word' id='word_1_248' title='bbox 805 2800 1056 2858; x_wconf 71' lang='lat' dir='ltr'>veritatis</span> <span class='ocrx_word' id='word_1_249' title='bbox 1083 2801 1174 2872; x_wconf 79' lang='lat' dir='ltr'>qui</span> <span class='ocrx_word' id='word_1_250' title='bbox 1213 2816 1250 2855; x_wconf 83' lang='lat' dir='ltr'>a</span> <span class='ocrx_word' id='word_1_251' title='bbox 1287 2799 1458 2856; x_wconf 75' lang='lat' dir='ltr'>Patre</span> <span class='ocrx_word' id='word_1_252' title='bbox 1479 2799 1742 2872; x_wconf 79' lang='lat' dir='ltr'>procedit.</span> <span class='ocrx_word' id='word_1_253' title='bbox 1772 2799 2185 2859; x_wconf 76' lang='lat' dir='ltr'>ostendendum</span> <span class='ocrx_word' id='word_1_254' title='bbox 2222 2807 2312 2856; x_wconf 82' lang='lat' dir='ltr'>est</span> 
     </span>
     <span class='ocr_line' id='line_1_27' title="bbox 297 2889 2313 2966; baseline 0 -20"><span class='ocrx_word' id='word_1_255' title='bbox 297 2905 424 2962; x_wconf 83' lang='lat' dir='ltr'>ergo</span> <span class='ocrx_word' id='word_1_256' title='bbox 466 2891 612 2964; x_wconf 83' lang='lat' dir='ltr'>quod</span> <span class='ocrx_word' id='word_1_257' title='bbox 654 2907 720 2946; x_wconf 84' lang='lat' dir='ltr'>ex</span> <span class='ocrx_word' id='word_1_258' title='bbox 759 2890 1057 2962; x_wconf 78' lang='lat' dir='ltr'>praemissis</span> <span class='ocrx_word' id='word_1_259' title='bbox 1096 2890 1165 2945; x_wconf 89' lang='lat' dir='ltr'>de</span> <span class='ocrx_word' id='word_1_260' title='bbox 1206 2889 1533 2945; x_wconf 83' lang='lat' dir='ltr'>necessitate</span> <span class='ocrx_word' id='word_1_261' title='bbox 1574 2889 1843 2962; x_wconf 84' lang='lat' dir='ltr'>sequitur,</span> <span class='ocrx_word' id='word_1_262' title='bbox 1890 2891 2040 2966; x_wconf 85' lang='lat' dir='ltr'>quod</span> <span class='ocrx_word' id='word_1_263' title='bbox 2069 2891 2313 2963; x_wconf 73' lang='lat' dir='ltr'>Spiritus</span> 
     </span>
     <span class='ocr_line' id='line_1_28' title="bbox 297 2977 2307 3052; baseline 0 -17"><span class='ocrx_word' id='word_1_264' title='bbox 297 2988 518 3036; x_wconf 82' lang='lat' dir='ltr'>sanctus</span> <span class='ocrx_word' id='word_1_265' title='bbox 547 2979 806 3052; x_wconf 88' lang='lat' dir='ltr'>procedat</span> <span class='ocrx_word' id='word_1_266' title='bbox 852 2995 884 3035; x_wconf 99' lang='lat' dir='ltr'>a</span> <span class='ocrx_word' id='word_1_267' title='bbox 923 2979 1081 3035; x_wconf 84' lang='lat' dir='ltr'>Filio.</span> <span class='ocrx_word' id='word_1_268' title='bbox 1118 2977 1358 3036; x_wconf 84' lang='lat' dir='ltr'>Verbum</span> <span class='ocrx_word' id='word_1_269' title='bbox 1387 2977 1534 3034; x_wconf 90' lang='lat' dir='ltr'>enim</span> <span class='ocrx_word' id='word_1_270' title='bbox 1561 2979 1925 3051; x_wconf 86' lang='lat' dir='ltr'>processionis</span> <span class='ocrx_word' id='word_1_271' title='bbox 1952 2980 2095 3036; x_wconf 85' lang='lat' dir='ltr'>inter</span> <span class='ocrx_word' id='word_1_272' title='bbox 2123 2979 2307 3038; x_wconf 84' lang='lat' dir='ltr'>omnia</span> 
     </span>
    </p>
   </div>
   <div class='ocr_carea' id='block_1_5' title="bbox 282 3066 2308 3142">
    <p class='ocr_par' dir='ltr' id='par_1_5' title="bbox 282 3066 2308 3142">
     <span class='ocr_line' id='line_1_29' title="bbox 282 3066 2308 3142; baseline 0.001 -20"><span class='ocrx_word' id='word_1_273' title='bbox 282 3084 422 3142; x_wconf 85' lang='lat' dir='ltr'>·quae</span> <span class='ocrx_word' id='word_1_274' title='bbox 462 3069 532 3125; x_wconf 86' lang='lat' dir='ltr'>ad</span> <span class='ocrx_word' id='word_1_275' title='bbox 561 3069 826 3139; x_wconf 81' lang='lat' dir='ltr'>originem</span> <span class='ocrx_word' id='word_1_276' title='bbox 866 3068 1161 3140; x_wconf 79' lang='lat' dir='ltr'>pertinent,</span> <span class='ocrx_word' id='word_1_277' title='bbox 1204 3067 1379 3138; x_wconf 84' lang='lat' dir='ltr'>magis</span> <span class='ocrx_word' id='word_1_278' title='bbox 1420 3066 1697 3124; x_wconf 88' lang='lat' dir='ltr'>invenitur</span> <span class='ocrx_word' id='word_1_279' title='bbox 1738 3083 1859 3124; x_wconf 86' lang='lat' dir='ltr'>esse</span> <span class='ocrx_word' id='word_1_280' title='bbox 1901 3083 2207 3136; x_wconf 89' lang='lat' dir='ltr'>commune,</span> <span class='ocrx_word' id='word_1_281' title='bbox 2250 3074 2308 3124; x_wconf 89' lang='lat' dir='ltr'>et</span> 
     </span>
    </p>
   </div>
   <div class='ocr_carea' id='block_1_6' title="bbox 297 3154 2383 3672">
    <p class='ocr_par' dir='ltr' id='par_1_6' title="bbox 297 3154 2383 3672">
     <span class='ocr_line' id='line_1_30' title="bbox 297 3154 2383 3230; baseline 0.002 -18"><span class='ocrx_word' id='word_1_282' title='bbox 297 3159 477 3213; x_wconf 87' lang='lat' dir='ltr'>minus</span> <span class='ocrx_word' id='word_1_283' title='bbox 517 3157 738 3214; x_wconf 87' lang='lat' dir='ltr'>modum</span> <span class='ocrx_word' id='word_1_284' title='bbox 777 3156 1004 3228; x_wconf 84' lang='lat' dir='ltr'>originis</span> <span class='ocrx_word' id='word_1_285' title='bbox 1043 3155 1431 3212; x_wconf 86' lang='lat' dir='ltr'>determinare.</span> <span class='ocrx_word' id='word_1_286' title='bbox 1470 3154 1751 3228; x_wconf 87' lang='lat' dir='ltr'>Quidquid</span> <span class='ocrx_word' id='word_1_287' title='bbox 1788 3157 1935 3212; x_wconf 85' lang='lat' dir='ltr'>enim</span> <span class='ocrx_word' id='word_1_288' title='bbox 1980 3172 2313 3230; x_wconf 60' lang='lat' dir='ltr'>quocunque*</span> <span class='ocrx_word' id='word_1_289' title='bbox 2378 3209 2383 3216; x_wconf 91' lang='lat'><strong>.</strong></span> 
     </span>
     <span class='ocr_line' id='line_1_31' title="bbox 297 3245 2305 3320; baseline 0 -18"><span class='ocrx_word' id='word_1_290' title='bbox 297 3248 460 3303; x_wconf 89' lang='lat' dir='ltr'>modo</span> <span class='ocrx_word' id='word_1_291' title='bbox 487 3253 571 3303; x_wconf 86' lang='lat' dir='ltr'>est</span> <span class='ocrx_word' id='word_1_292' title='bbox 593 3247 662 3302; x_wconf 92' lang='lat' dir='ltr'>ab</span> <span class='ocrx_word' id='word_1_293' title='bbox 685 3245 888 3320; x_wconf 87' lang='lat' dir='ltr'>aliquo,</span> <span class='ocrx_word' id='word_1_294' title='bbox 911 3245 1208 3302; x_wconf 87' lang='lat' dir='ltr'>secundum</span> <span class='ocrx_word' id='word_1_295' title='bbox 1231 3250 1553 3316; x_wconf 82' lang='lat' dir='ltr'>consuetum</span> <span class='ocrx_word' id='word_1_296' title='bbox 1573 3245 1795 3302; x_wconf 85' lang='lat' dir='ltr'>modum</span> <span class='ocrx_word' id='word_1_297' title='bbox 1819 3245 2076 3319; x_wconf 89' lang='lat' dir='ltr'>loquendi</span> <span class='ocrx_word' id='word_1_298' title='bbox 2095 3245 2166 3303; x_wconf 86' lang='lat' dir='ltr'>ab</span> <span class='ocrx_word' id='word_1_299' title='bbox 2186 3247 2305 3320; x_wconf 90' lang='lat' dir='ltr'>ipso</span> 
     </span>
     <span class='ocr_line' id='line_1_32' title="bbox 299 3332 2308 3410; baseline 0 -20"><span class='ocrx_word' id='word_1_300' title='bbox 299 3335 594 3410; x_wconf 87' lang='lat' dir='ltr'>procedere</span> <span class='ocrx_word' id='word_1_301' title='bbox 627 3335 880 3402; x_wconf 75' lang='lat' dir='ltr'>dicimuS,</span> <span class='ocrx_word' id='word_1_302' title='bbox 907 3335 1023 3391; x_wconf 89' lang='lat' dir='ltr'>sive</span> <span class='ocrx_word' id='word_1_303' title='bbox 1050 3334 1125 3390; x_wconf 87' lang='lat' dir='ltr'>sit</span> <span class='ocrx_word' id='word_1_304' title='bbox 1153 3335 1224 3391; x_wconf 87' lang='lat' dir='ltr'>ab</span> <span class='ocrx_word' id='word_1_305' title='bbox 1248 3350 1315 3391; x_wconf 89' lang='lat' dir='ltr'>eo</span> <span class='ocrx_word' id='word_1_306' title='bbox 1343 3332 1689 3404; x_wconf 85' lang='lat' dir='ltr'>naturaliter,</span> <span class='ocrx_word' id='word_1_307' title='bbox 1718 3334 1861 3391; x_wconf 89' lang='lat' dir='ltr'>sicut</span> <span class='ocrx_word' id='word_1_308' title='bbox 1889 3337 2081 3391; x_wconf 85' lang='lat' dir='ltr'>Petrus</span> <span class='ocrx_word' id='word_1_309' title='bbox 2102 3336 2308 3392; x_wconf 85' lang='lat' dir='ltr'>dicitur</span> 
     </span>
     <span class='ocr_line' id='line_1_33' title="bbox 297 3421 2307 3495; baseline -0.001 -16"><span class='ocrx_word' id='word_1_310' title='bbox 297 3439 329 3480; x_wconf 90' lang='lat' dir='ltr'>a</span> <span class='ocrx_word' id='word_1_311' title='bbox 371 3438 470 3478; x_wconf 88' lang='lat' dir='ltr'>suo</span> <span class='ocrx_word' id='word_1_312' title='bbox 497 3428 654 3495; x_wconf 88' lang='lat' dir='ltr'>patre</span> <span class='ocrx_word' id='word_1_313' title='bbox 682 3422 1012 3495; x_wconf 87' lang='lat' dir='ltr'>processisse</span> <span class='ocrx_word' id='word_1_314' title='bbox 1049 3438 1064 3476; x_wconf 75' lang='grc' dir='ltr'><strong><em>ε</em></strong></span> <span class='ocrx_word' id='word_1_315' title='bbox 1099 3435 1199 3477; x_wconf 82' lang='lat' dir='ltr'>seu</span> <span class='ocrx_word' id='word_1_316' title='bbox 1225 3435 1529 3489; x_wconf 86' lang='lat' dir='ltr'>emanasse,</span> <span class='ocrx_word' id='word_1_317' title='bbox 1567 3421 1713 3477; x_wconf 86' lang='lat' dir='ltr'>sicut</span> <span class='ocrx_word' id='word_1_318' title='bbox 1754 3422 2029 3495; x_wconf 87' lang='lat' dir='ltr'>spiramen</span> <span class='ocrx_word' id='word_1_319' title='bbox 2057 3421 2307 3495; x_wconf 83' lang='lat' dir='ltr'>procedit</span> 
     </span>
     <span class='ocr_line' id='line_1_34' title="bbox 298 3509 2307 3584; baseline -0.001 -16"><span class='ocrx_word' id='word_1_320' title='bbox 298 3527 330 3568; x_wconf 90' lang='lat' dir='ltr'>a</span> <span class='ocrx_word' id='word_1_321' title='bbox 367 3512 610 3584; x_wconf 84' lang='lat' dir='ltr'>spirante</span> <span class='ocrx_word' id='word_1_322' title='bbox 653 3527 666 3566; x_wconf 71' lang='grc' dir='ltr'><strong>ε</strong></span> <span class='ocrx_word' id='word_1_323' title='bbox 711 3527 810 3567; x_wconf 88' lang='lat' dir='ltr'>seu</span> <span class='ocrx_word' id='word_1_324' title='bbox 840 3509 1132 3577; x_wconf 86' lang='lat' dir='ltr'>effluxisse,</span> <span class='ocrx_word' id='word_1_325' title='bbox 1163 3510 1308 3566; x_wconf 90' lang='lat' dir='ltr'>sicut</span> <span class='ocrx_word' id='word_1_326' title='bbox 1347 3511 1550 3566; x_wconf 85' lang='lat' dir='ltr'>fluvius</span> <span class='ocrx_word' id='word_1_327' title='bbox 1589 3511 1839 3583; x_wconf 88' lang='lat' dir='ltr'>procedit</span> <span class='ocrx_word' id='word_1_328' title='bbox 1867 3527 1899 3566; x_wconf 86' lang='lat' dir='ltr'>a</span> <span class='ocrx_word' id='word_1_329' title='bbox 1939 3511 2087 3568; x_wconf 87' lang='lat' dir='ltr'>sonte</span> <span class='ocrx_word' id='word_1_330' title='bbox 2127 3527 2140 3565; x_wconf 75' lang='grc' dir='ltr'><em>τ</em></span> <span class='ocrx_word' id='word_1_331' title='bbox 2188 3511 2307 3566; x_wconf 88' lang='lat' dir='ltr'>sive</span> 
     </span>
     <span class='ocr_line' id='line_1_35' title="bbox 298 3597 2301 3672; baseline -0 -18"><span class='ocrx_word' id='word_1_332' title='bbox 298 3599 676 3666; x_wconf 83' lang='lat' dir='ltr'>artificialiter,</span> <span class='ocrx_word' id='word_1_333' title='bbox 697 3599 840 3655; x_wconf 87' lang='lat' dir='ltr'>sicut</span> <span class='ocrx_word' id='word_1_334' title='bbox 853 3598 1047 3670; x_wconf 84' lang='lat' dir='ltr'>domus</span> <span class='ocrx_word' id='word_1_335' title='bbox 1061 3598 1309 3672; x_wconf 88' lang='lat' dir='ltr'>procedit</span> <span class='ocrx_word' id='word_1_336' title='bbox 1330 3597 1404 3654; x_wconf 86' lang='lat' dir='ltr'>ab</span> <span class='ocrx_word' id='word_1_337' title='bbox 1416 3597 1629 3655; x_wconf 86' lang='lat' dir='ltr'>artifice</span> <span class='ocrx_word' id='word_1_338' title='bbox 1646 3614 1661 3652; x_wconf 75' lang='grc' dir='ltr'><strong><em>ε</em></strong></span> <span class='ocrx_word' id='word_1_339' title='bbox 1682 3614 1781 3656; x_wconf 84' lang='lat' dir='ltr'>seu</span> <span class='ocrx_word' id='word_1_340' title='bbox 1800 3597 2045 3656; x_wconf 81' lang='lat' dir='ltr'>localiter</span> <span class='ocrx_word' id='word_1_341' title='bbox 2065 3604 2301 3666; x_wconf 86' lang='lat' dir='ltr'>tantum,</span> 
     </span>
    </p>
   </div>
   <div class='ocr_carea' id='block_1_7' title="bbox 296 3686 2400 3761">
    <p class='ocr_par' dir='ltr' id='par_1_7' title="bbox 296 3686 2400 3761">
     <span class='ocr_line' id='line_1_36' title="bbox 296 3686 2400 3761; baseline -0.001 -16"><span class='ocrx_word' id='word_1_342' title='bbox 296 3690 440 3745; x_wconf 88' lang='lat' dir='ltr'>sicut</span> <span class='ocrx_word' id='word_1_343' title='bbox 467 3703 698 3761; x_wconf 83' lang='lat' dir='ltr'>sponsus</span> <span class='ocrx_word' id='word_1_344' title='bbox 723 3687 924 3758; x_wconf 82' lang='lat' dir='ltr'>dicitur</span> <span class='ocrx_word' id='word_1_345' title='bbox 947 3687 1016 3742; x_wconf 90' lang='lat' dir='ltr'>de</span> <span class='ocrx_word' id='word_1_346' title='bbox 1047 3686 1285 3744; x_wconf 88' lang='lat' dir='ltr'>thalamo</span> <span class='ocrx_word' id='word_1_347' title='bbox 1321 3688 1643 3760; x_wconf 75' lang='lat' dir='ltr'>procedens,</span> <span class='ocrx_word' id='word_1_348' title='bbox 1666 3688 1788 3744; x_wconf 90' lang='lat' dir='ltr'>Non</span> <span class='ocrx_word' id='word_1_349' title='bbox 1816 3696 2003 3745; x_wconf 88' lang='lat' dir='ltr'>autem</span> <span class='ocrx_word' id='word_1_350' title='bbox 2034 3686 2313 3760; x_wconf 74' lang='lat' dir='ltr'>quidquid,</span> <span class='ocrx_word' id='word_1_351' title='bbox 2392 3705 2400 3711; x_wconf 62' lang='grc'><strong>’</strong></span> 
     </span>
    </p>
   </div>
   <div class='ocr_carea' id='block_1_8' title="bbox 295 3775 2314 3938">
    <p class='ocr_par' dir='ltr' id='par_1_8' title="bbox 295 3775 2314 3938">
     <span class='ocr_line' id='line_1_37' title="bbox 295 3775 2302 3850; baseline -0.002 -16"><span class='ocrx_word' id='word_1_352' title='bbox 295 3785 382 3834; x_wconf 88' lang='lat' dir='ltr'>est</span> <span class='ocrx_word' id='word_1_353' title='bbox 423 3776 494 3834; x_wconf 88' lang='lat' dir='ltr'>ab</span> <span class='ocrx_word' id='word_1_354' title='bbox 539 3777 647 3835; x_wconf 89' lang='lat' dir='ltr'>alio</span> <span class='ocrx_word' id='word_1_355' title='bbox 673 3791 1020 3850; x_wconf 88' lang='lat' dir='ltr'>quocumque</span> <span class='ocrx_word' id='word_1_356' title='bbox 1059 3775 1242 3845; x_wconf 76' lang='lat' dir='ltr'>modo,</span> <span class='ocrx_word' id='word_1_357' title='bbox 1270 3781 1454 3850; x_wconf 86' lang='lat' dir='ltr'>potest</span> <span class='ocrx_word' id='word_1_358' title='bbox 1494 3775 1605 3832; x_wconf 88' lang='lat' dir='ltr'>dici</span> <span class='ocrx_word' id='word_1_359' title='bbox 1642 3775 1860 3850; x_wconf 85' lang='lat' dir='ltr'>spirari,</span> <span class='ocrx_word' id='word_1_360' title='bbox 1906 3775 1991 3831; x_wconf 89' lang='lat' dir='ltr'>vel</span> <span class='ocrx_word' id='word_1_361' title='bbox 2029 3775 2302 3848; x_wconf 86' lang='lat' dir='ltr'>generari,</span> 
     </span>
     <span class='ocr_line' id='line_1_38' title="bbox 295 3861 2314 3938; baseline -0.002 -14"><span class='ocrx_word' id='word_1_362' title='bbox 295 3867 384 3924; x_wconf 84' lang='lat' dir='ltr'>vel</span> <span class='ocrx_word' id='word_1_363' title='bbox 411 3865 601 3934; x_wconf 86' lang='lat' dir='ltr'>fluere,</span> <span class='ocrx_word' id='word_1_364' title='bbox 631 3865 718 3923; x_wconf 85' lang='lat' dir='ltr'>vel</span> <span class='ocrx_word' id='word_1_365' title='bbox 749 3865 895 3922; x_wconf 87' lang='lat' dir='ltr'>mitti</span> <span class='ocrx_word' id='word_1_366' title='bbox 931 3881 947 3920; x_wconf 75' lang='lat' dir='ltr'>z</span> <span class='ocrx_word' id='word_1_367' title='bbox 977 3872 1034 3922; x_wconf 89' lang='lat' dir='ltr'>et</span> <span class='ocrx_word' id='word_1_368' title='bbox 1062 3872 1284 3938; x_wconf 85' lang='lat' dir='ltr'>propter</span> <span class='ocrx_word' id='word_1_369' title='bbox 1313 3864 1439 3935; x_wconf 88' lang='lat' dir='ltr'>hoc,</span> <span class='ocrx_word' id='word_1_370' title='bbox 1476 3864 1707 3925; x_wconf 86' lang='lat' dir='ltr'>verbum</span> <span class='ocrx_word' id='word_1_371' title='bbox 1742 3861 2314 3938; x_wconf 84' lang='lat' dir='ltr'>processionisetiam·</span> 
     </span>
    </p>
   </div>
  </div>
 </body>
</html>
