2850 4517
513 342 630 400 122
988 361 1040 403 s.
1085 359 1320 426 frnouAE
1357 357 1690 408 mumma
1728 356 2041 402 croscum

1159 553 1444 622 CAPUT
1464 573 1472 578 ·
1503 519 1866 621 CLXXIV.

598 699 682 764 In
700 715 818 781 quo
844 702 934 764 esc*
958 700 1203 764 miser-ia
1227 700 1488 764 hominis
1511 705 1809 782 quantum
1838 699 1921 764 ad
1930 716 2179 781 poenam
2204 699 2435 764 damni.

582 833 723 904 Quia
747 833 915 908 igitur
941 835 1163 892 miseria
1192 835 1263 906 ad
1289 851 1459 909 quam
1484 835 1637 893 ducit
1664 835 1895 904 malitia,
1926 835 2301 893 contrariatur
2338 832 2513 892 felici-

511 923 614 980 tati
657 922 726 979 ad
777 937 944 996 quam
983 923 1136 980 ducit
1173 924 1368 992 virtue,
1401 931 1619 998 oportet
1654 941 1719 982 ea
1757 941 1883 998 quae
1918 924 1990 984 ad
2037 925 2313 982 miseriam
2343 921 2509 996 perti-

511 1019 663 1078 nent,
687 1027 902 1068 sumere
927 1027 1023 1084 per
1057 1013 1368 1085 oppositum
1402 1029 1595 1072 eorum
1620 1030 1747 1088 quae
1782 1013 1852 1071 de
1882 1012 2150 1071 felicitate
2180 1018 2310 1071 sunt
2346 1013 2511 1070 dicta.

513 1101 736 1157 Dictum
759 1107 844 1156 est
873 1109 1058 1157 autem
1082 1102 1354 1174 superius,
1387 1103 1535 1176 quod
1564 1103 1761 1164 ultima
1798 1102 2035 1160 hominis
2076 1103 2313 1160 felicitas
2336 1090 2513 1176 quan-

513 1195 629 1246 tum
682 1190 752 1246 ad
804 1189 1141 1247 intellectum
1196 1191 1439 1264 quidem,
1484 1192 1736 1249 consistit
1790 1191 1847 1248 in
1896 1189 2059 1265 plena
2106 1191 2206 1247 Dei
2251 1192 2462 1248 visione
2498 1207 2513 1246 ι

513 1286 780 1355 quantum
806 1278 877 1335 ad
902 1279 1156 1336 affectum
1181 1279 1388 1338 veroin
1411 1280 1535 1350 hoc,
1555 1281 1701 1354 quod
1728 1280 1981 1337 voluntas
2001 1279 2237 1336 hominis
2260 1280 2317 1334 in
2341 1280 2517 1352 prima

513 1369 761 1425 bonitate
787 1368 862 1423 sit
889 1367 1240 1425 immobiliter
1269 1362 1506 1445 firmata,
1532 1371 1639 1427 erit
1675 1370 1843 1442 igitur
1872 1378 2119 1426 extrema
2153 1367 2379 1424 miseria
2415 1368 2521 1424 ho-

517 1457 681 1513 minis
703 1457 761 1513 in
786 1456 908 1525 hoc,
942 1457 1088 1530 quod
1114 1457 1424 1515 intellectus
1455 1459 1698 1516 totaliter
1721 1459 1907 1516 divino
1938 1457 2141 1514 lumine
2167 1457 2436 1530 privetur,
2464 1463 2521 1514 et

423 1541 433 1551 '
523 1546 751 1603 affectus
774 1561 808 1602 a
829 1545 930 1601 Dei
959 1545 1204 1603 bonitate
1225 1547 1501 1604 obstinate
1528 1554 1812 1605 avertatur
1838 1564 1854 1604 ε
1884 1553 1943 1603 et
1968 1547 2088 1604 haec
2118 1552 2203 1602 est
2244 1545 2522 1620 praecipua

523 1634 744 1691 miseria
771 1634 1174 1703 damnatorum,
1205 1651 1332 1709 quae
1360 1645 1588 1694 vocatur
1618 1653 1781 1710 poena
1814 1637 2023 1695 damni.
2053 1635 2521 1693 Considerandum

523 1731 704 1780 tamen
729 1730 832 1790 est,
859 1723 1007 1796 quod
1032 1740 1100 1780 ex
1127 1725 1461 1797 supradictis
1489 1733 1659 1799 patet,
1694 1725 1898 1783 malum
1926 1742 2036 1783 non
2072 1731 2255 1798 potest
2281 1723 2521 1781 totaliter

519 1810 807 1867 excludere
847 1810 1068 1877 bonum,
1117 1828 1242 1869 cum
1291 1829 1453 1870 omne
1490 1815 1695 1870 malum
1736 1814 1791 1870 in
1838 1814 2023 1888 aliquo
2056 1813 2199 1870 bono
2242 1813 2519 1870 fundetur.

519 1900 735 1956 Miseria
761 1899 926 1972 igitur
954 1902 1206 1974 quamvis
1231 1901 1642 1976 felicitati‚quae
1669 1902 1739 1960 ab
1766 1903 1913 1960 omni
1940 1901 2083 1960 malo
2108 1903 2213 1957 erit
2244 1901 2520 1970 immuniS,

521 1997 846 2062 opponatur,
877 1996 1092 2062 oportet
1123 1997 1303 2047 tamen
1332 1991 1482 2064 quod
1517 1992 1742 2048 inbono
1768 1998 1981 2048 naturae
2010 1990 2288 2046 fundetur.
2318 1991 2521 2046 Bonum

523 2084 710 2134 autem
731 2076 1116 2135 intellectualis
1141 2086 1353 2136 naturae
1381 2081 1437 2134 in
1462 2080 1566 2137 hoc
1592 2080 1862 2147 consistit,
1894 2080 2042 2153 quod
2071 2079 2383 2135 intellectus
2406 2092 2524 2134 res-

520 2165 690 2239 piciat
712 2183 924 2234 verum,
955 2175 1010 2224 et
1036 2167 1290 2224 voluntas
1320 2168 1513 2225 tendat
1542 2170 1598 2225 in
1627 2169 1851 2225 bonum.
1884 2169 2059 2226 Omne
2094 2176 2279 2226 autem
2312 2183 2520 2234 verum,

525 2261 582 2310 et
607 2270 768 2311 omne
787 2255 993 2311 bonum
1011 2255 1292 2313 derivatur
1321 2272 1352 2314 a
1370 2258 1550 2329 primo
1570 2264 1626 2314 et
1645 2273 1859 2314 summo
1878 2257 2041 2328 bono,
2065 2257 2210 2330 quod
2234 2259 2379 2314 Deus
2403 2264 2485 2312 est
2508 2272 2521 2309 :

523 2341 669 2397 unde
687 2348 904 2413 oportet
919 2343 1065 2415 quod
1082 2342 1391 2400 intellectus
1405 2345 1643 2402 hominis
1665 2347 1722 2402 in
1740 2346 1836 2403 illa
1854 2354 2101 2404 extrema
2116 2346 2340 2402 miseria
2362 2359 2527 2401 cons-

525 2428 697 2497 tituti,
717 2428 955 2503 aliquam
976 2431 1072 2486 Dei
1089 2432 1456 2503 cognitionem
1470 2434 1689 2503 habeat,
1704 2441 1761 2491 et
1776 2433 2019 2508 aliquam
2038 2435 2137 2492 Dei
2154 2433 2523 2502 dilectionem,

528 2517 830 2574 secundum
855 2518 1067 2575 scilicet
1093 2521 1238 2593 quod
1267 2530 1352 2578 est
1379 2522 1710 2596 principium
1744 2525 2077 2581 naturalium
2105 2523 2520 2596 perfectionum,

529 2623 655 2681 quae
696 2615 782 2663 est
811 2607 1077 2665 naturalis
1104 2608 1347 2677 dilecti0‚
1379 2627 1487 2668 non
1512 2619 1696 2669 autem
1734 2613 2035 2670 secundum
2069 2612 2216 2686 qued
2240 2612 2298 2668 in
2325 2627 2383 2669 se
2408 2611 2523 2684 ipso

526 2702 612 2753 est
639 2693 653 2751 ὲ
681 2711 860 2770 neque
901 2697 1200 2754 secundum
1227 2699 1374 2772 quod
1410 2706 1497 2758 est
1540 2701 1869 2775 principium
1896 2703 2185 2770 virtutum,
2216 2717 2315 2758 seu
2360 2702 2527 2758 etiam

529 2785 852 2857 gratiarum,
882 2793 938 2842 et
966 2802 1435 2862 quorumcumque
1469 2790 1752 2859 bonorum,
1783 2791 1985 2864 quibus
2013 2790 2398 2848 intellectualis
2426 2805 2529 2846 na·-

537 2881 659 2932 tura
685 2875 756 2933 ab
783 2876 901 2948 ipso
926 2876 1222 2949 perficitur,
1254 2895 1381 2952 quae
1411 2885 1497 2936 est
1523 2879 1785 2952 perfectio
1826 2879 2051 2936 virtutis
2078 2887 2135 2937 et
2179 2879 2389 2951 gloriae.
2416 2879 2529 2934 Nec

536 2971 720 3021 tamen
745 2964 992 3022 homines
1032 2966 1086 3022 in
1117 2967 1213 3024 tali
1260 2969 1481 3025 miseria
1516 2968 1819 3035 constituti,
1848 2967 2019 3026 libero
2055 2968 2283 3026 arbitrio
2318 2973 2525 3034 carent,

495 3093 514 3116 .
532 3052 784 3125 quamvis
805 3053 1042 3111 habeant
1071 3055 1408 3112 voluntatem
1434 3057 1784 3113 immobiliter
1812 3058 2085 3116 firmatam
2116 3058 2171 3115 in
2194 3057 2359 3124 malo,
2386 3056 2530 3112 sicut

529 3156 632 3196 nec
655 3140 823 3208 beati,
853 3141 983 3198 licet
1010 3142 1249 3200 habeant
1289 3144 1629 3202 voluntatem
1668 3145 1938 3204 firmatam
1985 3148 2040 3202 in
2076 3147 2239 3204 bono.
2280 3145 2529 3204 Libertas

531 3229 677 3283 enim
716 3228 928 3285 arbitrii
963 3233 1182 3305 proprie
1219 3232 1288 3290 ad
1325 3233 1647 3293 electionem
1692 3252 1753 3292 se
1792 3236 2078 3293 extendit:
2110 3233 2307 3293 electio
2344 3243 2531 3292 autem

534 3322 618 3372 est
659 3332 850 3373 eorum
876 3335 1002 3392 quae
1047 3327 1174 3376 sunt
1213 3321 1283 3378 ad
1331 3321 1513 3379 finem.
1545 3324 1780 3382 Ultimus
1817 3332 2003 3384 autem
2038 3325 2163 3381 finis
2202 3323 2529 3382 naturaliter

535 3406 812 3479 appel-itur
841 3407 910 3464 ab
933 3423 1296 3482 unoquoque:
1325 3411 1469 3466 unde
1492 3428 1680 3470 omnes
1713 3413 1961 3471 homines
1992 3430 2059 3470 ex
2088 3415 2190 3472 hoc
2220 3413 2368 3488 quod
2406 3417 2533 3469 sunt

536 3493 949 3564 intellectuales,
982 3504 1246 3572 appetunt
1273 3501 1595 3558 naturaliter
1630 3502 1949 3560 felicitatem
1974 3509 2235 3576 tanquam
2278 3503 2533 3560 ultimum

534 3583 717 3652 finem,
746 3591 802 3640 et
828 3585 966 3642 adeo
995 3586 1362 3656 immobiliter,
1396 3590 1544 3663 quod
1569 3590 1751 3647 nullus
1772 3601 1953 3664 potest·
1990 3593 2128 3649 velle
2166 3593 2283 3649 fieri
2324 3593 2530 3650 miser:

536 3689 638 3730 nec
663 3673 766 3730 hoc
813 3673 1052 3732 libertati
1101 3684 1367 3749 repugnat
1405 3679 1639 3750 arbitrii,
1665 3697 1791 3754 quae
1832 3697 1939 3736 non
1964 3698 2025 3738 se
2057 3683 2303 3739 extendit
2326 3684 2437 3738 nisi
2464 3683 2533 3739 ad

535 3779 602 3820 ea
630 3779 754 3836 quae
777 3771 905 3820 sunt
933 3765 1003 3821 ad
1036 3765 1220 3822 finem.
1250 3767 1408 3836 Quod
1435 3775 1619 3826 autem
1657 3770 1709 3824 in
1742 3770 1845 3826 hoc
1883 3770 2203 3843 particulari
2243 3771 2334 3828 hic
2372 3771 2535 3828 bomo

535 3851 784 3908 ultimam
816 3870 970 3911 suam
1005 3853 1344 3925 felicitatem,
1369 3857 1461 3914 ille
1488 3866 1675 3914 autem
1702 3858 1758 3914 in
1800 3859 1892 3916 illo
1919 3869 2106 3933 ponat,
2131 3877 2241 3917 non
2278 3859 2537 3919 convenit

534 3938 680 4007 hnic,
713 3950 808 3998 aut
844 3942 923 4000 illi
951 3943 1009 3999 in
1045 3953 1313 4017 quantum
1350 3954 1437 4004 est
1472 3946 1655 4017 homo,
1686 3963 1811 4005 cum
1848 3948 1907 4005 in
1946 3947 2041 4006 tali
2080 3949 2453 4007 aestimatione
2478 3955 2538 4006 et
