2850 4517
666 379 732 422 11.
766 385 859 407 ·-
898 354 1283 423 baccanum
1327 379 1570 425 ceum
1620 352 1875 430 cameos
2153 371 2272 434 233

264 497 331 554 de
360 495 548 568 aliquo
578 492 813 553 habente
846 493 1145 553 humanam
1176 500 1452 554 naturam.
1481 498 1637 554 Sicut
1667 499 1812 556 enim
1839 517 1947 558 non
1980 519 2270 576 possumus

266 586 465 652 dicere,
498 584 644 658 quod
682 587 875 640 Petrus
904 591 991 640 est
1033 584 1273 642 humana
1311 592 1526 652 natura,
1558 587 1655 642 sed
1697 586 1843 661 quod
1888 589 2182 661 esthemo,
2212 596 2268 650 in'

265 682 531 748 quantum
570 673 737 729 habet
782 672 1075 730 humanam
1113 680 1366 731 naturam
1412 693 1425 730 ε
1469 675 1546 731 ita
1589 693 1690 733 nec
1732 694 2022 750 possumus
2062 680 2263 752 dicere,

264 765 403 837 quod
436 763 537 820 Dei
566 763 805 820 Verbum
834 763 905 818 sit
938 762 1177 820 humana
1206 770 1425 830 natura,
1463 765 1560 820 sed
1601 766 1748 838 quod
1783 767 1947 823 habet
1974 768 2267 828 humanam

265 863 515 911 naturam
540 858 896 924 assumptam,
922 859 980 907 et
1001 869 1069 908 ex
1096 851 1199 909 hoc
1216 852 1417 908 dicitur
1442 852 1623 909 homo.
1646 855 1889 931 Utraque
1913 872 2064 930 ergo
2074 867 2268 916 natura

264 942 592 1015 praedicatur
636 940 705 996 de
736 940 913 1016 Verbo
954 939 1075 1007 Dei,
1106 941 1201 997 sed
1254 957 1363 997 una
1401 941 1456 998 in
1493 949 1750 998 concreto
1794 951 2038 1014 tantum,
2054 943 2268 1006 scilicet

262 1033 517 1098 humana,
550 1037 613 1087 ut
636 1045 761 1086 cum
790 1029 1041 1096 dicimuS,
1064 1029 1233 1086 Filius
1250 1030 1351 1086 Dei
1378 1037 1463 1087 est
1489 1030 1684 1088 homo:
1711 1032 1899 1089 divina
1919 1051 2048 1092 vero
2072 1045 2265 1095 natura

261 1123 396 1178 etin
427 1121 724 1188 abstract0,
752 1119 895 1174 etin
940 1127 1196 1176 concreto
1227 1117 1336 1176 dici
1375 1127 1576 1192 potest,
1609 1126 1670 1176 ut
1711 1121 1859 1194 quod
1901 1119 2139 1181 Verbum
2167 1125 2263 1182 Dei

260 1217 345 1266 est
384 1210 571 1267 divina
614 1208 871 1274 essentia,
900 1207 987 1264 vel
1032 1215 1247 1274 natura,
1294 1213 1349 1264 et
1391 1208 1538 1282 quod
1582 1217 1665 1266 est
1694 1209 1860 1266 Deus,
1903 1213 2040 1268 Cum
2082 1221 2267 1272 autem

186 1321 193 1330 ·
260 1301 407 1356 Deus
429 1299 502 1354 sit
526 1298 731 1355 habens
754 1297 999 1354 divinam
1040 1304 1315 1364 naturam,
1348 1303 1403 1354 et
1439 1297 1602 1353 homo
1625 1299 1937 1358 sit²habens
1973 1301 2266 1362 humanam

257 1397 662 1462 naturam,per
686 1386 805 1444 haec
832 1387 941 1443 duo
972 1385 1193 1444 nomina
1223 1387 1602 1458 significantur
1633 1389 1759 1446 duae
1802 1397 2017 1450 naturae
2039 1393 2263 1465 habitae,

257 1480 353 1535 sed
376 1493 517 1534 unus
537 1476 742 1535 habens
774 1483 1085 1550 utramque.
1116 1477 1185 1532 Et
1214 1493 1341 1532 cum
1381 1475 1589 1533 habens
1614 1484 1866 1535 naturam
1900 1481 1972 1536 sit
1999 1480 2268 1556 hyposta-

255 1567 351 1633 εἰς,
386 1567 528 1622 sicut
558 1566 611 1620 in
659 1565 877 1620 nomine
903 1565 1001 1621 Dei
1042 1563 1369 1637 intelligitur
1406 1565 1722 1640 hypostasis
1746 1567 1909 1626 Verbi
1952 1570 2070 1642 Dei,
2103 1573 2181 1631 ita
2211 1573 2265 1632 in

253 1655 475 1711 nomine
512 1654 748 1709 hominis
795 1651 1119 1726 intelligitur
1155 1653 1395 1710 Verbum
1424 1654 1545 1722 Dei,
1579 1655 1878 1712 secundum
1920 1659 2064 1730 quod
2099 1661 2266 1719 attri-

250 1743 441 1798 buitur
476 1743 714 1800 Christo.
740 1743 809 1798 Et
852 1743 933 1798 sic
978 1749 1130 1816 patet
1174 1742 1321 1816 quod
1361 1758 1460 1816 per
1500 1741 1608 1800 hoc
1642 1745 1788 1816 quod
1831 1745 2064 1804 dicimus
2092 1750 2264 1830 Deum

250 1833 533 1890 Christum
562 1840 619 1889 et
641 1831 936 1899 hommem
971 1843 1089 1887 non
1108 1831 1343 1904 dicimus
1383 1847 1511 1888 eum
1558 1848 1676 1890 esse
1719 1833 1846 1902 duo,
1878 1837 1972 1892 sed
2001 1855 2168 1896 unum
2209 1841 2265 1896 in

190 1961 197 1968 ·
248 1921 471 1978 duabus
518 1920 753 1977 naturis·
794 1919 935 1989 Quia
973 1935 1103 1976 vero
1132 1937 1197 1976 ea
1236 1935 1361 1994 quae
1396 1923 1730 1979 conveniunt
1763 1932 1995 1997 naturae,
2021 1928 2263 1990 attribui

248 2017 499 2086 possunt
510 2007 797 2082 hypostasi
820 2007 965 2063 illius
1008 2013 1265 2066 naturaet:
1292 2008 1604 2084 hypostasis
1633 2018 1820 2069 autem
1857 2020 1970 2070 tam
2010 2015 2262 2075 humanae

250 2107 489 2164 naturae,
524 2113 689 2171 quam
719 2096 921 2154 divinae
952 2097 1251 2154 includitur
1284 2105 1395 2155 tam
1420 2099 1476 2155 in
1501 2101 1720 2157 homine
1751 2101 2094 2174 significante
2119 2105 2264 2162 divi-

251 2205 382 2246 nam
418 2195 695 2266 naturam,
730 2202 897 2261 quam
930 2187 985 2241 in
1012 2185 1231 2254 homine
1263 2185 1606 2259 significante
1641 2189 1957 2256 humanam,
1995 2193 2144 2268 quod
2181 2201 2265 2252 est

252 2274 445 2334 eadem
474 2275 789 2350 hypostasis
814 2275 1020 2332 habens
1048 2282 1345 2360 'utramque
1381 2287 1656 2349 naturam,
1690 2295 2030 2355 consequens
2071 2270 2176 2352 est,
2200 2290 2270 2341 ut·

254 2377 369 2426 tam
405 2355 665 2436 humana,
711 2383 877 2440 quam
920 2365 1105 2426 divina
1148 2368 1518 2440 praedicentur
1559 2369 1627 2426 de
1672 2369 1765 2429 illa
1809 2371 2112 2448 hypostasi,
2165 2389 2263 2432 seu

256 2457 553 2515 secundum
582 2457 730 2530 quod
765 2456 1063 2513 includitur
1090 2457 1148 2512 in
1185 2457 1403 2514 nomine
1441 2457 1785 2530 significante
1827 2448 2075 2520 ‘divinam
2097 2469 2264 2521 natu-

254 2563 391 2616 ram,
420 2563 517 2604 seu
548 2545 845 2603 secundum
872 2547 1014 2619 quod
1041 2546 1341 2602 includitur
1368 2547 1423 2602 in
1450 2546 1672 2618 nomine
1695 2550 2037 2620 significante
2064 2552 2264 2610 huma-

256 2652 402 2694 nam.
429 2637 721 2692 Possumus
767 2635 913 2690 enim
958 2635 1161 2703 dicere,
1194 2635 1343 2709 quod
1385 2634 1534 2691 Deus
1573 2635 1830 2704 Verbum,
1862 2637 1964 2695 Dei
2004 2647 2090 2701 est
2127 2659 2264 2699 con-

258 2735 465 2799 ceptae,
519 2731 576 2782 et
622 2729 785 2780 natus
829 2723 897 2778 de
922 2713 935 2746 ²
954 2723 1208 2794 Virgine,
1261 2737 1490 2794 passae,
1550 2729 1846 2792 mortuus,
1887 2732 1944 2782 et
1991 2730 2258 2804 sepultuS‚

259 2814 620 2872 attribuentes
646 2811 933 2888 hypostasi
954 2810 1119 2866 Verbi
1149 2809 1387 2865 humana
1408 2815 1632 2882 propter
1660 2812 1955 2870 humanam
1982 2825 2259 2888 naturam,

258 2910 309 2959 et
328 2917 357 2958 e
374 2917 637 2958 con-verso
657 2911 949 2973 possumus
968 2895 1170 2962 dicere,
1195 2894 1343 2966 quod
1362 2894 1524 2951 homo
1544 2895 1636 2951 ille
1650 2905 1917 2956 estonum
1938 2917 2060 2956 cum
2082 2911 2257 2979 patre,

258 2999 311 3049 et
338 2990 488 3066 quod
510 2997 595 3046 est
618 2989 689 3046 ab
713 2993 941 3064 aeterno,
982 2989 1040 3039 et
1066 2981 1213 3058 quod
1242 2983 1452 3039 creavit
1485 2984 1752 3042 mundum
1775 2991 1997 3059 propter
2019 2989 2262 3054 divinam

259 3089 529 3164 naturam.
546 3079 607 3135 In
626 3077 713 3133 his
735 3091 865 3147 ergo
887 3080 1000 3130 tam
1024 3071 1257 3128 diversis
1276 3071 1344 3128 de
1365 3071 1581 3129 Christo
1601 3075 1964 3148 praedicandis
1982 3077 2261 3138 distinctio

258 3171 550 3239 invenitur,
584 3167 629 3222 si
659 3164 1037 3222 consideretur
1076 3160 1374 3217 secundum
1402 3161 1548 3235 quod
1579 3160 1686 3220 ista
1713 3164 1782 3221 de
1819 3165 2034 3225 Cbrlsto
2063 3169 2278 3226 dicun--

260 3270 369 3324 tur
396 3256 661 3330 Quaedam
690 3254 835 3310 enim
868 3251 1124 3306 dicuntur
1148 3249 1448 3306 secundum
1471 3250 1772 3324 humanam
1801 3262 2074 3330 naturam,
2100 3273 2275 3334 quaei

259 3351 382 3406 dam
407 3345 708 3404 secundum
744 3341 1007 3400 divinam.
1039 3341 1095 3398 Si
1125 3346 1311 3414 autem
1347 3331 1732 3400 consideretur
1745 3342 1814 3400 de
1842 3361 1952 3438 quo
1979 3347 2256 3417 dicuntur,

258 3436 573 3495 indistincte
614 3427 984 3508 proferuntur,
1034 3429 1165 3503 quia
1206 3429 1398 3485 eadem
1449 3435 1534 3486 est
1573 3427 1904 3506 hypostasiS,
1939 3410 2018 3492 de
2055 3452 2164 3510 qua
2205 3443 2263 3494 et

258 3528 460 3596 divina,
494 3531 551 3582 et
576 3525 817 3580 humana
840 3514 1115 3586 dicuntur,
1148 3526 1210 3574 ut
1234 3518 1281 3574 si
1305 3518 1487 3578 dicam
1515 3521 1662 3594 quod
1699 3523 1845 3579 idem
1868 3529 1952 3580 est
1977 3523 2140 3582 homo
2164 3528 2270 3601 qui‘

256 3615 425 3683 videt,
458 3623 515 3670 et
558 3610 731 3677 audit,
778 3605 875 3665 se'd
922 3621 1029 3662 non
1059 3605 1356 3661 secundum
1397 3606 1564 3689 idem.
1591 3609 1755 3666 Videt
1784 3612 1930 3668 enim
1958 3613 2260 3669 secundum

256 3703 460 3772 oculos,
493 3708 550 3758 et
580 3699 733 3757 audit
772 3695 1067 3754 secundum
1113 3709 1293 3751 aures.
1336 3694 1486 3751 idem
1528 3698 1695 3754 etiam
1738 3708 1822 3757 est
1862 3714 2082 3774 pomum
2111 3701 2258 3775 quod

255 3793 477 3852 videtur
502 3787 558 3850 et
595 3791 873 3856 odoratur,
904 3785 999 3842 sed
1043 3784 1148 3840 hoc
1175 3783 1395 3857 quidem
1424 3784 1625 3864 colore,
1670 3787 1801 3858 illud
1844 3795 2030 3847 autem
2067 3791 2254 3860 odore,

255 3877 472 3948 ratione
509 3878 669 3954 cujus
711 3876 893 3934 dicere
932 3889 1237 3951 possumus,
1284 3873 1429 3948 quod
1471 3875 1664 3946 videns
1705 3877 1984 3946 audit,1·et¹
2029 3879 2266 3937 audiens·

256 3969 431 4042 videt,
453 3966 519 4028 'e't
548 3965 727 4028 visum
748 3961 1029 4034 odoratur,
1051 3970 1107 4021 et
1126 3959 1422 4020 odoratum
1439 3957 1680 4024 videtur.
1702 3955 1774 4024 'Bt
1791 3957 2049 4026 'similiter
2074 3969 2274 4028 dicere‘
