2850 4517
391 343 511 406 364
869 358 923 403 s,
966 341 1201 401 'rixomn
1241 355 1569 407 Aonium-is
1613 355 1922 400 oensem».

393 484 449 534 et
474 475 802 534 charitatem
827 471 1111 540 hebente‘S,
1138 487 1366 544 peccare
1403 487 1511 528 non
1539 477 1788 545 possunt,
1830 471 1908 528 itu
1955 472 2103 545 quod
2145 481 2402 530 esserunt

392 583 489 624 eos
527 566 624 640 qui
671 563 967 637 aliquando
1007 568 1393 636 peccaverunt,
1425 577 1705 634 nunquam
1750 561 2081 618 charitatem
2124 562 2402 631 habuisse,

392 660 587 711 contra
627 667 766 725 quos
801 650 1007 707 dicitur
1036 667 1057 706 1
1094 653 1265 722 Apoc.
1296 667 1353 706 v1
1386 666 1400 704 ε
1432 649 1767 716 charitatem
1809 657 1960 706 tuam
2001 651 2242 722 primam
2269 653 2410 708 reli-

392 743 561 816 quisti
583 757 602 800 .·
626 757 826 798 memor
872 748 981 796 esto
1006 739 1187 812 itaque
1214 738 1355 795 unde
1394 737 1678 794 eaecideris.
1720 739 2089 795 Duodecimus
2132 756 2284 795 error
2321 747 2408 796 est

392 847 578 888 eorum
608 832 700 906 qui
730 846 797 886 ea
820 845 946 904 quae
972 829 1043 886 ab
1063 827 1309 886 Ecclesia
1334 829 1436 884 Dei
1465 828 1846 885 universaliter
1874 835 2005 884 sunt
2048 835 2276 894 statuta,
2311 828 2406 885 di·

390 926 525 978 cunt
548 935 656 976 non
682 935 801 976 esse
831 917 1193 984 observanda,
1219 917 1363 973 sicut
1386 915 1597 986 Ariani,
1621 917 1716 989 qui
1742 915 1934 972 dicunt
1957 922 2168 974 statuta
2190 911 2402 990 jejunia

391 1025 499 1066 non
528 1025 647 1066 esse
686 1007 1001 1065 solemniter
1040 1005 1383 1072 celebranda,
1416 1004 1516 1060 sed
1557 1019 1682 1061 cum
1721 1005 1848 1078 quis
1887 1005 2143 1074 voluerit,
2166 1009 2399 1079 jejunet,

392 1115 461 1156 ne
497 1098 750 1155 videatur
778 1111 899 1153 esse
942 1094 1045 1152 sub
1085 1093 1225 1165 lege.
1266 1095 1337 1152 Et
1363 1093 1510 1150 sicut
1535 1094 1980 1152 Tessarecatides
2014 1093 2073 1150 id
2110 1102 2196 1151 est
2222 1097 2403 1165 Quer-

394 1187 743 1253 todecimani‚
774 1184 869 1259 qui
897 1184 1090 1241 dicunt
1114 1184 1533 1257 quartadecima
1572 1183 1697 1240 luna
1725 1185 1934 1240 Pascha
1963 1200 2086 1241 esse
2115 1179 2402 1240 celebran-

394 1276 541 1345 dum,
572 1290 921 1350 quocumque
947 1273 1036 1329 die
1058 1273 1405 1363 septimanae
1406 1278 1763 1329 occurreret:
1796 1281 1851 1330 et
1887 1273 2081 1330 eadem
2130 1274 2271 1330 ratio
2317 1280 2404 1330 est

394 1365 461 1421 de
484 1365 921 1438 quibuscumque
948 1361 1018 1420 ab
1040 1361 1285 1418 Ecclesia
1312 1339 1557 1419 statutis.
1584 1362 1653 1417 Et
1680 1369 1872 1419 contra
1898 1377 2086 1420 omnes
2115 1364 2268 1430 istos„
2301 1379 2396 1418 er-

394 1469 544 1510 rores
571 1454 625 1509 in
654 1452 913 1524 Symbolo
935 1451 1321 1524 Apostolorum
1350 1450 1594 1507 dicitur.
1622 1451 1875 1509 Sanctam
1899 1453 2184 1508 Ecclesiam
2212 1453 2400 1508 catho-

391 1543 569 1608 licam,
606 1549 915 1599 sanctorum
961 1540 1397 1606 communionem,
1437 1538 1800 1595 remissionem
1831 1547 2179 1613 peccatorum.
2217 1541 2286 1595 Et
2333 1541 2391 1595 in

390 1629 647 1705 Symbolo
688 1637 907 1702 patrum
934 1629 1137 1684 dicitur
1169 1645 1183 1683 :
1216 1627 1323 1694 Qui
1362 1632 1563 1684 locutus
1591 1636 1668 1685 eet
1689 1631 2124 1702 per-prophetae,
2156 1635 2202 1684 et
2225 1645 2390 1684 unam

390 1726 627 1776 sanctam
684 1718 995 1775 catholicam
1040 1723 1093 1776 et
1138 1717 1476 1789 apostolicam
1533 1716 1845 1772 Ecclesia-m.
1907 1717 2175 1790 Goitfiteor
2227 1733 2396 1774 unum

392 1808 653 1880 baptisma
677 1807 737 1862 ia
770 1807 1134 1864 remissionem
1154 1810 1512 1876 peccatoram.

462 1896 698 1967 Quintus
744 1897 1007 1954 articulus
1050 1901 1135 1951 est
1164 1897 1233 1951 de
1256 1895 1656 1954 resurrectione
1680 1900 2040 1963 mortuorum,
2072 1895 2144 1951 de
2170 1911 2280 1968 quo
2309 1896 2401 1951 di-

390 1985 1028 2054 citur,1C0rinth.xvt
1074 1985 1277 2042 Omnes
1322 1985 1544 2058 quidem
1587 1999 1953 2056 resurgemuS,
1995 1993 2189 2040 contra
2237 2003 2398 2059 quem

391 2077 558 2132 etiam
584 2083 713 2132 sunt
736 2075 921 2149 plures
948 2089 1181 2139 errorem
1201 2089 1433 2146 quorum
1464 2073 1671 2146 primus
1698 2082 1783 2131 est
1812 2089 1962 2129 error
1990 2073 2284 2140 Valentini,
2303 2075 2397 2148 qui

392 2164 575 2220 carnis
608 2164 1062 2220 resurrectionem
1092 2163 1335 2234 negavit,
1370 2178 1535 2233 quem
1577 2163 1743 2218 etiam
1769 2161 1950 2234 plures
1987 2163 2234 2218 haeretici
2272 2169 2399 2218 sunt

391 2254 585 2322 secuti,
606 2262 797 2310 contre
821 2267 985 2327 quem
1016 2251 1283 2321 dicitur-,l
1306 2251 1518 2307 Corint.
1553 2251 1732 2306 xvzst
1761 2249 2008 2306 Christus
2035 2251 2396 2322 praedicatur,

392 2344 530 2414 qaod
554 2347 859 2396 resurrexit
880 2355 917 2395 a
946 2347 1198 2402 mortue-3,
1222 2338 1475 2410 quomodo
1497 2339 1714 2411 quidam
1749 2338 1934 2396 dicant
1970 2338 2031 2394 in
2075 2340 2239 2405 vobis,
2266 2357 2402 2411 quo-

392 2445 537 2484 mam
565 2430 887 2483 resurrectio
909 2433 1246 2482 mortuarum
1276 2441 1381 2482 aon
1414 2427 1538 2483 est?
1559 2427 1841 2484 Secundus
1877 2434 1962 2483 est
1999 2443 2153 2483 error
2191 2430 2402 2502 Hyme-

392 2519 493 2574 naei
524 2525 579 2574 et
605 2515 819 2585 Phileti,
846 2520 1038 2570 contra
1064 2530 1203 2587 quos
1232 2514 1367 2571 dicit
1390 2518 1584 2588 Apost.
1615 2517 1664 2572 ΙΙ
1693 2515 1895 2572 Timet.
1922 2532 1986 2584 11,
2015 2517 2162 2589 quod
2191 2535 2224 2572 a
2247 2518 2400 2571 veri-

390 2613 499 2663 tate
528 2604 857 2670 excideruut,
892 2603 1119 2660 dicentes
1142 2603 1592 2660 resurrectionem
1620 2621 1737 2676 qam
1764 2604 1986 2677 factam,
2019 2605 2101 2662 vol
2131 2606 2261 2679 quia
2289 2619 2396 2660 non

328 2693 685 2756 ,credebant
716 2692 1308 2764 aliosresurrecturoe,
1340 2692 1447 2748 nisi
1496 2692 1618 2750 illos
1660 2692 1756 2766 qui
1802 2708 1928 2749 cum
1960 2692 2175 2749 Christo
2211 2710 2399 2750 resur·

388 2789 666 2839 rexerunt.
682 2783 903 2838 Tertius
926 2788 1011 2838 est
1032 2797 1186 2838 error
1200 2782 1562 2854 quorumdem
1583 2782 1964 2838 haereticorum
1989 2783 2396 2850 modernorum,

391 2872 485 2945 qui
516 2872 707 2928 dicunt
728 2872 1187 2929 resurrectionem
1214 2879 1474 2937 suturam,
1505 2886 1616 2926 non
1647 2879 1828 2927 tamen
1853 2871 2170 2928 eorumdem
2198 2888 2401 2946 corpo-

392 2977 533 3029 rum,
555 2961 648 3018 sed
677 2960 825 3033 quod
854 2961 1053 3017 'animae
1075 2969 1349 3016 resument
1373 2961 1628 3032 quaedam
1655 2975 1884 3032 corpora
1912 2960 2178 3028 coelestia,
2205 2968 2401 3018 contra

391 3065 530 3124 quos
557 3053 754 3121 Apost.
784 3049 940 3117 dicit,
966 3052 989 3105 1
1019 3049 1264 3106 Corinth.
1296 3065 1375 3104 xv
1405 3065 1418 3104 ε
1447 3047 1666 3119 Oportet
1689 3047 2034 3119 corruptibile
2056 3049 2150 3104 hoc
2175 3049 2402 3105 induere

391 3137 871 3208 incommptionem,
899 3144 950 3194 et
980 3139 1205 3195 mortale
1240 3139 1335 3193 hoc
1374 3137 1598 3193 induere
1641 3137 2122 3194 immortalitatem.
2159 3139 2403 3209 Quartus

390 3231 475 3282 est
500 3239 652 3279 error
676 3224 939 3297 Eutychis
969 3227 1295 3298 patriarchae
1316 3225 1922 3298 constantinopolitani,
1949 3228 2041 3299 qui
2061 3229 2242 3299 posuit
2270 3242 2412 3283 cor-

390 3329 523 3388 pora
552 3313 741 3370 nostra
768 3313 825 3369 in
841 3316 1240 3371 resurrectione
1265 3314 1399 3382 aeri,
1412 3314 1501 3370 vel
1525 3324 1690 3371 vento
1720 3315 2130 3389 similar1,quod
2161 3316 2400 3387 Gregor.

388 3410 574 3461 narrat
616 3404 674 3460 in
712 3404 781 3458 ⁴4
809 3403 1121 3473 Moralium,
1167 3410 1359 3461 contra
1392 3419 1568 3478 ,quem
1611 3411 1722 3471 est,
1771 3403 1917 3476 quod
1967 3405 2232 3459 Dominus
2274 3411 2403 3476 post

386 3494 844 3550 resurrectionem
867 3507 1022 3548 suam
1046 3507 1245 3562 corpus
1269 3507 1429 3549 suum
1455 3491 1740 3566 discipulis
1765 3492 2093 3564 palpandum
2135 3493 2398 3564 praebuit,

388 3581 592 3650 dicens,
637 3583 772 3638 Luc.
815 3581 917 3638 ult.
949 3580 1233 3651 :Palpate,
1257 3588 1307 3635 et
1345 3583 1536 3647 videte,
1579 3597 1704 3637 cum
1756 3586 1941 3636 tamen
1984 3583 2178 3653 Apost.
2220 3580 2398 3649 dicat,

387 3670 524 3726 Phil.
552 3687 639 3738 ιιι,
670 3671 809 3743 qaod
834 3668 1150 3742 reformabit
1176 3685 1367 3740 corpus
1403 3669 1726 3727 humilitatis
1763 3677 1962 3726 nostrae
2003 3669 2404 3742 centiam-atum

388 3760 602 3830 corpori
624 3759 896 3816 claritatis
916 3775 1047 3815 cuce.
1080 3758 1315 3827 Quintus
1342 3773 1497 3815 error
1531 3766 1618 3816 est
1646 3760 1965 3825 dicentium,
1993 3759 2122 3831 quia
2163 3774 2404 3832 corpora

387 3847 665 3902 humana
650 3863 709 3902 m
731 3847 1131 3904 resurrectione
1164 3853 1448 3904 vertentur
1474 3849 1531 3905 in
1563 3849 1837 3922 spiritum,
1869 3856 2060 3904 contre
2085 3862 2226 3920 quos
2251 3847 2406 3902 dici-

390 3937 499 3998 tur,
530 3933 663 3988 Luc.
690 3933 841 3988 ult..
869 3935 1109 4007 Spiritus
1136 3951 1351 3993 carnem
1378 3943 1430 3994 et
1457 3952 1574 3994 ossa
1597 3952 1702 3996 non
1730 3936 1902 4002 habet,
1931 3936 2068 3994 sicut
2093 3951 2179 3992 me
2203 3933 2406 3992 videtis
