2850 4517
805 349 851 400 ι.
882 373 963 386 --
990 345 1393 408 contemmis
1444 352 1806 408 amomum
2189 335 2309 413 207‘

248 477 255 482 ·
304 474 507 541 sperat,
551 476 782 526 vocatur
821 472 1051 547 simplex
1089 475 1285 548 petitio
1317 493 1330 530 :
1362 477 1411 534 si
1448 482 1634 535 autem
1671 485 1859 550 sperat
1883 477 2018 536 illud
2053 480 2324 550 obtinere⁵

304 573 338 614 a
368 557 502 623 Deo,
528 564 759 616 vocatur
784 561 983 629 oratio,
1014 578 1142 638 quae
1168 569 1231 620 ut
1266 563 1524 623 Damaso.
1566 566 1721 632 dicit,
1752 572 1839 623 est
1884 569 2075 642 petitio
2100 570 2308 629 decen-

301 647 441 703 tium
468 662 501 704 a
524 648 660 706 Deo.
680 649 801 706 Non
824 659 1010 708 autem
1038 651 1108 709 ad
1133 652 1364 710 vitutem
1387 655 1506 727 spei
1531 655 1768 728 pertinet
1783 671 1930 729 speS‚
1952 673 2119 731 quam
2142 659 2307 718 habet

301 735 501 810 aliquis
546 736 617 794 de
656 738 857 811 seipso,
882 755 987 797 nec
1034 741 1203 799 etiam
1254 753 1420 817 quam
1461 743 1628 801 habet
1667 746 1738 800 de
1777 744 1887 802 aiio
1929 745 2168 816 homine,
2209 749 2304 806 sed

298 823 477 881 solum
516 841 643 898 spes
683 843 852 900 quam
890 827 1059 885 habet
1080 829 1151 887 de
1183 831 1340 900 Deo;
1372 831 1518 888 unde
1549 820 1772 904 dicitur,
1801 834 1950 890 Jere.
1979 849 2108 894 xvn
2134 853 2148 891 t
2178 835 2308 896 Μα-

299 913 521 970 ledictus
555 915 707 970 homo
739 908 833 988 qui
873 917 1091 990 confidit
1130 917 1194 975 in
1228 920 1460 986 homine,
1488 927 1541 979 et
1581 921 1738 994 ponit
1781 939 1997 980 carnem
2027 923 2306 983 brachium

295 1017 495 1059 ntum:
526 1008 581 1060 et
604 1010 729 1076 post
756 1005 1010 1062 subditur
1037 1024 1051 1061 ε
1082 1007 1400 1069 Benedictus
1422 1011 1574 1066 homo
1601 1010 1696 1084 qui
1714 1011 1941 1068 considit
1968 1013 2030 1069 in
2059 1014 2304 1082 Domino,

295 1098 348 1147 et
386 1091 499 1149 crit
525 1091 783 1150 Dominus
820 1095 1022 1166 fiducia
1049 1097 1182 1170 ejus.
1211 1098 1304 1156 Sic
1344 1099 1514 1171 igitur
1540 1115 1608 1157 ea
1647 1116 1772 1174 quae
1817 1101 2080 1160 Dominus
2107 1104 2163 1159 in
2205 1119 2305 1162 sua

294 1178 546 1237 oratione
577 1183 813 1254 petenda
844 1201 967 1242 esse
1004 1185 1211 1254 docuit,
1243 1188 1607 1246 ostenduntur
1637 1188 1844 1246 homini
1886 1203 2008 1248 esse
2049 1189 2306 1250 conside·

292 1269 471 1326 randa
499 1262 885 1342 possibilia,'et
914 1280 1096 1332 tamen
1136 1276 1329 1345 ardua,
1358 1283 1423 1334 ιιι
1446 1276 1518 1334 ad
1555 1293 1622 1335 ea
1662 1293 1772 1338 non
1809 1278 2051 1338 humana
2072 1281 2298 1352 virtute,

291 1358 391 1416 sed
421 1357 609 1417 divino
636 1361 839 1420 auxilio
862 1365 1233 1437 perveniatur.

1043 1536 1328 1607 CAPUT
1369 1538 1550 1609 vm.

281 1675 383 1739 Dc
401 1675 720 1754 petitione,
758 1676 829 1738 in
860 1695 985 1757 qua
1009 1677 1287 1742 docemur
1312 1677 1673 1755 desiderare,
1702 1681 1866 1762 quod
1887 1681 2154 1760 conuitio
2180 1684 2303 1748 Dei

358 1779 505 1844 qm
525 1769 615 1828 est
638 1764 709 1828 iu
731 1764 903 1828 nobis
925 1766 1232 1843 inchoata,
1250 1769 1640 1848 perficiatur,
1663 1773 1722 1834 et
1745 1770 1908 1851 quod
1927 1771 2037 1834 hoc
2054 1772 2142 1835 sit
2159 1789 2302 1852 pos·

356 1852 567 1916 sibile.

293 2040 307 2044 -
344 1977 599 2058 Oportet
620 1981 789 2056 igitur
812 1985 1163 2045 considerare
1188 1985 1448 2045 desiderii
1486 1989 1732 2045 ordinem
1759 2005 1829 2045 ex
1865 1988 2134 2048 charitate
2171 2003 2303 2065 pro-

279 2075 573 2141 deuntem,
608 2081 671 2130 ut
696 2075 999 2135 secundum
1023 2075 1131 2134 hoc
1157 2077 1326 2134 etiam
1362 2078 1759 2151 sperandorum
1793 2086 1850 2135 et
1883 2078 2242 2153 petendorum
2269 2095 2303 2138 a

279 2162 397 2220 Deo
432 2162 567 2218 ordo
598 2162 772 2237 accipi
797 2163 991 2236 possit.
1020 2164 1201 2223 Habet
1224 2172 1411 2223 autem
1439 2166 1544 2223 hoc
1567 2166 1702 2225 ordo
1728 2166 2038 2234 charitatis„
2071 2174 2132 2223 ut
2155 2168 2303 2225 Deus

280 2267 453 2326 super
476 2251 662 2310 omnia
682 2251 961 2324 diligatur.
984 2253 1053 2313 Et
1080 2255 1206 2312 ideo
1226 2255 1464 2329 primum
1486 2254 2092 2315 desideriumvnostrum
2117 2265 2302 2315 movet

281 2339 533 2398 charitas
555 2341 625 2398 ad
655 2355 721 2398 ea
747 2355 873 2416 quae
893 2351 1021 2400 sunt
1048 2341 1148 2400 Dei
1176 2343 1311 2400 :sed
1340 2359 1467 2421 cum
1495 2345 1830 2404 desiderium
1854 2345 1916 2402 fit
1944 2346 2071 2403 boni
2099 2346 2294 2416 futuri,

282 2430 399 2490 Deo
432 2436 617 2488 autem
653 2432 953 2488 secundum
985 2432 1221 2507 quod⁶in
1262 2448 1321 2490 se
1355 2433 1757 2503 consideratur,
1789 2433 1921 2490 nibil
1967 2435 2022 2491 in
2051 2435 2299 2493 futurum

284 2521 567 2589 adveniat,
598 2520 695 2577 sed
738 2521 1074 2580 aeternaiiter
1099 2523 1295 2583 eodem
1330 2524 1495 2581 modo
1526 2539 1587 2581 so
1615 2523 1816 2581 habeat
1846 2539 1861 2579 t
1893 2533 2141 2582 nostrum
2188 2541 2298 2584 non

240 2654 250 2665 .
281 2616 469 2682 potest
496 2607 627 2664 ferri
651 2607 721 2665 ad
748 2625 813 2668 ea
842 2626 967 2684 quae
988 2610 1089 2668 Dei
1114 2618 1243 2669 sunt
1269 2618 1434 2686 prout
1461 2612 1520 2668 in
1542 2613 1738 2686 seipsis
1763 2613 2202 2681 considerantur,
2235 2621 2299 2670 ut

282 2699 501 2754 scilicet
536 2698 685 2753 Deus
717 2697 901 2772 atiqua
930 2699 1075 2756 bona
1102 2699 1347 2756 obtineat
1369 2713 1498 2774 quae
1535 2715 1645 2756 non
1673 2699 1860 2756 habet.
1886 2701 1978 2758 Sic
2013 2710 2199 2760 autem
2225 2701 2295 2758 ad

282 2787 401 2860 ipsa
440 2787 618 2843 fertur
659 2793 845 2845 nostra
886 2787 1129 2853 dilectio,
1174 2793 1238 2843 ut
1276 2801 1343 2843 ea
1384 2793 1648 2859 tanquam
1690 2787 1982 2844 existentia
2027 2803 2297 2850 amemus·

281 2877 473 2933 Potest
501 2886 685 2933 tamen
710 2875 815 2933 hoc
842 2873 1145 2932 desiderari
1170 2873 1242 2930 de
1274 2874 1410 2940 Deo,
1443 2879 1506 2927 ut
1534 2873 1588 2928 in
1621 2872 1875 2945 opinione
1902 2880 1963 2931 et
1986 2878 2296 2954 reverentia

282 2965 530 3022 omnium
560 2964 959 3038 magnificetur,
986 2962 1082 3038 qui
1112 2963 1167 3018 in
1198 2961 1379 3036 seipso
1407 2976 1624 3034 semper
1661 2975 1892 3033 magnus
1929 2963 2118 3020 existit
2147 2981 2162 3018 ι
2190 2963 2297 3023 hoc

282 3061 471 3112 autem
502 3071 610 3110 non
654 3062 739 3112 est
780 3060 1056 3126 tanquam,
1082 3049 1419 3125 impossibile
1447 3049 1833 3123 reputandum.
1874 3051 2010 3108 Cum
2043 3053 2189 3111 enim
2224 3056 2294 3113 ad

282 3142 383 3202 hoc
422 3145 605 3200 factus
633 3144 706 3200 sit
734 3143 917 3211 homo,
950 3149 1013 3199 ut
1048 3139 1482 3214 magnitudinem
1519 3138 1766 3197 divinam
1793 3147 2108 3212 cognoscam
2135 3145 2184 3200 si
2223 3144 2293 3201 ad

280 3247 402 3289 eam
430 3232 843 3308 percipiendam
871 3231 1155 3304 pervenire
1180 3245 1289 3288 non
1318 3230 1512 3302 possit,
1539 3229 1820 3286 videretur
1847 3230 1902 3286 in
1930 3238 2132 3290 vanum
2159 3251 2294 3293 con·

281 3323 514 3378 stitutus
536 3337 677 3390 esse,
704 3325 897 3378 contra
920 3320 977 3378 id
1006 3320 1151 3394 quod
1176 3321 1229 3376 in
1258 3318 1401 3376 Psal.
1433 3333 1722 3387 Lxxxvur,
1753 3318 1988 3376 dicitur:
2015 3321 2294 3396 Numquid

282 3411 423 3468 enim
455 3423 595 3467 vane
618 3409 944 3467 constituisti
968 3425 1142 3466 omnes
1170 3408 1313 3481 filios
1344 3406 1664 3466 hominum?
1691 3408 1848 3468 Esset
1871 3425 2090 3484 quoquo
2129 3413 2292 3470 inane

282 3509 498 3559 naturae
546 3496 900 3565 desiderium,
944 3515 1055 3576 quo
1104 3513 1293 3556 omnes
1334 3497 1657 3556 naturaliter
1693 3498 2028 3565 desiderant,
2083 3499 2290 3575 aliquid

282 3600 617 3662 cognoscere
650 3588 720 3646 de
744 3586 946 3666 divinis
974 3605 989 3643 ε
1022 3587 1163 3644 unde
1203 3585 1385 3646 nullus
1411 3593 1516 3656 est,
1547 3588 1640 3661 qui
1672 3588 1770 3645 Dei
1799 3587 2110 3660 cognitione
2140 3594 2288 3646 tota-

283 3676 409 3734 liter
433 3678 701 3754 privetur,
723 3676 1027 3737 secundum
1053 3674 1185 3733 illud
1212 3674 1335 3734 Job.
1365 3687 1554 3736 xxxvi
1582 3694 1596 3732 ε
1624 3676 1813 3736 Omnes
1846 3674 2082 3734 homines
2105 3675 2289 3737 vident

282 3782 422 3829 eum.
466 3769 565 3828 Est
603 3775 785 3826 tamen
834 3767 935 3825 hoc
971 3765 1221 3835 arduum,
1269 3774 1333 3824 ut
1376 3781 1594 3824 omnem
1635 3767 1952 3828 facultatem
1991 3767 2286 3826 humanam

282 3857 535 3924 excedat,
565 3857 867 3916 secundum
904 3856 1037 3914 illud
1070 3855 1189 3915 Job.
1220 3871 1409 3918 xxxvr
1437 3873 1450 3912 ε
1483 3855 1617 3916 Ecce
1643 3856 1790 3914 Deus
1819 3873 2044 3930 maanus
2075 3857 2289 3916 vincens

280 3944 561 4003 scientiam
584 3951 825 4003 nostram
852 3963 867 4004 ε
894 3943 1036 4004 unde
1058 3946 1299 4019 cognitio
1333 3942 1539 4004 divinae
1553 3942 1952 4018 magnitudinis
1979 3949 2038 4002 et
2063 3943 2284 4007 bonita-
