2850 4517
546 350 638 395 Π.
665 367 746 379 -
770 320 852 395 nn
892 352 1311 399 rennncncnn
1352 353 1521 399 vrrAE
1571 353 1945 413 semirasus
2133 337 2250 399 291

238 469 325 526 ita
360 474 425 525 ut
462 474 663 524 montes
704 466 1060 540 transferam,
1090 469 1415 528 charitatem
1461 476 1642 527 autem
1678 486 1786 535 nen
1819 470 2074 537 habuere,
2111 469 2256 527 nihil

238 574 383 613 sum.
410 558 613 613 Beatus
639 556 809 613 etiam
834 558 991 615 Joan.
1021 558 1269 632 Apostol.
1302 564 1477 617 totam
1511 559 1685 618 vitam
1713 558 2053 633 spiritualem
2081 558 2138 616 in
2161 559 2254 615 di-

240 646 481 703 lectione
508 645 815 703 consistere
842 647 1043 703 asserit
1074 648 1283 719 dicem,
1314 648 1460 715 1,.10.
1491 663 1562 707 111
1587 666 1602 703 ε
1633 647 1745 708 Nos
1780 648 1976 705 scimus
2001 647 2254 721 quoniam

238 734 505 793 translati
526 751 710 791 sumus
736 736 801 791 de
824 742 995 793 morte
1022 736 1093 791 ad
1117 736 1305 802 vitam,
1334 736 1588 809 quoniam
1611 736 1882 810 diligimus
1903 738 2129 809 fratres.
2146 736 2256 803 Qui

237 840 349 879 non
381 824 587 896 diliyit,
615 832 796 883 manet
836 824 899 882 in
934 831 1125 882 morte.
1170 824 1505 898 Simpliciter
1545 842 1674 897 ergo
1715 827 1777 884 in,
1813 826 2088 900 spirituali
2135 825 2268 884 vita'

236 911 521 985 perfectus
543 920 647 987 est,
669 914 765 987 qui
806 919 893 970 est
918 913 977 981 in
998 913 1283 979 charitate
1304 913 1600 987 perfect-us·
1625 914 1936 977 Secundum
1971 914 2106 989 quid
2143 930 2253 971 au-

239 1007 356 1058 tem
385 1001 661 1073 perfectus
688 1002 800 1059 dici
822 1010 1024 1076 potest,
1051 1003 1351 1064 secundum
1376 1002 1778 1076 quodcumque,
1801 1003 1952 1075 qued
1973 1001 2252 1075 spirituali

238 1090 379 1147 vitae
401 1090 719 1163 adjungitur
751 1108 765 1146 ε
797 1092 945 1164 quod
973 1092 1256 1149 evidenter
1282 1108 1353 1148 ex
1391 1091 1578 1151 verbis
1598 1107 1776 1152 sacrae
1807 1090 2108 1164 'scripturae
2153 1106 2255 1163 οε·-ι

240 1177 398 1235 tendi
424 1185 624 1251 potest.
653 1182 847 1253 Apost.
886 1180 1032 1237 enim
1054 1181 1143 1238 ad
1182 1180 1389 1237 coloss·
1432 1196 1528 1249 ιιι,
1555 1181 1944 1255 perfectionem
1968 1182 2252 1255 principa·-

238 1267 371 1323 liter
407 1268 664 1325 charitati
694 1270 949 1325 attribuit
976 1288 991 1325 ε
1022 1270 1361 1335 enumeratis
1394 1270 1543 1327 enim
1570 1269 1760 1327 multis
1791 1257 2110 1337 virtutihuS,
2137 1271 2253 1327 sci-

238 1356 373 1412 licet
398 1358 789 1426 misericordia,
818 1359 1179 1431 benignitate,
1208 1366 1268 1416 et
1286 1358 1617 1427 humilitate,-
1649 1366 1759 1417 etc.
1789 1358 1991 1425 iterum
2019 1357 2250 1413 subdit:

239 1446 415 1519 Super
440 1446 617 1503 omnia
646 1454 825 1510 autem
854 1450 983 1516 hoec,
1008 1446 1327 1512 charitatem
1358 1448 1538 1506 habete
1563 1464 1682 1522 quae
1708 1455 1784 1505 est
1822 1448 2094 1511 vinculum
2114 1463 2254 1519 per-

238 1536 505 1606 fectionis,
526 1537 623 1594 sed
646 1543 703 1593 et
730 1541 1035 1597 secundum
1056 1538 1366 1596 intellectus
1392 1538 1764 1609 cognitionem
1791 1536 1962 1599 alicui
1990 1536 2260 1601 dicuntur,
2313 1550 2324 1557 ⁷

241 1640 365 1681 esse
408 1625 655 1697 perfecti.
704 1628 854 1684 Dicit
890 1629 1038 1685 enim
1074 1631 1267 1700 Apost.
1308 1643 1331 1685 1
1368 1626 1440 1686 ad
1477 1627 1602 1683 Cori
1649 1642 1754 1685 xiv
1791 1644 1807 1681 ε
1849 1626 2068 1684 Malitia
2105 1641 2255 1697 par-.-

240 1714 356 1768 vuli
394 1720 571 1780 estote,
600 1716 831 1773 sensibus
876 1724 1055 1775 autem
1088 1717 1336 1789 perfecti,
1368 1724 1425 1774 et
1451 1716 1597 1776 alibi
1617 1716 1696 1771 ⁴in
1732 1715 1926 1771 eadem
1965 1713 2200 1787 epistola
2231 1729 2248 1769 z

182 1865 191 1871 ,
240 1800 377 1857 Sitis
400 1808 573 1857 autem
594 1804 819 1876 perfecti
840 1804 899 1859 in
928 1805 1099 1860 eodem
1124 1821 1299 1871 sensu,
1332 1813 1385 1863 et
1418 1806 1481 1860 in
1503 1803 1680 1859 eadem
1720 1802 1964 1867 scientia,
1989 1816 2118 1857 cum
2157 1802 2249 1855 ta-

242 1905 369 1944 men
394 1890 537 1944 sicut
563 1891 770 1947 dictum
793 1900 894 1961 est,
926 1901 1434 1967 quantumcumque
1462 1892 1662 1965 aliquis
1704 1890 1904 1947 habeat
1944 1888 2247 1961 perfectam

240 1979 535 2034 scientiam
564 1980 681 2035 sine
721 1980 1008 2050 charitate,
1038 1982 1171 2037 nihil
1214 1998 1335 2039 esse
1366 1982 1668 2054 judicetur.
1698 1981 1787 2036 Sic
1825 1979 1993 2048 etiam
2016 1983 2074 2033 et
2118 1991 2249 2047 per-

240 2066 421 2123 fectus
450 2066 647 2142 aliquis
674 2070 784 2125 dici
822 2077 1023 2144 potest,
1050 2070 1335 2127 secundum
1353 2068 1692 2143 patientiam,
1717 2082 1832 2141 quoe
1864 2082 1994 2139 opus
2032 2065 2251 2137 perfec-

240 2162 357 2211 tum
386 2156 556 2223 habet,
582 2166 641 2215 ut
667 2159 803 2215 dicit
826 2160 1081 2229 lacobus,
1110 2168 1167 2217 et
1206 2160 1508 2217 secundum
1537 2171 1912 2233 quascumque
1958 2155 2096 2213 alias
2130 2154 2250 2223 vir-

243 2251 395 2301 tutes
426 2262 439 2297 :
466 2262 566 2301 nec
592 2248 753 2305 debet
790 2248 895 2304 hoc
922 2250 1123 2305 mirum
1148 2248 1344 2317 videri,
1373 2250 1506 2322 quia
1539 2249 1708 2305 etiam
1748 2246 1802 2301 in
1839 2244 1998 2303 malis
2046 2242 2251 2315 aliquis
2323 2234 2332 2245 ’

240 2333 449 2391 dicitur
476 2351 594 2391 esse
620 2338 915 2410 perfectuS,
942 2338 1087 2395 sicut
1111 2338 1313 2395 dicitur
1341 2337 1542 2411 aliquis
1564 2336 1840 2409 perfectus
1863 2335 1952 2391 fur
1979 2339 2076 2389 aut
2104 2332 2248 2394 latro

242 2431 299 2479 et
319 2424 427 2479 hoc
467 2425 633 2489 etiam
679 2426 841 2482 modo
880 2426 1139 2499 loquendi
1174 2428 1455 2493 interdum
1491 2428 1772 2500 Scriptura
1809 2425 2001 2491 utitur,
2031 2422 2250 2478 Dicitur

240 2512 391 2567 enim
414 2514 518 2569 Isa.
545 2530 719 2571 xxxu
748 2534 762 2571 ε
796 2515 907 2573 Gor
926 2516 1081 2573 stulti
1110 2516 1272 2589 faciet
1300 2516 1666 2591 iniquitatem,
1681 2521 1746 2573 ut
1763 2513 2015 2587 perficiat
2032 2510 2258 2580 simul&

241 2601 457 2657 tionem.

1029 2777 1314 2845 CAPUT
1336 2728 1347 2759 ³
1376 2778 1464 2843 11.

289 2918 473 2994 Quod
492 2918 781 2997 perfectio
809 2918 1150 2983 attenditur
1179 2922 1303 2981 tam
1324 2914 1644 3020 secundum
1668 2912 2038 2977 dilectionem
2065 2912 2207 2987 Dei,

1000 3018 1183 3088 'quam
1196 3023 1493 3087 promzmz.

316 3140 654 3197 perfectione
698 3146 885 3197 autem
924 3140 1072 3200 circa
1099 3139 1424 3197 charitatem
1466 3137 1841 3212 principaliter
1879 3130 2248 3206 considerata,

240 3232 411 3303 plane
437 3230 609 3302 accipi
632 3236 815 3302 potest
842 3230 897 3289 in
923 3244 1033 3301 quo
1052 3230 1314 3302 perfectio
1343 3227 1648 3306 spiritualis
1661 3227 1791 3284 vitae
1809 3226 2094 3283 consistat.
2111 3228 2251 3283 Sunt

244 3310 395 3375 enim
425 3318 533 3374 duo
566 3325 841 3391 praecepta
878 3318 1184 3387 charitatiS,
1214 3333 1464 3392 quorum.
1492 3332 1658 3373 unum
1686 3316 1924 3389 pertinet
1961 3314 2033 3370 ad
2075 3314 2251 3371 dilec-

245 3409 455 3465 tionem
496 3407 615 3474 Dei,
650 3406 797 3462 aliud
834 3416 1019 3464 autem
1062 3408 1131 3463 ad
1169 3408 1522 3463 dilectionem
1559 3405 1809 3479 proximi.
1850 3404 1985 3473 Quae
2025 3402 2249 3475 quidem

243 3499 357 3553 duo
382 3502 659 3569 praecepta
700 3496 947 3552 ordinem
985 3496 1279 3570 quemdam
1324 3498 1391 3553 ad
1422 3496 1658 3552 invicem
1692 3494 1915 3559 habent,
1947 3491 2248 3547 secundum

242 3586 496 3641 ordinem
519 3584 808 3643 charitatis
837 3602 850 3639 z
882 3601 1011 3641 nam
1039 3585 1114 3651 id,
1148 3585 1293 3657 quod
1323 3583 1694 3655 principaliter
1716 3583 1986 3639 charitate
2005 3580 2252 3650 ‚diligen—

240 3676 379 3729 dum
423 3678 525 3738 est,
552 3681 609 3728 et
648 3689 925 3729 summum
975 3674 1197 3743 bonum,
1223 3670 1374 3744 *quod
1428 3688 1526 3727 nos
1574 3672 1768 3727 beatos
1809 3668 1995 3736 efficit,
2041 3667 2252 3723 scilicet

238 3766 414 3820 DsuS.
444 3762 777 3819 Secundario
813 3779 941 3819 vero
971 3761 1279 3835 diligendus
1318 3778 1383 3816 ex
1411 3757 1680 3817 charitate
1711 3766 1796 3817 est
1821 3758 2121 3833 proximae,
2154 3756 2250 3829 qui

237 3852 407 3909 nobis
434 3852 677 3923 quodam
705 3852 927 3909 socialis
952 3853 1088 3909 vitae.
1098 3854 1225 3925 jure
1246 3850 1596 3923 conjungitur
1640 3848 1696 3904 in
1736 3845 2093 3905 beatitudinis
2122 3855 2252 3920 per—

234 3941 522 4014 ceptione,
553 3940 1113 4017 vel'participationo.
1140 3940 1297 4001 Unde
1333 3940 1438 3998 hoc
1474 3945 1578 4007 est,
1609 3936 1756 4018 quod
1799 3938 1855 3993 in
1899 3935 2144 4013 proximo
2183 3949 2252 3994 ex
