2850 4517
475 274 595 347 142
949 298 1004 345 a.
1047 294 1279 344 mona:
1318 292 1644 351 nouimus
1685 292 1998 347 ornacum

1213 498 1498 567 CAPUT
1543 498 1730 569 CCV.

748 640 843 705 De
870 656 1068 705 erroro
1090 638 1484 721 Apollinaris
1509 642 1672 706 circa
1697 641 2193 718 incarnationem

1156 735 1213 794 et
1238 728 1598 810 improbatio
1625 728 1778 809 ejus.

540 864 621 920 Ex
644 878 754 936 quo
781 864 950 922 etiam
980 860 1290 926 excluditur
1316 878 1471 921 error
1515 862 1865 937 ApollinariS,
1894 864 1990 938 qui
2026 864 2207 938 primo
2245 868 2469 937 quidem

470 954 689 1009 Arrium
711 959 952 1019 secutus,
983 953 1040 1007 in
1065 952 1283 1009 Christo
1311 951 1478 1010 aliam
1508 954 1749 1010 animam
1787 968 1908 1009 esse
1938 954 2141 1025 posuit,
2169 968 2337 1026 quam
2375 956 2473 1011 Dei

471 1039 715 1098 verbum.
747 1042 851 1099 Sed
876 1041 1007 1114 quia
1032 1056 1139 1100 non
1162 1041 1496 1116 sequebatur
1516 1042 1735 1098 Arrium
1766 1042 1820 1097 in
1843 1040 1969 1108 hoc,
2002 1042 2151 1115 quod
2179 1042 2350 1098 filium
2374 1041 2474 1098 Dei

470 1131 678 1188 diceret
706 1138 1036 1199 creaturam,
1062 1131 1237 1188 multa
1260 1138 1449 1189 autem
1472 1130 1728 1187 dicuntur
1753 1130 1821 1187 de
1841 1130 2056 1188 Christo
2080 1146 2206 1203 quae
2225 1146 2330 1187 nec
2351 1146 2475 1187 cor-

446 1218 588 1293 'pori
613 1219 836 1277 attribui
866 1227 1115 1293 possunt,
1141 1235 1243 1278 nec
1280 1220 1520 1277 creatori
1567 1220 1878 1288 convenire,
1911 1227 1973 1275 ut
2004 1219 2252 1285 tristitia,
2285 1219 2469 1285 timor,

471 1314 527 1364 et
560 1298 898 1381 hujusmodi,
928 1316 1164 1379 coactus,
1186 1307 1407 1366 tandem
1450 1306 1553 1365 l'uit
1580 1323 1782 1381 ponere
1808 1306 2033 1379 quidem
2071 1306 2313 1380 aliquam
2349 1306 2476 1363 ani-

472 1410 619 1453 mam
646 1397 703 1452 in
726 1396 961 1465 Christo,
992 1413 1119 1470 quae
1148 1411 1346 1470 corpus
1374 1397 1737 1463 sensificaret,
1769 1402 1830 1452 et
1854 1410 1981 1469 quae
2026 1396 2221 1453 harum
2256 1396 2475 1467 passio-

471 1500 602 1541 num
649 1491 837 1557 pnsset
881 1500 1001 1541 esse
1041 1486 1368 1557 subjectum,
1408 1501 1536 1558 quae
1589 1494 1790 1542 tamen.
1823 1485 2041 1541 ratione
2091 1490 2148 1541 et
2198 1484 2475 1539 intellectu

470 1570 714 1639 carebat,
752 1572 930 1644 ipsum
958 1580 1141 1629 autem
1179 1568 1416 1629 Verbum
1457 1570 1660 1628 homini
1694 1570 1911 1627 Christo
1951 1586 2052 1643 pro
2090 1568 2376 1627 intellectu
2419 1576 2475 1626 et

472 1662 684 1719 ratione
713 1660 902 1718 fuisse.
942 1662 1058 1717 Hoc
1098 1668 1285 1718 autem
1323 1660 1702 1732 multipliciter
1743 1659 1942 1717 falsum
1975 1675 2098 1717 esse
2143 1658 2472 1715 ostenditur.

470 1751 651 1806 Primo
688 1750 929 1823 quidem,
962 1750 1095 1824 quia‘
1131 1750 1234 1807 boc
1274 1756 1359 1806 est
1390 1756 1586 1806 contra
1624 1758 1837 1807 naturas⁵
1875 1752 2164 1817 rationem,
2196 1757 2255 1804 ut
2293 1747 2474 1805 anima
2521 1774 2526 1781 ·

472 1854 577 1896 non
614 1834 897 1897 rationalis
936 1838 1009 1896 sit
1052 1832 1226 1897 forma
1262 1838 1517 1906 hominiS‚
1548 1853 1677 1896 cum
1721 1845 1902 1895 tamen
1953 1838 2184 1895 formam
2228 1837 2473 1910 corporis

470 1928 687 1985 babeat.
718 1928 867 1985 Nihil
917 1937 1101 1986 autem
1128 1927 1562 1986 'monstruosum
1607 1938 1664 1984 et
1704 1926 2014 1985 innaturale
2050 1926 2108 1983 in
2153 1925 2358 1982 Christi
2386 1924 2474 1982 in-

469 2017 785 2073 carnatione
830 2018 997 2075 fuisse
1041 2019 1344 2091 putandum
1394 2023 1500 2074 est.
1543 2016 1813 2084 Secundo,
1863 2014 1994 2089 quia
2039 2014 2233 2071 fuisset
2283 2020 2475 2071 contra

470 2103 863 2163 incarnationis
891 2106 1073 2176 finem,
1100 2107 1197 2179 qui
1220 2112 1307 2162 est
1336 2104 1612 2179 reparatio
1644 2105 1899 2163 humanae
1928 2112 2159 2171 naturae,
2194 2118 2320 2177 quae
2345 2104 2476 2177 qui-

468 2191 595 2249 dem
638 2194 993 2267 principalius
1050 2194 1243 2266 incipit
1300 2194 1544 2267 reparari
1605 2203 1872 2266 quantum
1942 2194 2012 2250 ad
2081 2192 2474 2250 intellectivam

469 2287 702 2351 partem,
734 2296 860 2353 quae
888 2281 1163 2353 particeps
1180 2281 1392 2354 peccati
1422 2297 1543 2338 esse
1565 2287 1768 2355 potest.
1795 2281 1949 2341 Unde
1969 2282 2243 2355 praecipue
2268 2297 2478 2338 conve·-

466 2369 624 2424 niens
665 2368 792 2437 suit,
834 2370 891 2424 in
929 2369 1320 2427 intellectivam
1361 2368 1601 2427 hominis
1645 2377 1860 2442 partem
1900 2378 2228 2427 assumeret.
2259 2371 2475 2427 Dicitur

469 2458 637 2513 etiam
677 2456 925 2513 Christus
967 2457 1270 2515 admiratus
1314 2457 1484 2515 fuisse
1515 2474 1528 2513 ε
1563 2458 1827 2539 admirari
1869 2468 2056 2517 autem
2095 2475 2203 2515 non
2241 2468 2328 2516 est
2369 2460 2474 2516 nisi

470 2546 669 2602 animae
697 2545 1000 2616 rationalis,
1035 2548 1145 2603 Deo
1171 2562 1299 2605 vero
1342 2549 1564 2605 omnino
1605 2548 1897 2605 convenire
1946 2564 2050 2605 non
2087 2555 2289 2621 potest.
2321 2552 2474 2607 Sicut

468 2634 639 2704 igitur
682 2633 909 2692 tristitia
946 2636 1095 2708 cogit
1136 2636 1193 2692 in
1237 2636 1455 2693 Christo
1497 2653 1700 2710 ponere
1737 2639 1976 2695 animam
2019 2639 2359 2705 sensitivam,
2393 2642 2476 2695 sic

470 2722 761 2781 admiratio
787 2724 934 2797 cogit
964 2740 1163 2798 ponere
1188 2725 1247 2781 in
1271 2725 1488 2783 Christo
1517 2733 1732 2799 partem
1758 2728 1957 2785 animae
1986 2727 2399 2787 intellectivam.

1145 2901 1431 2971 CAPUT
1484 2904 1702 2971 CCVI.

654 3036 748 3102 De
773 3058 971 3104 errore
996 3036 1308 3107 Eutiootis
1334 3043 1617 3123 ponentis
1645 3043 1920 3108 unionem
1941 3045 2007 3107 in
2029 3050 2276 3109 natura.

430 3206 434 3210 -
539 3170 652 3225 Hos
681 3180 860 3229 autem
887 3181 1152 3245 quantum
1178 3177 1245 3231 ad
1273 3175 1480 3248 aliquid
1503 3177 1723 3235 Eutices
1751 3186 1972 3235 secutus
2001 3180 2306 3237 est.Posuit
2325 3184 2468 3235 enim

469 3274 635 3316 unam
645 3266 899 3319 naturam
915 3263 1085 3320 fuisse
1100 3265 1198 3319 Dei
1219 3270 1275 3321 et
1292 3264 1529 3322 hominis
1546 3274 1668 3339 post
1690 3269 2142 3337 incarnationem,
2158 3284 2262 3328 non
2285 3276 2468 3325 tamen

470 3349 651 3419 posuit
671 3351 814 3422 quod
843 3351 1057 3408 Christo
1072 3352 1331 3421 deesset,
1355 3355 1442 3410 vel
1471 3356 1673 3424 anima,
1703 3358 1794 3430 vel,
1812 3358 2138 3425 intellectus,
2158 3358 2240 3413 vel
2262 3358 2467 3431 aliquid

469 3454 653 3494 eorum
676 3456 801 3511 quae
817 3442 888 3520 ad
914 3442 1283 3512 integritatem
1309 3450 1560 3516 spectant
1587 3454 1819 3503 naturae.
1845 3448 1948 3503 Sed
1979 3454 2033 3503 et
2061 3447 2223 3521 hujus
2251 3434 2471 3521 opinio'-

469 3527 552 3582 nis
568 3528 776 3585 salsitas
806 3530 1092 3585 manifeste
1122 3540 1368 3604 apparet.
1402 3533 1596 3590 Divina
1628 3537 1774 3591 enim
1811 3542 2008 3592 natura
2039 3538 2092 3591 in
2131 3553 2190 3593 se
2223 3538 2470 3610 perfecta

468 3624 523 3672 et
550 3616 1010 3677 incommutabilis
1050 3626 1153 3675 est.
1184 3620 1395 3677 Natura
1420 3621 1562 3678 enim
1593 3640 1718 3696 quae
1748 3625 1802 3679 in
1839 3640 1899 3681 se
1923 3624 2166 3697 perfecta
2205 3632 2309 3695 est,
2342 3643 2468 3683 cum

468 3704 641 3764 altera
667 3722 774 3765 non
809 3712 992 3779 potest
1022 3707 1076 3763 in
1108 3724 1272 3765 unam
1305 3718 1560 3768 naturam·
1587 3715 1898 3781 convenire,
1928 3714 2031 3771 nisi
2058 3715 2142 3771 vel
2172 3715 2296 3788 ipsa
2330 3733 2469 3774 con·-

470 3800 711 3852 vertatur
735 3796 791 3852 in
820 3795 1068 3863 alteram,
1097 3799 1244 3853 sicut
1268 3798 1423 3856 cibus
1455 3796 1506 3856 in
1534 3801 1774 3859 cibatum
1807 3821 1819 3858 :
1858 3803 1941 3859 vel
1968 3805 2201 3861 alterum
2232 3822 2471 3863 conver-

466 3886 615 3940 tatur
639 3882 693 3939 in
722 3883 917 3957 ipsum,
952 3885 1094 3943 sicut
1125 3887 1178 3943 in
1206 3888 1384 3960 ignem
1408 3888 1590 3961 ligna:
1621 3892 1708 3949 vel
1739 3898 2030 3967 utrumque
2071 3901 2470 3954 transmutetur
