2850 4517
572 364 693 429 260
928 362 933 370 “
1050 378 1101 423 e.
1146 374 1379 421 τιιοιιιιι
1420 372 1748 427 acumine
1788 372 2103 419 ornacum

569 498 618 555 si
644 496 785 562 sitit,
829 476 1015 569 potum
1058 491 1131 549 da
1170 490 1277 560 itti,
1305 491 1397 549 hoc
1434 489 1578 548 enim
1615 486 1819 565 faciens
1865 488 2115 546 corbones
2157 487 2302 563 ipsuis
2338 506 2587 565 congeres

570 602 733 657 reaper
757 590 919 655 eaput
942 581 1077 652 eius.
1116 581 1387 653 Angustia
1421 596 1436 634 ε
1466 577 1629 637 Nulla
1662 579 1839 651 major
1861 578 2178 646 provocatio
2207 578 2277 635 ad
2309 593 2578 645 amorem,

572 688 739 747 quam
769 672 1070 746 proevenire
1096 669 1349 727 amando.
1374 667 1572 725 Nullus
1594 668 1739 723 enim
1769 673 1854 724 eet
1880 666 1960 725 ita
1983 666 2172 734 durna,
2204 667 2304 741 qui
2330 675 2387 723 et
2419 668 2464 723 si
2491 667 2582 723 di·-

574 764 859 823 lectionem
886 760 1024 817 nolit
1059 758 1343 832 impedire,
1376 757 1514 813 nolit
1545 764 1729 813 tamen
1759 756 2076 829 rependere,
2101 756 2260 829 quia,
2292 760 2358 812 ut
2380 756 2584 813 dicitur

574 850 755 909 Eccle.
783 866 843 906 vr
866 867 882 907 ι
904 849 1093 907 Amico
1114 847 1259 921 fideli
1285 846 1438 904 nulla
1459 845 1790 919 comparatio
1805 861 1826 913 ,-
1853 844 2074 901 Prover.
2106 858 2213 901 xv1
2244 860 2258 899 ε
2291 844 2430 901 Cum
2456 846 2582 917 pla·

576 940 789 998 ruerint
828 936 1059 996 Domino
1089 937 1215 993 vitoe
1251 934 1500 1000 hominis,
1533 931 1776 990 inimicos
1813 949 2011 1013 quoque
2053 932 2166 1004 ejus
2205 938 2474 991 convertet
2513 932 2585 989 nd

574 1044 773 1100 pacem.
801 1027 1012 1097 Quarta
1031 1032 1135 1093 eet,
1164 1024 1294 1099 quia
1331 1039 1400 1080 ex
1435 1022 1538 1079 hoc
1565 1036 1756 1099 preces
1793 1028 1904 1079 tuoe
1945 1021 2161 1078 facilius
2187 1022 2578 1089 exaudiuntur,

574 1117 719 1173 unde
746 1130 911 1189 cuper
936 1112 1068 1170 illud
1094 1112 1275 1169 'erem
1302 1126 1385 1169 xv
1416 1126 1432 1167 ι
1460 1109 1522 1167 Si
1551 1108 1801 1167 steterint
1829 1108 2034 1182 Moyses
2072 1116 2124 1167 et
2159 1109 2374 1167 samuel
2403 1126 2584 1167 coram

573 1222 677 1271 me,
706 1204 840 1261 dicit
860 1202 1092 1275 Gregor.
1113 1218 1129 1256 ι
1150 1200 1308 1271 Quod
1334 1199 1467 1257 fecit
1491 1200 1675 1273 potius
1701 1198 1771 1255 de
1797 1197 1922 1255 istis
1946 1199 2298 1266 mentionem,
2329 1200 2464 1273 quia
2492 1214 2584 1255 ro-

577 1300 845 1365 gaverunt
872 1306 971 1364 pro
996 1289 1253 1347 inimicis.
1282 1288 1564 1356 Similiter,
1591 1287 1842 1344 Christus
1868 1286 1948 1344 ait
1974 1287 2138 1345 Lucae
2161 1302 2364 1344 xxiii-t
2393 1288 2578 1356 Pater,

574 1382 785 1438 dimitte
808 1380 939 1436 iltis.
960 1378 1117 1440 Item.
1144 1380 1345 1435 Beatus
1368 1376 1680 1450 Stephanus
1705 1376 1912 1433 orando
1941 1392 2038 1450 pro
2066 1375 2308 1433 inimicis
2327 1393 2581 1449 magnam

577 1468 875 1525 utilitatem
902 1466 1033 1524 fecit
1054 1466 1332 1532 Ecclesiae,
1364 1464 1497 1538 quia
1525 1464 1752 1522 Paulum
1787 1464 2081 1522 convertit.
2107 1464 2314 1535 Quinta
2341 1474 2581 1541 eet-pec·

575 1556 686 1614 cati
723 1557 931 1624 evasio,
957 1571 1125 1633 qnam
1164 1554 1399 1612 maxime
1427 1554 1742 1611 desiderare
1778 1553 2058 1610 debemnS.
2090 1554 2404 1627 Aliquando
2437 1556 2582 1612 enim

577 1644 888 1720 peccamus,
912 1660 1013 1702 nec
1032 1645 1205 1701 Deum
1229 1644 1550 1717 quaerimus,
1573 1649 1628 1699 et
1647 1643 1795 1699 Deus
1812 1642 1982 1699 trahit
2009 1656 2112 1699 nos
2134 1644 2204 1699 ad
2227 1658 2288 1699 se
2311 1643 2400 1700 vel
2426 1644 2581 1701 infir-

539 1792 544 1795 .
578 1734 790 1812 initote,
818 1733 907 1791 vel
950 1734 1136 1808 atiquo
1162 1732 1497 1806 hujusmodi.
1525 1731 1731 1788 Oseae:
1770 1730 1982 1805 Sepinm
2011 1730 2158 1788 vium
2200 1734 2352 1789 titum
2388 1733 2578 1807 spinis.

577 1806 669 1881 Sic
691 1822 795 1881 suit
819 1828 1032 1881 tractus
1058 1823 1256 1880 beatus
1280 1822 1499 1888 Paulus,
1523 1820 1666 1877 Psal.
1699 1835 1922 1879 cxvnt·
1941 1819 2064 1877 Erv-
2062 1820 2154 1876 avi
2173 1820 2312 1877 sicut
2335 1821 2447 1879 ovis
2473 1837 2580 1895 qiu:

575 1912 762 1986 periit,
770 1928 957 1987 qnoero
992 1926 1202 1969 servum
1230 1918 1402 1976 tuum,
1433 1908 1677 1967 Domine.
1702 1908 1916 1966 cantic.
1946 1922 2016 1965 ι.
2047 1908 2223 1965 Trana
2243 1924 2328 1966 me
2365 1917 2576 1983 postte,

578 2007 629 2058 et
658 2007 835 2060 ωιτν.
856 2002 972 2059 Hoc
998 2009 1184 2061 autem
1219 1998 1626 2073 consequimur,
1665 1998 1714 2053 ei
1741 1996 2021 2053 inimicum
2066 1997 2137 2054 ad
2174 2012 2275 2053 nos
2317 1998 2578 2057 trahimus

578 2090 752 2163 primo
781 2092 1142 2167 remittentes,
1166 2090 1314 2163 qnia,
1345 2094 1405 2144 ut
1433 2086 1635 2144 dicit'ur
1653 2086 1818 2144 Lucae
1845 2090 1904 2143 vi
1939 2103 1952 2141 ε
1979 2084 2184 2142 Eadem
2203 2102 2461 2143 mensura
2480 2104 2580 2160 qua

576 2176 746 2234 mensi
767 2178 1009 2250 meritis,
1038 2177 1351 2235 remetietur
1372 2176 1540 2231 vobis..
1569 2175 1638 2231 Et
1665 2174 1869 2231 ibidem
1901 2191 1914 2230 :
1947 2173 2238 2241 Dimittite,
2267 2180 2318 2231 et
2345 2175 2578 2232 dimitte-

576 2266 735 2323 mini.
767 2266 836 2321 Et
853 2264 1046 2325 Matth.
1068 2280 1105 2321 v
1130 2282 1144 2320 z
1168 2263 1329 2321 Beati
1352 2263 1747 2331 misericordes,
1767 2262 2017 2339 quoniam
2035 2263 2140 2337 ipsi
2161 2262 2576 2323 misericordiam

579 2358 981 2425 consequentur.
1006 2351 1166 2408 Nulla
1193 2358 1281 2431 est
1303 2352 1451 2407 enim
1471 2354 1646 2427 major
1675 2351 2070 2420 misericordia,
2094 2366 2262 2426 qnam
2287 2351 2576 2410 offendenti

582 2439 882 2496 dimittere.

1020 2662 1027 2669 ·
1079 2692 1085 2701 .
1158 2646 1254 2713 De
1282 2646 1482 2729 p'n‘mo
1501 2653 1799 2733 praeopto
1829 2649 2001 2739 legis.

648 2796 775 2859 Non
796 2796 1007 2855 habebis
1028 2788 1163 2855 Deos
1192 2798 1415 2867 alierum
1444 2798 1618 2857 Exod.
1644 2815 1749 2877 xx.
1775 2799 1928 2859 Sicut
1949 2802 2066 2877 jam
2093 2801 2304 2860 dictum
2329 2802 2437 2874 est,
2467 2809 2577 2861 tota

580 2876 668 2945 lex
714 2887 914 2971 Christi
942 2888 1214 2961 dependet
1250 2905 1281 2945 a
1310 2886 1601 2946 charitate.
1626 2889 1878 2948 Charitas
1903 2890 2087 2947 antein
2117 2892 2320 2963 pendet
2344 2908 2414 2949 ex
2440 2892 2578 2949 dno·

582 2978 683 3035 bus
710 2979 1020 3055 praeceptis,
1061 2993 1294 3051 quorum
1320 2994 1490 3034 unum
1513 2983 1599 3034 est
1633 2978 1702 3035 de
1723 2978 2016 3035 dilectione
2055 2980 2177 3048 Dei,
2205 2979 2481 3054 reliquum
2513 2981 2578 3037 de

570 3062 872 3122 dilectione
894 3066 1146 3143 proximi,
1169 3067 1313 3122 etde
1335 3067 1460 3123 istis
1481 3066 1730 3123 duobus
1709 3081 1827 3138 Jam
1853 3067 2061 3123 dictum
2082 3075 2188 3124 est.
2215 3068 2376 3126 Nunc
2399 3081 2577 3127 antem

580 3150 882 3218 sciendum,
914 3154 1058 3226 quod
1090 3153 1237 3210 Deus
1262 3153 1446 3212 dando
1472 3154 1648 3227 legem
1684 3154 1877 3233 Moysi,
1905 3154 2059 3212 dedit
2085 3156 2277 3213 decem
2308 3166 2578 3236 praecepta

578 3240 637 3294 in
677 3240 889 3315 duabus
934 3242 1135 3300 tabulis
1182 3241 1409 3314 lapideis
1439 3244 1664 3316 scripta,
1694 3259 1928 3317 quorum
1952 3244 2061 3302 tria
2094 3245 2149 3300 in
2178 3244 2358 3318 prima
2395 3246 2578 3304 tabula

576 3326 786 3400 scripta
813 3314 1086 3421 pertinent
1114 3330 1181 3385 ad
1209 3344 1453 3398 amorem
1481 3329 1598 3398 Dei,
1632 3336 1841 3430 septem
1863 3346 1994 3389 vero
2021 3333 2228 3405 scripta
2253 3333 2310 3389 in
2337 3335 2577 3391 secunda

582 3414 768 3473 tabula
794 3411 1067 3490 pertinent
1096 3417 1165 3474 ad
1194 3432 1436 3474 amorem
1479 3410 1757 3489 proximi.
1785 3425 1844 3476 et
1884 3420 2008 3476 ideo
2051 3428 2169 3478 tota
2197 3420 2285 3477 lex
2320 3420 2578 3479 fundatur

578 3504 651 3561 in
664 3503 877 3563 duobus
917 3506 1223 3578 praeceptie.
1254 3505 1495 3562 Primum
1533 3513 1738 3574 antem,
1767 3508 1916 3581 quod
1958 3509 2197 3581 pertinet
2234 3509 2307 3566 ad
2336 3524 2577 3567 amorem

574 3592 681 3649 Dei
710 3577 840 3649 eet:
863 3592 989 3651 Non
1004 3592 1231 3649 habebis
1246 3592 1381 3649 Deos
1402 3594 1623 3652 alienos.
1652 3596 1721 3651 Et
1745 3596 1815 3653 ad
1845 3595 2007 3670 hujus
2030 3594 2372 3654 intellectum
2397 3599 2576 3655 scien·

576 3678 712 3734 dnm
739 3685 843 3745 est,
871 3674 1019 3750 qnod
1046 3678 1259 3752 antiqui
1287 3678 1691 3754 multipliciter·
1683 3681 1800 3739 ·hoc
1830 3687 2168 3756 praeceptum
2203 3682 2579 3755 transgredie-

578 3754 800 3822 bantur.
830 3764 1075 3835 Quidam
1099 3767 1251 3822 enim
1292 3768 1546 3826 colebant
1571 3769 1862 3855 daemonia.
1904 3772 2045 3829 Psal.
2083 3788 2240 3829 xcv.
2277 3770 2472 3830 Omnes
2495 3772 2578 3830 dii

578 3851 817 3923 flentium
836 3852 1117 3911 monia.
1140 3854 1257 3913 Hoc
1290 3863 1476 3913 autem
1513 3867 1598 3914 eet
1628 3860 1922 3915 maximum
1955 3861 2198 3917 omnium
2223 3870 2577 3947 peccatorum

572 3942 640 3990 et
666 3932 943 3995 horribile.
966 3942 1123 3997 Nunc
1145 3958 1385 4017 quoque·
1399 3943 1559 4000 multi
1588 3948 2060 4019 transgrediuntur
2085 3945 2190 4006 hoc
2215 3956 2573 4023 praecoptnm3
