2850 4517
606 432 719 492 134
1079 443 1131 487 s.
1176 422 1409 486 111quAE
1453 440 1777 490 nomm-ns
1819 420 2130 484 opuscuns

604 566 688 636 gis
710 564 761 619 ei
786 567 1169 636 repugnantes,
1198 564 1254 615 et
1278 573 1400 614 eam
1431 555 1753 630 plerumque
1780 556 2182 625 obnubilantes,
2215 566 2270 615 et
2298 563 2455 633 quasi
2483 580 2611 635 per-

608 653 930 709 turbantes:
970 656 1027 705 et
1069 648 1187 705 haec
1228 654 1311 705 est
1340 647 1704 721 repugnantia
1740 648 1922 703 carnis
1966 648 2351 721 adspiritum,
2379 651 2449 706 de
2495 669 2606 725 qua

605 744 886 815 Scriptura
910 740 1169 815 loquitur.
1184 740 1325 795 Nam
1352 738 1483 812 quia
1508 738 1785 813 appetitus
1817 738 2113 793 sensitivus
2143 739 2285 796 sicut
2310 747 2364 795 et
2389 749 2609 799 caeterae

604 832 881 889 sensitivae
930 831 1092 897 vireS,
1136 844 1234 903 per
1278 830 1701 884 instrumentum
1754 842 2080 899 corporeum
2134 837 2412 902 operatur,
2470 834 2611 888 ratio

608 931 788 979 autern
840 920 1046 993 absque
1096 917 1281 990 aliquo
1328 932 1533 989 organo
1576 915 1869 989 corporali,
1923 917 2310 975 convenienter
2346 921 2492 990 quod
2539 922 2607 977 ad

607 1012 913 1084 appetitum
940 1007 1263 1064 sensitivum
1306 1007 1563 1080 pertinet,
1602 1006 1757 1062 carni
1800 1007 2105 1080 imputatur
2138 1024 2152 1063 z
2183 1008 2329 1080 quod
2369 1024 2497 1065 vero
2542 1011 2610 1065 ad
2647 1082 2654 1089 ¹

556 1108 563 1115 ·
609 1101 894 1167 rationem,
946 1097 1183 1171 spiritui,
1224 1096 1525 1153 secundum
1561 1095 1708 1169 quod
1763 1096 2077 1169 spirituales
2127 1096 2451 1157 substantiae·
2502 1099 2612 1157 dici

608 1190 802 1257 solent,
834 1203 960 1261 quae
988 1195 1113 1245 sunt
1137 1204 1168 1245 a
1197 1182 1516 1259 corporibus
1542 1192 1834 1258 separatae.

1280 1328 1567 1399 CAPUT
1633 1329 1925 1398 CXCIII.

612 1467 920 1547 Quomodo
935 1470 1069 1549 suit
1080 1486 1259 1551 poena
1273 1470 1460 1565 illam
1469 1476 1767 1555 quantum
1781 1470 1863 1534 ad
1875 1469 2276 1547 mcessitatm
2292 1468 2610 1532 moriondi.

674 1603 1040 1661 consecutum
1082 1611 1168 1661 est
1204 1606 1392 1671 etiam,
1439 1614 1502 1663 ut
1538 1608 1596 1663 in
1637 1621 1866 1679 corpore
1903 1606 2202 1661 sentiretur
2247 1604 2616 1677 corruptionis

606 1690 871 1761 desectu3‚
890 1708 958 1751 ac
985 1708 1082 1766 per
1106 1694 1211 1751 hoe
1228 1694 1391 1751 homo
1409 1695 1716 1752 incurreret
1740 1693 2121 1752 necessitatem
2139 1692 2428 1759 moriendi,
2455 1694 2615 1765 quasi

608 1780 790 1837 anima
812 1783 929 1854 jam
963 1797 1070 1838 non
1113 1782 1329 1839 valente
1369 1781 1568 1857 corpus
1603 1783 1658 1841 in
1704 1791 2029 1858 perpetuum
2057 1782 2338 1839 continere
2367 1782 2542 1835 vitam
2565 1781 2614 1835 ei

611 1869 899 1942 praebendo
926 1890 941 1927 :
969 1872 1112 1928 unde
1135 1872 1295 1928 homo
1320 1872 1498 1929 sactus
1523 1880 1606 1929 est
1627 1874 1904 1947 passibilis
1922 1880 1978 1929 et
2001 1870 2270 1938 mortalis,
2302 1886 2408 1925 non
2438 1870 2613 1925 solum

608 1958 766 2031 quasi
792 1946 1139 2037 potenspatt
1155 1969 1210 2017 et
1236 1962 1372 2017 mori
1402 1967 1466 2018 ut
1485 1968 1667 2029 antea,
1689 1961 1793 2019 sed
1816 1961 1974 2034 quasi
2004 1958 2386 2016 necessitatem
2409 1956 2615 2013 babens

611 2047 677 2108 ad
708 2048 1024 2123 patiendum
1055 2058 1111 2106 et
1140 2049 1505 2111 moriendum.

1292 2222 1576 2291 CAPUT
1648 2222 1934 2291 CXCIV.

772 2362 865 2425 Do
887 2360 1033 2425 aliis
1055 2362 1384 2437 defectibus
1409 2365 1522 2445 qui
1549 2368 1991 2445 consequuntur
2016 2364 2082 2427 in
2109 2362 2442 2442 intellectu,

1403 2458 1461 2517 et
1487 2453 1817 2517 voluntate.
1919 2498 1946 2527 .
2182 2466 2188 2472 ·

684 2583 973 2639 Consecuti
1002 2590 1133 2639 sunt
1168 2584 1224 2639 in
1264 2584 1482 2641 homine
1522 2602 1617 2658 per
1643 2586 1984 2658 consequens
2020 2582 2188 2641 multi
2215 2584 2309 2642 alii
2346 2584 2609 2648 desectus,

615 2669 1033 2740 Abundantibus
1060 2672 1203 2727 enim
1235 2672 1287 2727 in
1319 2674 1566 2746 appetitu
1595 2674 1841 2730 inferiori
1870 2674 2196 2730 inordinatis
2223 2671 2464 2737 motibus
2487 2686 2615 2745 pas-

612 2761 846 2826 sionum,
868 2759 1030 2816 simul
1055 2759 1223 2817 etiam
1242 2769 1297 2819 et
1326 2762 1380 2817 in
1407 2762 1622 2819 ratione
1638 2762 1928 2819 deficiente
1948 2762 2151 2819 lumine
2175 2762 2482 2835 sapientiae,
2508 2774 2614 2833 quo

611 2849 877 2907 divinitus
904 2848 1298 2919 illustrabatur,
1327 2850 1579 2910 voluntas
1607 2851 1740 2907 dum
1761 2859 1882 2908 erat
1911 2853 2024 2909 Deo
2058 2851 2324 2924 subjecta,
2353 2866 2454 2924 per
2482 2865 2616 2905 con-

611 2954 866 3013 sequens,
914 2939 1167 2995 affectum
1206 2956 1364 2997 suum
1408 2940 1573 2999 rebus
1617 2940 1968 2997 sensibilibus
2007 2940 2271 3006 subdidit,
2317 2941 2372 2996 in
2419 2938 2616 3013 quibus

611 3028 875 3083 oberrans
898 3042 931 3083 a
958 3027 1071 3084 Deo
1096 3027 1473 3101 multipliciter
1497 3030 1764 3102 peccavit,
1794 3037 1850 3085 et
1874 3027 2104 3085 ulterius
2128 3027 2423 3085 immundis
2451 3025 2616 3100 spiri-

613 3113 761 3170 tibus
788 3130 848 3171 se
890 3114 1152 3182 subdidit,
1184 3131 1281 3186 per
1310 3131 1452 3189 quos
1491 3116 1725 3175 credidit
1767 3118 1822 3173 in
1841 3108 1844 3115 ’
1864 3117 2172 3189 hujusmodi
2201 3116 2364 3173 rebus
2392 3115 2616 3189 agendis

611 3203 958 3275 acquirendis
980 3204 1083 3261 sibi
1115 3204 1377 3263 auxilium
1411 3206 1682 3278 praestari,
1715 3206 1876 3264 etsie
1903 3206 1959 3263 in
2002 3205 2239 3264 humano
2265 3220 2462 3279 genere
2489 3204 2617 3259 ido-

613 3291 792 3358 latria,
822 3298 878 3346 et
905 3291 1123 3347 diversa
1146 3300 1498 3366 peccatorum
1530 3302 1730 3367 genera
1759 3301 2142 3369 processerunt
2171 3313 2184 3351 ε
2213 3299 2271 3351 et
2306 3309 2415 3368 quo
2443 3292 2618 3363 magis

524 3447 533 3455 ⁸
613 3380 667 3435 in
694 3380 779 3437 his
813 3380 976 3438 homo
1014 3388 1307 3454 corruptus
1330 3382 1452 3451 suit,
1481 3400 1546 3439 eo
1577 3384 1812 3458 amplius
1840 3400 1872 3441 a
1908 3384 2221 3457 cognitione
2257 3392 2314 3441 et
2343 3381 2616 3455 desiderio

607 3467 876 3526 bonorum
904 3468 1275 3543 spiritualium
1296 3477 1351 3527 et
1374 3471 1682 3528 divinorum
1707 3473 1955 3529 recessit.

1206 3650 1213 3659 ’
1322 3641 1604 3711 CAPUT
1652 3644 1908 3713 CXCV.
2007 3693 2012 3699 .

740 3788 743 3793 ’
811 3782 1115 3881 Quomodo
1144 3742 1546 3882 isti‘deseotus
1573 3784 1834 3851 dev-ivati
1858 3788 2005 3879 sunt
2031 3736 2427 3865 adposteros.

602 3950 614 3955 -
678 3916 755 3975 'Et
784 3916 915 3989 quia
944 3916 1265 3989 praedictum
1284 3919 1566 3991 originalis
1578 3920 1814 3992 justitiae
1836 3919 2037 3985 bonum
2063 3919 2146 3974 sic
2173 3917 2408 3973 humano
2431 3917 2630 3987 generi

614 4001 677 4085 in
707 4002 881 4074 primo
918 4008 1142 4078 parente
1181 4006 1448 4065 divinitus
1484 4008 1809 4066 attributum
1845 4007 1968 4079 fuit,
1999 4014 2062 4065 ut
2095 4012 2280 4064 tamen
2309 4021 2404 4079 per
2432 4001 2632 4076 'ipsum
