2850 4517
714 384 719 388 ·
822 346 936 431 vu.
967 401 1045 413 —
1072 382 1151 429 ms
1194 379 1470 429 stnoLo
1518 382 1958 433 arom-omnum
2271 369 2392 435 397

384 502 535 580 quod
570 514 802 575 regnum
824 499 1011 556 mundi
1045 514 1153 557 non
1184 504 1269 555 est
1299 516 1395 575 per
1422 499 1622 557 multos
1647 501 1808 570 Deos,
1843 504 1940 559 sed
1979 519 2072 575 per
2099 520 2266 561 unum
2301 511 2392 563 ta-

386 610 532 651 men.
575 592 715 650 Sunt
754 596 941 649 autem
974 597 1239 666 quatuor,
1278 604 1355 665 ex·
1388 588 1588 663 quibus
1614 588 1861 649 homines
1901 592 2108 649 inducti
2153 600 2280 650 sunt
2321 594 2392 651 ad

387 682 697 759 ponendum
737 678 923 753 plures
961 678 1124 734 Deos·
1169 676 1411 733 Primum
1439 682 1524 736 est
1563 676 1909 736 imbecillitas
1945 680 2252 738 intellectus
2285 682 2393 739 hu-

387 770 555 829 mani.
585 770 729 829 Nam
752 766 1003 825 homines
1028 765 1317 823 imbecillis
1345 765 1654 823 intellectus
1683 783 1790 823 non
1817 766 2062 825 valentes
2087 770 2393 842 corporalia

386 860 812 925 transcendere,.
837 871 947 913 non
991 854 1342 911 crediderunt
1382 853 1591 929 aliquid
1634 870 1754 913 esse
1790 855 2228 929 ultra·naturam
2265 874 2394 915 cor-

386 966 582 1027 porum
604 945 945 1005 sensibilium
966 951 1022 1001 et
1046 944 1169 1001 ideo
1194 944 1337 1000 inter
1358 957 1591 1017 corpora
1605 942 1698 1001 illa
1723 951 2020 1017 posuerunt
2038 948 2394 1021 praeeminere

388 1047 444 1099 et
477 1040 772 1113 disponere
794 1033 1076 1101 mundum,
1108 1048 1233 1107 quae
1260 1032 1572 1105 pulchriora
1603 1040 1660 1089 et
1689 1033 1939 1105 digniora
1975 1035 2120 1092 inter
2145 1054 2212 1095 ea
2234 1038 2394 1095 vide-

378 1130 607 1196 bantur,
655 1130 713 1183 et
741 1123 832 1181 eis
857 1121 1231 1181 attribuebant
1265 1138 1319 1177 ei
1352 1121 1742 1198 impendebant
1780 1123 2028 1181 divinum
2066 1126 2292 1197 cultum,
2339 1134 2395 1185 et

388 1214 697 1291 hujusmodi
730 1219 861 1271 sunt
886 1226 1117 1283 corpora
1144 1209 1411 1276 coelestia,
1443 1209 1653 1280 scilicet
1689 1210 1790 1281 sol,
1835 1218 1893 1268 et
1929 1212 2074 1284 luna,
2112 1220 2168 1271 et
2195 1216 2389 1277 stellae.
2447 1223 2455 1229 '

386 1308 495 1366 Sed
531 1305 673 1373 istis,
704 1301 907 1360 accidit
932 1298 1077 1357 sicut
1104 1297 1267 1356 alicui
1314 1298 1466 1356 eunti
1507 1299 1575 1357 ad
1605 1296 2020 1381 curiamregis,
2069 1304 2161 1377 qui
2205 1304 2394 1362 volens

390 1398 573 1463 videre
598 1407 801 1465 regem,
834 1396 891 1447 et
916 1388 1093 1445 credit
1117 1402 1522 1461 quemcumque
1549 1388 1687 1445 bene
1715 1388 1986 1458 indutum,
2015 1392 2100 1447 vel
2123 1392 2179 1448 in
2215 1394 2394 1451 officio

388 1486 769 1551 constitutum,
810 1492 997 1551 regem
1032 1492 1171 1545 esse,
1201 1475 1272 1532 de
1300 1476 1500 1550 quibus
1533 1476 1756 1545 dicitur,
1790 1479 1918 1551 Sap.
1949 1494 2064 1537 xm
2097 1498 2111 1535 ι
2151 1481 2318 1539 Solem
2343 1489 2397 1539 et

388 1578 593 1641 lunam,
626 1577 724 1628 aut
753 1584 947 1643 pyrum
976 1566 1253 1624 stellarum
1280 1572 1510 1623 rectores
1533 1564 1678 1621 orbis
1703 1572 1981 1623 terrarum
2008 1567 2144 1626 Deos
2162 1576 2394 1643 putave-

272 1694 277 1699 ·
388 1671 543 1723 runt.
587 1664 693 1719 lsa.
734 1674 791 1717 m
835 1656 1079 1714 ‚Levate
1124 1654 1189 1711 in
1211 1653 1468 1711 eaeeelsum
1505 1654 1679 1711 oculos
1704 1662 1925 1722 vestro-5,
1965 1663 2075 1714 etc.
2120 1659 2390 1729 Secunde,

388 1752 639 1831 provenit
664 1763 733 1807 ex
755 1742 1069 1804 adulatione
1094 1741 1432 1799 hominum.
1465 1758 1593 1798 nam
1631 1748 1686 1798 et
1711 1742 1881 1817 aliqui
1905 1744 2150 1802 volentes
2181 1749 2394 1806 adulari

390 1840 627 1909 dominis
652 1844 706 1895 et
738 1832 978 1908 regibus,
1007 1830 1270 1887 honorem
1299 1830 1413 1885 Deo
1446 1828 1696 1885 debitum
1731 1829 1813 1886 eis
1849 1830 2227 1903 exhibuerunt,
2259 1836 2396 1897 obe-

387 1929 588 1989 diendo
625 1926 725 1994 eiS,
763 1930 821 1980 et
856 1917 1195 1993 subjiciendo
1226 1933 1289 1975 se
1324 1917 1460 1974 eis:
1491 1916 1636 1973 unde
1677 1923 1734 1974 et
1761 1918 1979 1992 aliquos
2003 1930 2126 1993 post
2163 1932 2396 1991 mortem

390 2021 635 2078 fecerunt
663 2016 824 2079 Dece,
852 2009 991 2069 alios
1018 2008 1186 2065 etiam
1211 2006 1268 2063 in
1296 2006 1413 2064 rita
1451 2005 1707 2063 dixerunt
1727 2007 1892 2069 Deos,
1917 2009 2096 2066 Judic.
2127 2026 2220 2069 v.
2249 2010 2397 2071 Sciat

388 2107 561 2167 omnis
593 2120 738 2179 qens,
780 2097 1031 2174 quoniam
1072 2094 1553 2156 Nabuchodonosor
1597 2095 1739 2153 Deus
1780 2100 1942 2153 terrae
1969 2104 2067 2165 est,
2108 2105 2159 2156 et
2193 2108 2398 2171 praeter

386 2199 564 2273 ipsum
591 2195 733 2253 alius
758 2207 867 2248 non
888 2195 987 2248 est.
1030 2184 1235 2257 Terti0,
1264 2185 1516 2259 provenit
1544 2201 1612 2241 ex
1647 2185 1854 2243 carnali
1894 2188 2092 2245 affectu
2141 2189 2212 2245 ad
2255 2190 2397 2249 filios

386 2296 448 2354 et
478 2282 874 2355 consangineos
915 2295 930 2335 ι
962 2292 1088 2334 nam
1108 2274 1288 2349 ⁴aliqui
1326 2281 1548 2349 propter
1580 2274 1811 2333 nimium
1839 2291 2285 2351 amoremquem
2327 2279 2398 2337 ad

384 2392 520 2439 suos
554 2372 857 2441 habebant,
894 2366 1169 2425 faciebant
1204 2369 1419 2439 statuas
1447 2369 1571 2438 post
1605 2379 1796 2429 eorum
1821 2371 2075 2435 mortem,
2115 2375 2172 2425 et
2212 2370 2294 2426 sic
2330 2386 2399 2427 ex

390 2466 497 2527 hoc
522 2457 839 2539 processum
874 2463 981 2529 est,
1018 2455 1167 2530 quod
1209 2454 1319 2512 illis
1352 2454 1552 2527 statuis
1579 2454 1828 2511 divinum
1867 2456 2076 2513 cultum
2111 2457 2400 2533 impende-

386 2556 543 2623 bant,
574 2553 645 2611 de
671 2550 870 2623 quibus
896 2546 1099 2603 dicitur
1137 2544 1265 2617 Sap.
1297 2559 1402 2601 xlv
1443 2560 1458 2599 ι
1498 2543 1762 2610 Quoniam
1785 2552 1885 2602 aut
1921 2545 2157 2617 affectui,
2182 2554 2278 2605 aut
2304 2564 2400 2607 re-

384 2645 543 2718 qibus
596 2635 944 2695 deservientes
990 2632 1244 2698 homines,
1285 2631 1770 2689 incommunicabile
1815 2650 2002 2695 nomen
2045 2636 2308 2709 lapidibus
2349 2643 2402 2696 et

388 2728 555 2805 lignis
578 2727 965 2799 imposuerunt.
990 2719 1218 2789 Quart0,
1248 2723 1304 2773 et
1328 2718 1540 2775 malitia
1567 2718 1793 2777 diaboli.
1828 2720 1948 2792 lpse
1975 2723 2121 2779 enim
2147 2725 2218 2782 ab
2239 2725 2399 2783 initio
2444 2751 2454 2761 ·

391 2818 567 2881 voluit
606 2809 937 2889 aequiparari
974 2809 1136 2865 Deo·
1175 2804 1346 2877 unde
1340 2806 1476 2878 ipse
1515 2806 1612 2875 ait,
1649 2807 1758 2863 Isa.
1795 2821 1955 2865 xiv.
1984 2809 2192 2869 Ponam
2229 2815 2400 2874 eedem

390 2925 563 2968 meam
596 2904 661 2962 ab
686 2900 953 2974 aquilone,
986 2895 1048 2952 in
1070 2894 1249 2951 coelum
1272 2892 1630 2959 conscendam,
1666 2900 1719 2950 et
1749 2910 1844 2951 ero
1875 2896 2070 2955 similis
2091 2900 2398 2961 Altissimo.

392 2996 465 3055 Et
485 2998 627 3055 hanc
652 2990 992 3050 voluntatem
1016 2982 1263 3041 nondum
1288 2981 1564 3055 deposuit,
1596 2989 1653 3039 et
1687 2982 1810 3051 ideo
1835 2990 1984 3043 totus
2005 2993 2236 3053 conatus
2269 3006 2401 3050 suus

392 3088 451 3144 in
473 3086 579 3143 hoc
605 3080 811 3147 existit,
844 3081 905 3135 ut
928 3073 1101 3133 faciat
1130 3088 1190 3129 se
1218 3071 1288 3129 ab
1314 3070 1624 3127 hominibus
1651 3072 1890 3144 adorari,
1917 3081 1974 3132 et
1997 3076 2272 3138 sacrificia
2297 3079 2402 3137 sibi

394 3173 597 3241 offerri,
628 3186 739 3229 non
762 3165 909 3242 quod
932 3164 1233 3222 delectetur
1256 3162 1315 3218 in
1342 3175 1450 3217 uno
1471 3175 1628 3229 cane,
1669 3162 1756 3218 vel
1779 3170 1904 3221 cato
1929 3166 2026 3239 qui
2061 3164 2112 3224 ei
2153 3168 2398 3239 offertur,

392 3263 491 3323 sed
516 3261 821 3319 delectatur
846 3256 906 3311 in
939 3253 1061 3321 hoc,
1090 3250 1238 3325 quod
1262 3250 1311 3307 ei
1340 3248 1687 3323 impendatur
1722 3251 2029 3319 reverentia
2057 3256 2202 3317 sicut
2227 3258 2342 3315 Deo
2383 3274 2399 3316 ε

395 3355 541 3413 unde
564 3358 622 3408 et
658 3348 873 3407 Christo
897 3343 1055 3407 dixit,
1086 3342 1244 3399 Matt.
1269 3355 1372 3397 xm
1415 3356 1430 3393 ε
1457 3338 1586 3395 Hoec
1619 3338 1800 3396 omnia
1834 3340 1935 3397 tibi
1974 3343 2106 3401 dabo
2143 3345 2192 3401 si
2213 3346 2402 3403 cadens

388 3438 710 3503 adora-veris
746 3451 863 3493 me:
906 3410 1033 3491 iude
1071 3438 1155 3489 est
1178 3431 1347 3487 etiam
1370 3430 1518 3503 quod
1541 3430 1810 3489 intrantes
1833 3431 2000 3501 idola,
2040 3433 2246 3493 dabant
2280 3454 2401 3493 res-

389 3550 585 3609 ponsa,
630 3535 719 3596 ut:
736 3526 947 3585 scilicet
982 3528 1375 3581 venerarentur
1403 3528 1465 3577 ut
1505 3519 1604 3577 dii.
1655 3520 1856 3579 Psalm.
1884 3522 1999 3579 xc'v
2041 3540 2058 3580 ι
2107 3523 2308 3585 Omnes
2322 3526 2402 3582 dii

394 3622 631 3699 gentium
654 3615 935 3675 doemonia.
962 3614 1153 3685 Apost-
1181 3610 1207 3667 1
1233 3610 1359 3665 Cor.
1387 3623 1480 3666 x:
1507 3608 1606 3666 Sed
1627 3626 1742 3681 quoe
1767 3610 2043 3669 immolant
2067 3620 2264 3685 pentes,
2289 3614 2402 3673 dae-

389 3710 591 3770 moniis
628 3706 928 3769 immolant,
966 3705 1017 3757 et
1057 3698 1187 3755 Deo.
1215 3696 1370 3755 Licet
1407 3703 1592 3755 autem
1621 3696 1742 3755 haec
1783 3700 1894 3756 sint
1934 3700 2235 3775 horribilia,
2275 3713 2404 3762 sunt

388 3809 581 3865 tamen
604 3794 779 3870 aliqui
814 3799 873 3849 et
916 3788 1093 3859 multi,
1122 3784 1243 3861 qui
1272 3785 1588 3861 frequenter
1633 3786 1922 3845 incidunt
1908 3805 1964 3844 ιιι
1991 3789 2129 3847 istas
2168 3800 2404 3865 quatuor

346 3935 364 3943 ,
386 3904 612 3955 pausas,
650 3886 721 3955 Et
760 3882 890 3949 licet
931 3894 1040 3938 nou
1078 3891 1193 3944 ore,
1230 3882 1337 3947 ¹aut
1362 3874 1549 3946 corde,
1592 3882 1776 3951 tamen
1816 3851 1979 3953 factis
2003 3881 2318 3952 ⁴oster-idum
2341 3898 2404 3940 se

397 3978 623 4040 credere
668 3972 853 4050 plures
900 3970 1067 4041 Deos,
1104 3966 1249 4027 Nam
1286 3964 1385 4041 qui
1422 3964 1657 4023 cred-unt
1689 3964 1842 4043 quod
1879 3982 2112 4047 corpora
2154 3970 2404 4033 coelestia

1694 4182 1728 4189 -..
1795 4179 1834 4198 κ
1904 4189 1920 4194 -
