2850 4517
831 364 959 411 vm.
990 380 1071 398 -
1098 364 1164 432 ns
1205 364 1564 411 ommonem
1616 366 1961 413 υωιικισᾼκ
2281 353 2399 413 445

385 490 527 551 tum,
561 490 618 538 et
647 482 809 539 homo
833 480 1105 538 continue·
1126 481 1497 539 deterioratur
1516 496 1616 557 per
1646 491 1955 556 peccatum.
1983 482 2084 541 Est
2123 500 2252 557 ergo
2295 500 2398 543 vo-

385 571 582 629 luntas·
611 570 711 628 Dei
753 577 817 627 ut
851 570 1015 627 homo
1060 571 1387 627 restituatur
1429 571 1502 627 ad
1540 579 1748 628 statum
1785 572 2043 643 primum,
2085 580 2148 629 ut
2185 572 2397 631 scilicet

387 660 523 718 nihil
542 660 615 717 sit
639 661 695 715 in
724 674 891 717 carne
926 660 1265 717 contrarium
1296 660 1539 733 spiritui.
1568 660 1592 716 1
1620 656 1866 717 Thessal.
1908 674 1968 717 ιν
1998 677 2013 716 ε
2043 660 2172 717 Hoec
2199 669 2274 718 est
2301 679 2398 720 vo-

387 752 569 808 luntas
588 748 687 805 Dei
704 736 1059 819 sanctificatio
1079 754 1278 805 vestra.
1302 750 1434 807 Haec
1461 754 1649 805 autem
1670 748 1923 806 voluntas
1949 750 2050 806 Dei
2083 766 2188 806 non
2214 758 2398 823 potest

387 838 683 913 impleriin
707 837 823 895 vita
846 837 975 905 ista,
1003 838 1100 893 sed
1132 836 1496 910 complebitur
1537 838 1594 893 in
1623 837 2025 895 resurrectione
2056 846 2393 908 sanctorum,

387 926 609 1002 quando
637 931 927 997 resurgent
965 940 1197 999 corpora
1215 925 1541 997 glorificata,
1572 932 1628 981 et
1659 933 1822 982 erunt
1863 924 2312 1000 incorruptibilia
2341 933 2400 983 et

387 1016 745 1073 nobilissima.
773 1014 939 1072 icor.
966 1014 1405 1071 xvzsminatur
1431 1014 1492 1070 in
1520 1014 1877 1088 ipnobilt‘tate,
1892 1022 2075 1088 carpet
2109 1016 2170 1072 in
2194 1018 2396 1089 plot-ia.

388 1106 487 1163 Est
517 1113 703 1162 tamen
729 1103 984 1160 voluntas
1003 1104 1105 1159 Dei
1128 1103 1369 1176 injustis
1396 1109 1667 1177 quantum
1699 1104 1768 1160 ad
1811 1100 2068 1177 spiritum
2105 1120 2204 1179 per
2226 1106 2399 1178 justi-

391 1196 527 1251 tiam
554 1200 609 1266 et
635 1186 924 1249 scientiam
950 1198 1008 1249 et
1046 1192 1219 1249 vitam
1252 1209 1265 1247 :
1295 1200 1352 1249 et
1400 1192 1526 1249 ideo
1562 1208 1688 1249 cum
1733 1192 1987 1254 dicimus.
2015 1192 2118 1264 fiat
2150 1194 2398 1251 voluntas

391 1292 507 1350 tua,
530 1298 750 1341 oramus
774 1290 837 1339 ut
875 1282 1042 1340 etiam
1079 1282 1176 1339 fiat
1212 1282 1267 1337 in
1303 1296 1493 1339 carne.
1523 1282 1666 1337 Nam
1705 1281 1811 1338 hoc
1851 1282 2013 1339 modo
2053 1298 2150 1356 per
2195 1278 2396 1341 coelum

392 1374 689 1447 accipimus
713 1373 986 1445 spiritum,
1017 1388 1114 1445 per
1153 1377 1360 1428 terram
1404 1386 1648 1439 carnem,
1679 1377 1738 1426 ut
1773 1371 1848 1428 sit
1888 1386 2102 1429 sensus.
2130 1371 2248 1429 Fiat
2296 1388 2398 1427 vo-

392 1465 573 1520 luntas
597 1468 692 1519 tua
716 1462 793 1519 ita
825 1461 1071 1529 interra,
1098 1460 1155 1516 id
1192 1468 1295 1529 est,
1329 1460 1387 1516 in
1432 1476 1598 1517 carne
1640 1465 1847 1527 nostra,
1873 1461 2026 1517 sicut-
2047 1458 2110 1517 iit
2144 1448 2197 1516 i'n
2229 1459 2389 1531 coeio,

392 1554 447 1609 id
466 1561 570 1619 est,
596 1550 651 1606 in
676 1550 873 1623 spiritu
900 1558 1087 1606 nostro
1114 1566 1209 1621 per
1226 1548 1524 1621 justitiam.
1555 1550 1660 1605 Per
1685 1548 1826 1605 hanc
1851 1558 2036 1605 autem
2072 1550 2396 1622 petitionem

393 1641 737 1713 pervenimus
777 1638 845 1695 ad
886 1636 1282 1693 beatitudinem
1318 1635 1521 1702 luctus,
1549 1636 1617 1691 de
1655 1651 1764 1708 qua
1788 1637 1983 1693 nauh.
2008 1654 2046 1693 v
2079 1653 2091 1692 :
2118 1638 2278 1694 Beati
2304 1639 2398 1710 qui

390 1729 591 1802 lapaut,
620 1733 729 1783 etc.
746 1733 803 1781 et
821 1724 925 1781 hoc
953 1725 1254 1781 secundum
1279 1724 1584 1797 quamiibet
1607 1725 1778 1780 trium
1805 1726 2224 1798 expositionum.
2253 1728 2394 1783 Nam

392 1818 692 1876 secundum
732 1814 965 1886 primam
996 1812 1375 1869 desideramus
1406 1812 1593 1870 'vitam
1628 1818 1914 1878 internam,
1950 1812 2094 1868 unde
2137 1829 2234 1885 pro
2276 1806 2396 1885 ejus

390 1906 683 1964 dilectione
723 1901 1034 1958 inducimur
1074 1900 1145 1957 ad
1191 1900 1418 1957 luctum.
1447 1898 1645 1967 Psalm.
1686 1915 1828 1957 cxix
1863 1916 1878 1955 t
1912 1901 2032 1957 Heu
2071 1900 2230 1966 mihi,
2270 1904 2396 1973 quia
2493 1933 2502 1939 -

390 1993 653 2051 inuolatus
671 2006 821 2047 meus
837 1990 1189 2062 prolonyatus
1216 1996 1311 2046 est.
1339 1988 1409 2044 Et
1439 1988 1546 2044 hoc
1588 1988 1922 2045 desiderium
1964 1998 2278 2046 sanctorum
2310 1998 2397 2046 est

391 2086 472 2141 ita
498 2081 809 2148 vehemens,
840 2080 987 2153 quod
1014 2088 1237 2152 propter
1267 2077 1373 2134 hoc
1400 2077 1715 2135 desiderant
1743 2084 1996 2146 mortem,
2030 2094 2155 2151 quae
2195 2094 2397 2136 secun·

392 2174 523 2229 dum
552 2186 611 2228 se
638 2168 893 2242 fugienda
918 2174 1023 2224 est.
1054 2168 1103 2223 11
1126 2165 1439 2224 Corinthios
1461 2182 1499 2223 v
1530 2183 1544 2221 :
1575 2166 1868 2232 Audemus,
1893 2174 1948 2225 et
1981 2167 2168 2223 bonam
2202 2168 2398 2225 volun-

395 2269 556 2319 tatem
582 2258 829 2315 habemus
850 2256 1025 2329 ’παρὰ
1060 2255 1412 2330 peroptimi-i
1437 2272 1474 2311 a
1507 2244 1749 2327 corpore,
1777 2262 1830 2313 et
1862 2262 2149 2329 praesentes
2185 2272 2292 2312 erse
2326 2257 2398 2313 ad

394 2352 585 2406 Deum.
623 2349 781 2413 Item,
810 2345 1111 2403 secundum
1155 2344 1454 2401 secundam
1490 2344 1885 2418 expositionem
1904 2412 1908 2415 ἢ
1927 2343 2006 2400 illi
2038 2345 2132 2418 qui
2175 2354 2400 2401 servant

395 2438 654 2497 mandata
677 2443 806 2493 sunt
833 2436 889 2490 in
918 2434 1069 2490 luctu
1099 2450 1115 2487 ε
1144 2434 1277 2507 quia
1300 2433 1430 2489 licet
1455 2434 1565 2489 sint
1588 2431 1772 2491 dulcia
1796 2434 2014 2500 anima,
2037 2441 2222 2490 tamen
2245 2435 2398 2491 carni

396 2536 521 2585 sunt
552 2540 757 2591 annara,
799 2538 927 2597 quae
970 2523 1229 2580 continue
1270 2530 1601 2580 maceratur.
1633 2522 1831 2580 Psalm.
1861 2540 1878 2579 t
1909 2524 2116 2580 Eunus
2151 2522 2303 2580 ibant
2348 2506 2397 2579 et

391 2616 608 2689 flebant,
633 2618 901 2687 quantum
926 2613 993 2668 ad
1026 2626 1247 2667 carnem
1280 2629 1292 2666 :
1320 2612 1586 2667 venientes
1607 2617 1788 2668 autem
1813 2612 2025 2668 venient
2047 2627 2164 2668 cum
2182 2611 2398 2668 exulta-

397 2704 557 2768 tione,
582 2698 849 2776 'quantum
878 2701 949 2756 ad
977 2701 1234 2765 animam.
1254 2700 1410 2766 item,
1429 2700 1729 2756 secundum
1754 2700 1982 2756 tertiam
2005 2701 2399 2772 expositionem
2448 2692 2455 2697 ’

394 2810 462 2849 ex
497 2803 679 2865 pugna
710 2805 837 2864 quae
882 2790 1142 2845 continue
1182 2796 1269 2844 est
1309 2790 1456 2844 inter
1496 2802 1717 2844 carnem
1759 2793 1815 2843 et
1851 2788 2106 2861 spiritum
2147 2792 2399 2861 provenit

396 2876 595 2937 luctus.
626 2879 748 2935 Non
775 2877 922 2934 enim
944 2882 1126 2950 potest
1150 2876 1269 2933 fieri
1292 2877 1428 2951 quin
1452 2875 1636 2933 anima
1659 2876 1937 2935 saucietur
1965 2875 2036 2933 ad
2077 2876 2258 2933 minus
2304 2894 2402 2950 per

399 2967 631 3025 venialia
672 2982 704 3022 a
750 2982 935 3034 carne,
966 2974 1023 3023 et
1051 2965 1177 3022 ideo
1214 2973 1278 3022 ut
1316 2964 1587 3037 expietur,
1617 2969 1704 3021 est
1745 2963 1801 3021 in
1844 2964 2017 3021 luctu.
2049 2965 2250 3021 Psalm.
2293 2982 2354 3022 v1
2385 2984 2398 3020 :
2431 2966 2436 2975 '

398 3054 613 3113 Lavabo
659 3070 758 3126 per
798 3054 1040 3127 singulas
1074 3059 1267 3119 noctes,
1291 3052 1347 3110 id
1389 3058 1494 3119 est,
1523 3050 1889 3111 obscuritates
1933 3054 2166 3127 peccati,
2213 3052 2401 3111 lectum

396 3159 593 3209 meum,
622 3143 679 3199 id
711 3144 815 3211 est',
840 3144 1214 3200 'conscientem
1246 3143 1448 3200 meam.
1473 3141 1544 3199 Et
1574 3142 1672 3216 qui
1705 3142 1788 3200 sic
1823 3140 2041 3215 plorant
2077 3142 2404 3216 perveniunt

400 3232 469 3289 ad
493 3232 759 3305 patrium,¹
776 3229 848 3289 ad
875 3246 1045 3304 quam
1071 3246 1173 3289 nos
1190 3232 1474 3305 perducat,
1503 3237 1611 3288 etc.

1147 3426 1393 3503 Quarta
1413 3428 1657 3507 petitio.

462 3587 667 3646 Panem
697 3594 942 3645 nostrum
975 3586 1343 3660 quotidianum
1368 3585 1442 3643 da
1465 3586 1618 3645 nobis
1655 3586 1828 3645 hodie.
1861 3585 2140 3645 Multoties
2174 3587 2397 3658 accidit,

396 3676 545 3750 quod
583 3676 786 3750 aliquis
816 3691 885 3733 ex
924 3690 1122 3747 magua
1158 3675 1406 3743 scientia,
1451 3682 1509 3733 et
1543 3675 1815 3749 sapientia
1842 3674 2077 3733 efficitur
2119 3674 2346 3732 timidus
2381 3693 2396 3731 x

333 3786 363 3823 ·.
394 3773 455 3822 et
483 3765 607 3821 ideo
634 3772 719 3822 est
757 3764 809 3820 ei
849 3764 1159 3821 necessaria
1186 3761 1454 3829 fortitudo
1477 3763 1682 3830 cordis,
1726 3778 1796 3821 ne
1815 3762 2037 3821 deficiat
2076 3763 2131 3819 in
2159 3763 2406 3819 necessi-

396 3853 623 3911 tatibus.
667 3852 844 3912 Isaiae.
876 3868 953 3910 ιι,
993 3870 1006 3907 :
1058 3852 1284 3919 Qui-‘dot
1311 3854 1447 3909 lasso
1477 3852 1755 3918 virtum,
1781 3859 1833 3909 et
1868 3852 1952 3909 his
1989 3851 2084 3925 qui
2109 3866 2216 3907 uon
2254 3860 2404 3919 sunt,

395 3940 777 4013 fortitudinem
808 3947 865 3998 et
887 3940 1057 3999 robur
1091 3940 1433 4013 multiplicat.
1473 3940 1630 3999 Hauc
1662 3948 1848 4000 autem
1875 3938 2251 4000 fortitudinem
2275 3940 2406 4015 Spi-
