2850 4517
498 353 618 416 492
971 369 1025 415 s.
1069 369 1301 414 ‘1'quAE
1341 369 1672 420 neuma-ms
1712 369 2025 414 croscum

499 486 760 544 AthanaS.
793 482 850 542 in
880 485 1138 557 praedicta
1169 485 1330 558 epist.
1362 483 1497 542 dicit
1525 502 1539 540 ε
1568 505 1598 563 ας-
1628 483 2101 555 Quemadmodum
2130 485 2507 542 consubstan-

504 574 660 632 tiavit
685 590 745 630 se
785 575 931 630 Deus
966 575 1226 632 Ecclesiae
1250 575 1483 630 formam
1527 576 1645 647 ejus
1688 575 1743 629 in
1791 589 1855 630 se
1878 589 2179 642 assumenS,
2212 574 2291 631 ita
2328 575 2505 647 ipsam

500 663 745 720 eamdem
763 653 861 720 sua
886 664 1120 734 imagine
1143 663 1398 728 naturali,
1428 663 1635 718 scilicet
1658 661 1864 735 Spiritu
1893 669 2083 718 sancto
2108 663 2176 718 de
2200 679 2303 719 sua
2328 679 2487 720 essen

502 755 580 808 tia
621 753 942 810 naturaliter
986 753 1253 809 existente
1294 751 1488 808 deifice
1532 759 1588 807 et
1630 745 2009 824 superabunde
2061 751 2364 822 insignivit,
2398 771 2425 804 ο
2452 760 2508 808 et

501 840 736 914 Cyrinus
762 841 896 897 dicit
926 843 982 897 in
1011 840 1133 896 libr.
1160 840 1559 896 Thesaurorum
1590 856 1602 894 :
1636 859 1662 892 α
1702 839 1805 908 Qui
1833 839 2033 912 accipit
2054 839 2175 895 Filii
2209 840 2507 913 imaginem

462 923 476 936 ⁰
503 929 826 997 naturalem,
857 929 961 986 hoc
986 937 1068 986 est
1095 930 1356 1003 Spiritum
1399 934 1669 996 sanctum,
1697 927 1864 984 habet
1890 929 2161 985 veraciter
2199 946 2297 1003 per
2324 932 2509 1003 ipsum

501 1019 752 1091 spiritum
781 1019 1030 1074 eumdem
1057 1019 1254 1074 Filium
1273 1023 1328 1074 et
1347 1017 1479 1074 Filii
1493 1020 1728 1074 Patrem.
1752 1018 2035 1087 Quomodo
2061 1034 2190 1089 ergo
2214 1034 2505 1075 connume-

504 1107 712 1163 rabitur
740 1107 1008 1164 creaturis
1036 1107 1271 1179 Spiritus
1299 1113 1541 1172 sanct-us,
1569 1122 1695 1162 cum
1722 1107 1795 1162 sit
1824 1106 2085 1162 naturalis
2114 1113 2172 1162 et
2197 1108 2505 1164 incommu-

504 1194 686 1252 tabilis
715 1195 892 1267 imago
917 1195 1038 1252 Filii
1074 1195 1192 1250 Dei.
1225 1213 1250 1247 n
1277 1195 1414 1251 Item
1442 1195 1675 1252 Basilius
1702 1195 1837 1251 dicit
1878 1203 2071 1252 contra
2121 1196 2453 1253 Eunomium
2485 1212 2500 1254 ε

507 1303 534 1337 α
561 1283 840 1341 Naturalis
862 1284 983 1341 Filii
1011 1285 1190 1355 imago
1221 1290 1304 1338 est
1327 1284 1599 1356 spiramen
1624 1285 1742 1356 ejus
1772 1285 2020 1356 spiritus
2050 1287 2079 1336 i»

1077 1477 1268 1554 Quod
1293 1485 1380 1544 est
1403 1481 1714 1576 character
1734 1481 1917 1544 Filii.

575 1639 883 1700 Secundum
921 1655 1050 1696 vero
1097 1633 1344 1697 eamdem
1373 1641 1643 1696 rationem
1684 1639 1875 1696 dicunt
1921 1640 2171 1714 praedicti
2216 1643 2503 1709 DoctoreS,

507 1730 651 1805 quod
679 1729 916 1804 Spiritus
942 1737 1164 1785 sanctus
1192 1729 1264 1784 sit
1289 1727 1575 1786 character
1602 1727 1743 1784 Filii.
1772 1728 1918 1785 Dicit
1963 1731 2108 1786 enim
2154 1729 2422 1788 Albanae.
2450 1731 2506 1786 in

507 1819 738 1892 praefata
765 1818 1016 1891 epistola,
1048 1813 1193 1891 quod
1221 1837 1247 1870 α
1284 1817 1453 1874 Filius
1481 1817 1742 1890 Spiritum
1776 1823 2025 1874 sanctum
2071 1825 2332 1892 tanquam
2374 1820 2509 1877 cha-

509 1916 776 1964 racterem
798 1914 855 1962 et
879 1921 1032 1963 suam
1077 1905 1368 1976 imaginem
1401 1905 1471 1962 ad
1512 1905 1911 1962 reformandam
1954 1905 2256 1963 Ecclesiam
2299 1895 2505 1964 et'sibi

508 1995 702 2052 deifice
724 1995 1172 2051 conformandam*
1190 1993 1617 2050 transfundendo
1644 1995 1940 2067 impressit,
1978 2015 2005 2047 n
2036 2002 2093 2050 et
2110 1993 2346 2052 Basilius
2370 1996 2507 2054 dicit

511 2084 567 2138 in
595 2083 717 2138 libr.
749 2092 940 2140 contra
968 2083 1158 2141 Arium
1184 2092 1238 2140 et
1265 2083 1561 2140 Sabellium
1593 2097 1607 2138 ε
1641 2103 1667 2136 α
1698 2083 1854 2140 Sicut
1889 2082 2057 2138 Filius
2086 2084 2381 2157 acquisivit
2408 2101 2509 2141 nos

506 2171 672 2236 Patri,
704 2188 772 2227 ex
807 2172 966 2228 Patre
1003 2172 1150 2228 idem
1194 2171 1338 2244 ipse;
1365 2171 1446 2227 sic
1482 2178 1537 2226 et
1579 2172 1805 2244 spiritus
1833 2173 2071 2246 acquirit
2110 2189 2207 2229 nos
2244 2173 2382 2230 Filio
2412 2191 2508 2248 per

510 2261 692 2328 fidem,
719 2260 1034 2336 imprimens
1069 2261 1230 2317 nobis
1267 2261 1641 2317 characterem
1679 2261 1817 2317 Filii>
1844 2262 1903 2317 in
1946 2261 2297 2336 baptismate,
2327 2280 2360 2320 a
2398 2280 2508 2338 quo

511 2349 645 2406 Filio
675 2351 881 2417 existit,
909 2358 965 2405 et
989 2350 1104 2420 ejus
1128 2349 1373 2421 spiritus,
1405 2357 1461 2406 et
1486 2350 1770 2406 character
1798 2349 2129 2423 praedicatur
2154 2367 2334 2408 verus.
2370 2371 2399 2406 »

1019 2542 1174 2606 Item
1198 2543 1362 2648 qaod
1387 2548 1476 2606 est
1501 2544 1780 2626 siyillum
1806 2546 1987 2610 Filii.

525 2749 533 2755 .
577 2696 846 2764 Similiter
861 2705 1028 2762 etiam
1057 2704 1266 2770 dicunt,
1293 2708 1439 2777 quod
1470 2705 1707 2777 Spiritus
1732 2712 1957 2762 sanctus
1981 2707 2053 2762 sit
2081 2705 2319 2778 sigillum
2359 2707 2504 2764 Filii.

512 2797 658 2854 Dicit
709 2795 854 2852 enim
901 2792 1164 2850 Athenas.
1196 2794 1252 2848 in
1288 2793 1553 2866 praedicta
1582 2793 1813 2867 epistola
1843 2811 1854 2849 :
1898 2815 1924 2848 u
1956 2794 2225 2868 Equidem
2269 2797 2509 2870 Spiritus

512 2895 732 2942 sanctus
767 2892 852 2940 est
896 2883 1102 2953 uncti0,
1129 2889 1186 2939 et
1220 2882 1463 2954 sigillum
1503 2884 1886 2956 impressiwm
1920 2884 2174 2956 imaginis
2213 2884 2271 2941 in
2314 2901 2375 2941 se
2404 2885 2512 2944 ha-

516 2976 661 3040 hitae,
693 2974 748 3030 in
775 2989 883 3046 quo
912 2971 1106 3046 spiritu
1140 2987 1265 3028 vere
1301 2978 1571 3045 tanquam
1601 2971 1655 3027 iu
1684 2987 1782 3028 suo
1812 2971 2009 3043 sigillo,
2036 2971 2093 3028 id
2134 2978 2238 3041 est,
2271 2974 2510 3046 imagine

511 3079 626 3120 suae
650 3069 858 3117 naturae
893 3061 1178 3130 consignat
1221 3065 1276 3114 et
1313 3059 1711 3116 characterizat
1748 3059 2110 3132 imprimendo
2138 3060 2316 3133 ipsam
2350 3078 2511 3118 suam

512 3149 804 3220 imaginem
825 3149 969 3204 Deus
993 3147 1218 3204 verbum
1241 3147 1503 3204 Ecclesiae
1522 3162 1738 3221 sponsae
1761 3163 1875 3204 suae
1899 3167 1925 3199 »
1956 3156 2013 3204 et
2042 3148 2184 3205 infra
2215 3165 2229 3204 ε
2265 3168 2292 3204 α
2320 3149 2511 3208 Chris-

515 3245 601 3295 tus
629 3239 684 3292 in
711 3253 808 3292 suo
838 3237 1057 3309 proprio
1085 3237 1280 3309 spiritu
1314 3237 1466 3308 ungit
1492 3244 1546 3293 et
1570 3237 1911 3309 superungit,
1940 3242 1997 3292 et
2024 3253 2091 3293 eo
2114 3243 2381 3311 tanquam
2408 3255 2507 3296 suo

512 3325 688 3397 sigillo
741 3325 1052 3382 continente
1107 3325 1278 3398 ipsius
1319 3325 1632 3392 essentiam,
1662 3339 1721 3380 se
1766 3325 2031 3398 imprimit
2076 3325 2340 3384 Ecclesiae
2395 3343 2510 3384 suas

515 3427 744 3485 sponsae.
777 3433 804 3467 n
824 3413 1105 3488 Chrysost.
1132 3421 1187 3470 et
1214 3413 1350 3468 dicit
1373 3429 1539 3486 super
1566 3414 1729 3486 epist.
1763 3416 1830 3470 ad
1857 3416 1957 3470 Ro,
1982 3432 1996 3470 z
2030 3435 2055 3468 α
2088 3415 2146 3472 Si
2177 3417 2405 3488 spiritus
2426 3423 2511 3472 est

513 3500 792 3560 character
815 3510 871 3561 et
893 3503 1129 3576 sigillum
1157 3501 1376 3568 Christi,
1409 3501 1505 3574 qui
1554 3517 1658 3558 non
1701 3502 1867 3558 habet
1904 3503 2145 3574 sigillum
2184 3510 2241 3560 et
2280 3504 2511 3560 charac-

516 3595 685 3646 terem
713 3593 931 3659 Christi,
964 3592 1054 3648 hic
1089 3606 1194 3647 non
1233 3596 1317 3646 est
1359 3591 1533 3664 ipsius
1567 3590 1787 3647 Christi.
1819 3611 1845 3642 n
1877 3593 2105 3648 Constat
2141 3598 2327 3648 autem
2364 3590 2510 3664 quod

513 3677 794 3736 character
821 3690 876 3738 et
905 3681 1140 3757 sigillum
1165 3679 1483 3736 derivantur
1508 3678 1589 3736 ab·
1606 3694 1669 3735 eo
1698 3681 1855 3752 quus
1878 3689 2024 3736 sun-t.
2054 3680 2211 3737 Unde
2251 3697 2349 3752 per
2376 3695 2512 3737 auc-

515 3768 766 3824 toritates
808 3771 1102 3826 Doctorum
1151 3768 1424 3827 dictorum
1473 3775 1662 3842 aperte
1701 3769 2025 3836 ostenditur,
2078 3767 2224 3842 quod
2276 3769 2513 3841 Spiritus

515 3862 734 3910 sanctus
760 3871 792 3912 a
823 3856 959 3912 Filio
996 3858 1295 3916 derivatur.
1328 3858 1534 3914 Horum
1578 3863 1761 3914 autem
1808 3858 2105 3912 Doctorum
2150 3856 2512 3915 auctoritates

515 3939 684 3994 etiam
711 3957 776 3994 ex
805 3944 1130 4001 auctoritate
1159 3961 1334 4004 saerae
1351 3946 1650 4018 Scripturas
1681 3944 2095 4017 confirmantur.
2127 3944 2342 4001 Dicitur
2368 3942 2511 4000 enim
