2850 4517
894 345 960 399 v.
988 372 1068 385 -
1094 349 1171 399 nia
1212 348 1530 401 Ana-muns
1573 346 1739 401 Fumi
2203 330 2320 403 3‘75

310 472 372 522 ut
399 473 654 541 peccator
678 467 860 525 omnia
896 477 1143 541 peccata,
1177 486 1408 543 quorum
1449 472 1769 527 memoriam
1792 472 1976 540 habet,
2004 488 2102 529 suo
2131 488 2320 530 sacer-

310 556 427 612 doti
464 557 789 613 confiteatur
820 558 1179 629 integraliter,
1214 574 1317 615 non
1350 560 1599 615 dividens
1641 575 1706 616 ea
1749 560 1981 616 diversis
2017 562 2319 617 sacerdoti-

310 646 431 701 bus.
478 646 662 701 Tertia
690 662 819 718 pars
853 656 935 703 est
964 647 1268 703 satisfac-tio
1298 664 1394 721 pro
1424 648 1666 720 peccatis
1703 650 2000 704 secundum
2037 650 2319 705 arbitrium
2391 705 2406 720 ‚

308 732 631 799 sacerdotis,
663 748 788 807 quae
816 734 1037 806 quidem
1079 735 1322 807 paecipue
1352 734 1411 789 tit
1441 750 1536 807 per
1573 734 1860 807 jejunium,
1911 741 1966 790 et
1995 735 2316 801 orationem,

311 827 366 877 et
408 821 833 894 eleemosynam.
863 822 1057 877 Forma
1086 829 1273 887 ,autem
1320 808 1484 894 liujus
1510 824 1836 880 sacramenti
1877 830 2002 879 sunt
2028 823 2194 880 verba
2223 822 2320 880 ab·

310 909 612 979 solutionis,
632 926 758 983 quae
773 912 1028 967 sacerdos
1057 910 1279 985 profert,
1307 928 1434 967 cum
1447 910 1582 967 dicit
1606 928 1620 967 :
1645 932 1670 965 α
1695 912 1808 985 Ego
1827 917 1880 968 te
1901 912 2142 970 absolvo.
2168 932 2195 965 w
2215 913 2319 968 Mi-

312 1000 482 1057 nister
509 1000 672 1076 hujus
708 1002 1038 1057 sacramenti
1076 1005 1161 1057 est
1188 1000 1446 1059 sacerdos
1483 1000 1691 1059 habens
1718 1002 2103 1059 auctoritatem
2137 1002 2321 1059 absol-

310 1090 474 1145 vendi
521 1089 605 1145 vel
653 1089 1006 1156 ordinariam,
1056 1091 1136 1147 vel
1192 1108 1257 1147 ex
1302 1091 1685 1147 commissione
1723 1092 2040 1163 superioris.
2085 1091 2322 1148 Effectus

312 1178 470 1250 hujus
506 1178 835 1236 sacramenti
872 1188 957 1236 est
987 1178 1257 1237 absolutio
1302 1195 1333 1236 a
1364 1186 1610 1254 peccato.
1640 1180 1738 1235 Est
1767 1189 1952 1237 autem
1987 1187 2178 1237 contra
2218 1180 2322 1236 hoc

311 1273 715 1325 sacramentum
740 1285 893 1325 error
914 1270 1363 1340 Novatianorum,
1396 1270 1492 1343 qui
1522 1270 1712 1326 dicunt
1734 1270 2008 1326 hominem
2039 1277 2158 1341 post
2182 1269 2322 1343 bap-

312 1358 535 1413 tismum
563 1358 879 1429 peccantem
912 1375 1019 1415 non
1052 1372 1209 1432 posse
1235 1376 1329 1432 per
1363 1360 1742 1432 poenitentiam
1771 1360 1988 1415 veniam
2012 1358 2276 1431 consequi
2304 1374 2319 1412 τ

312 1455 501 1502 contra
532 1463 671 1520 quos
698 1444 919 1515 dicitur,
952 1448 1253 1521 Apocalyp.
1288 1464 1332 1505 11
1371 1444 1626 1506 :·Memor
1663 1454 1767 1504 esto
1799 1448 1936 1503 unde
1966 1446 2242 1512 eoecideris,
2272 1434 2325 1503 et

313 1553 406 1608 aye
430 1536 817 1608 poenitentiam,
856 1542 906 1591 et
935 1536 1123 1609 prima
1148 1554 1311 1609 opera
1346 1538 1752 1609 fac..Quintum
1797 1544 2199 1594 sacramentum
2237 1544 2324 1593 est

313 1634 573 1682 extremae
604 1626 893 1691 υηειίοῐιῑε,
926 1627 1081 1697 cujus
1110 1626 1341 1682 materia
1372 1634 1454 1682 est
1479 1626 1658 1682 oleum
1688 1626 1846 1684 olivae
1875 1642 1971 1698 per
2005 1627 2322 1700 episcopum

314 1712 660 1770 benedictum
705 1732 720 1770 ε
750 1714 853 1769 hoc
892 1723 1074 1771 autem
1112 1721 1513 1770 sacramentum
1545 1730 1649 1771 non
1685 1714 1848 1771 debet
1873 1714 1988 1769 dari
2034 1714 2140 1769 nisi
2167 1714 2323 1771 infir-

314 1802 440 1871 mis,
464 1802 680 1875 quando
706 1802 929 1859 timetur
952 1803 1021 1857 de
1047 1800 1286 1875 periculo
1315 1802 1528 1869 mortiS,
1558 1801 1652 1874 qui
1677 1801 1876 1857 debent
1901 1803 2085 1875 inungi
2108 1803 2166 1857 in
2191 1802 2324 1859 locis

315 1891 555 1963 quinque
594 1898 869 1960 sensuum,
916 1890 1173 1947 videlicet
1210 1890 1265 1946 in
1305 1890 1477 1947 oculis
1505 1897 1725 1963 propter
1769 1892 1966 1955 visum,
2016 1891 2070 1946 in
2103 1891 2323 1949 auribus

314 1986 539 2051 propter·
575 1980 841 2049 auditum,
883 1980 937 2036 in
983 1979 1203 2036 naribus
1244 1985 1465 2053 propter
1515 1978 1836 2047 odoratum,
1867 1980 1920 2033 in
1967 1996 2058 2036 ore
2104 1987 2324 2053 propter

314 2076 533 2141 gustum
574 2068 660 2125 vel
710 2070 1056 2135 locutionem,
1104 2070 1160 2129 ¹in
1194 2068 1442 2125 manibus
1472 2074 1693 2142 propter
1724 2076 1952 2133 tactum,
2001 2068 2051 2122 in
2096 2070 2324 2141 pedibus

313 2166 536 2231 propter
571 2175 838 2231 gressum.
870 2160 1105 2229 Quidam
1136 2167 1318 2215 autem
1363 2160 1633 2229 inungunt
1663 2159 1716 2213 in
1765 2158 2003 2223 renibuS,
2057 2159 2144 2212 ubi
2177 2160 2324 2229 viget

316 2246 503 2303 libido.
528 2248 722 2305 Forma
742 2256 923 2304 autem
946 2249 1104 2321 hujus
1134 2248 1463 2305 sacramenti
1483 2254 1566 2303 est
1592 2248 1695 2303 ista
1720 2264 1732 2302 ε
1761 2268 1784 2299 α
1810 2248 1913 2303 Per
1934 2248 2094 2304 istam
2123 2249 2324 2303 unctio·

316 2351 457 2403 nem,
508 2342 563 2391 et
604 2352 758 2392 suam
799 2336 1099 2409 piissimam
1130 2336 1561 2393 misericordiam
1606 2336 1885 2408 indulgeat
1916 2336 2012 2391 tibi
2062 2336 2325 2393 Dominus

315 2424 582 2498 quidquid
606 2424 886 2499 deliquisti
912 2442 1007 2499 per
1034 2426 1208 2483 visum
1231 2446 1277 2493 ι),
1298 2433 1354 2481 ει
1378 2425 1629 2481 similiter
1659 2425 1712 2480 in
1741 2424 1882 2481 aliis.
1899 2426 2143 2482 Minister
2165 2424 2326 2497 hujus

314 2515 643 2571 sacramenti
668 2522 752 2572 est
785 2516 1041 2572 sacerdos
1074 2533 1086 2569 ε
1118 2518 1342 2571 effectus
1367 2522 1548 2571 autem
1573 2515 1733 2587 hujus
1761 2516 2086 2571 sacramenti
2123 2523 2205 2571 est
2231 2531 2326 2571 sa-

314 2602 465 2659 natio
494 2603 690 2657 mentis
727 2609 782 2657 et
814 2603 1085 2676 corporis3
1114 2594 1303 2660 contra
1331 2604 1437 2660 hoc
1463 2611 1862 2661 sacramentum
1894 2612 1978 2659 est
2005 2620 2156 2659 error
2184 2604 2327 2660 Era-

314 2692 641 2755 conitarum,
669 2690 762 2761 qui
777 2689 1024 2745 feruntur
1039 2706 1167 2747 suos
1194 2690 1487 2747 morientes
1520 2707 1658 2747 novo
1685 2692 1848 2747 modo
1873 2693 2028 2763 quasi
2057 2691 2326 2769 redimeffl

315 2797 412 2851 per
452 2776 651 2842 oleum,
684 2784 739 2833 ει
777 2778 1098 2848 balsamum,
1144 2788 1198 2835 et
1237 2794 1457 2853 aquam,
1497 2787 1551 2835 et
1583 2779 2018 2845 invocationibus
2049 2797 2185 2853 quas
2222 2766 2822 2861 he-'·'*‘*'*·*-.-—„²

312 2868 517 2925 braicis
538 2864 719 2923 verbis
744 2866 933 2923 dicunt
960 2882 1121 2939 super
1146 2867 1328 2939 capita
1357 2881 1566 2932 eorum,
1598 2867 1743 2939 quod
1771 2876 1853 2923 est
1875 2876 2067 2924 contra
2096 2869 2324 2925 sormam
2819 2864 2822 2873 ’

316 2974 347 3013 a
368 2956 572 3013 Jacobo
601 2955 881 3025 traditam,
910 2963 969 3010 ut
997 2970 1161 3027 supra
1186 2955 1391 3010 dictum
1422 2962 1525 3009 est.
1557 2956 1781 3010 Sextum
1807 2961 1890 3012 εει
1919 2963 2326 3013 sacramentum

316 3044 559 3101 ordinis·
582 3046 717 3101 Sunt
758 3050 942 3101 autem
974 3051 1183 3119 septem
1216 3043 1454 3109 ordinae,
1488 3042 1700 3099 scilicet
1737 3032 2166 3117 presbyteram,
2200 3046 2327 3102 dia-

317 3143 564 3201 conatus,
615 3132 1057 3201 subdiaconatus,
1109 3133 1438 3207 acolytatuS,
1487 3133 1793 3201 exorcistae,
1844 3133 2082 3203 lectoris,
2129 3141 2186 3190 et
2228 3133 2324 3192 osss-

320 3224 485 3293 tiarii,
516 3222 807 3301 clericatus
836 3232 1019 3279 autem
1050 3239 1155 3279 non
1182 3228 1269 3280 est
1295 3223 1448 3289 ord0,
1489 3221 1584 3277 sed
1611 3220 1862 3297 quaedam
1903 3222 2166 3296 professio
2196 3226 2326 3284 vitae

317 3314 565 3369 dantium
603 3328 662 3367 se
693 3311 879 3369 divino
914 3311 1237 3369 ministerio.
1281 3312 1642 3385 Episcopatus
1683 3315 1870 3367 autem
1896 3312 2072 3383 magis
2111 3323 2197 3369 est
2235 3315 2327 3369 di-

316 3402 515 3474 gnitas,
548 3416 713 3475 quam
742 3400 898 3458 ordo.
929 3401 1156 3457 Materia
1182 3410 1367 3458 autem
1389 3400 1549 3473 hujus
1579 3399 1910 3457 'sacramenti
1935 3407 2020 3456 est
2043 3401 2174 3457 illud
2200 3418 2326 3458 ma-

320 3490 527 3559 teriale,
556 3507 650 3563 per
678 3491 835 3565 cujus
859 3490 1209 3547 traditionem
1234 3490 1511 3546 confertur
1533 3490 1666 3547 ordo
1698 3506 1712 3521 ⁰
1745 3489 1889 3545 sicut
1911 3488 2328 3563 presbyteratus

319 3580 555 3636 traditur
582 3594 678 3652 per
702 3578 1049 3635 collationem
1072 3577 1278 3645 caliciS,
1311 3583 1367 3635 et
1404 3578 1636 3650 quilibet
1664 3576 1797 3635 ordo
1825 3576 2061 3634 traditur
2085 3582 2182 3651 per
2206 3578 2326 3635 col-

319 3668 577 3723 lationem
614 3666 759 3723 illius
802 3666 881 3723 rei
920 3683 1044 3739 quae
1070 3668 1345 3740 praecipue
1382 3667 1619 3741 pertinet
1661 3668 1728 3723 ad
1779 3665 2140 3723 ministerium
2180 3668 2328 3724 illius

317 3754 543 3812 ordinis·
568 3755 762 3813 Forma
778 3764 963 3813 autem
986 3755 1147 3827 hujus
1174 3756 1502 3813 sacramenti
1533 3764 1614 3811 est
1643 3755 1769 3811 talis
1801 3772 1814 3809 ε
1849 3776 1874 3805 «
1909 3754 2110 3829 Accipe
2134 3764 2326 3828 potes·-

319 3851 491 3907 tatem
519 3844 779 3900 offerendi
813 3844 1142 3901 sacrificium
1174 3845 1228 3898 in
1264 3844 1506 3900 Ecclesia
1535 3859 1633 3916 pro
1656 3843 1795 3917 vivis
1829 3849 1885 3899 et
1908 3844 2139 3901 mortuis
2167 3865 2192 3899 ιο
2225 3861 2236 3903 :
2269 3852 2328 3903 et

320 3934 467 3991 idem
514 3939 599 3989 est
642 3931 933 3989 dicendum
980 3932 1037 3989 in
1081 3931 1456 3999 consimilibus
1501 3932 1803 3991 ordinibus.
1855 3933 2098 3991 Minister
2163 3934 2343 4010 hujus
