<?xml version="1.0" encoding="UTF-8"?>
<!DOCTYPE html PUBLIC "-//W3C//DTD XHTML 1.0 Transitional//EN"
    "http://www.w3.org/TR/xhtml1/DTD/xhtml1-transitional.dtd">
<html xmlns="http://www.w3.org/1999/xhtml" xml:lang="en" lang="en">
 <head>
  <title>
</title>
<meta http-equiv="Content-Type" content="text/html;charset=utf-8" />
  <meta name='ocr-system' content='tesseract 3.04.00' />
  <meta name='ocr-capabilities' content='ocr_page ocr_carea ocr_par ocr_line ocrx_word'/>
</head>
<body>
  <div class='ocr_page' id='page_1' title='image "./sthomaquinatisd02thomgoog_0315.png"; bbox 0 0 2850 4517; ppageno 0'>
   <div class='ocr_carea' id='block_1_1' title="bbox 623 359 2315 422">
    <p class='ocr_par' dir='ltr' id='par_1_1' title="bbox 623 359 2315 422">
     <span class='ocr_line' id='line_1_1' title="bbox 623 359 2315 422; baseline 0.004 -8"><span class='ocrx_word' id='word_1_1' title='bbox 623 369 708 414; x_wconf 76' lang='lat' dir='ltr'><strong>tv.</strong></span> <span class='ocrx_word' id='word_1_2' title='bbox 736 383 817 398; x_wconf 93' lang='lat'><strong>—</strong></span> <span class='ocrx_word' id='word_1_3' title='bbox 841 367 920 413; x_wconf 69' lang='grc' dir='ltr'><strong><em>π</em></strong></span> <span class='ocrx_word' id='word_1_4' title='bbox 962 369 1383 413; x_wconf 70' lang='lat' dir='ltr'><strong>ranrncrmun</strong></span> <span class='ocrx_word' id='word_1_5' title='bbox 1427 371 1592 413; x_wconf 76' lang='lat' dir='ltr'><strong>vrrAE</strong></span> <span class='ocrx_word' id='word_1_6' title='bbox 1643 360 2016 418; x_wconf 71' lang='lat' dir='ltr'><strong>srmrrmms</strong></span> <span class='ocrx_word' id='word_1_7' title='bbox 2203 359 2315 422; x_wconf 83' lang='lat'><strong>301</strong></span> 
     </span>
    </p>
   </div>
   <div class='ocr_carea' id='block_1_2' title="bbox 1084 565 1554 634">
    <p class='ocr_par' dir='ltr' id='par_1_2' title="bbox 1084 565 1554 634">
     <span class='ocr_line' id='line_1_2' title="bbox 1084 565 1554 634; baseline 0.002 -1"><span class='ocrx_word' id='word_1_8' title='bbox 1084 565 1368 634; x_wconf 88' lang='lat' dir='ltr'>CAPUT</span> <span class='ocrx_word' id='word_1_9' title='bbox 1433 567 1554 634; x_wconf 92' lang='lat' dir='ltr'><strong>IX.</strong></span> 
     </span>
    </p>
   </div>
   <div class='ocr_carea' id='block_1_3' title="bbox 366 699 2263 790">
    <p class='ocr_par' dir='ltr' id='par_1_3' title="bbox 366 699 2263 790">
     <span class='ocr_line' id='line_1_3' title="bbox 366 699 2263 790; baseline 0.002 -16"><span class='ocrx_word' id='word_1_10' title='bbox 366 709 462 774; x_wconf 79' lang='lat' dir='ltr'><strong>De</strong></span> <span class='ocrx_word' id='word_1_11' title='bbox 487 708 587 772; x_wconf 73' lang='lat' dir='ltr'><strong>Itis</strong></span> <span class='ocrx_word' id='word_1_12' title='bbox 605 699 827 790; x_wconf 76' lang='lat' dir='ltr'><strong>quibus</strong></span> <span class='ocrx_word' id='word_1_13' title='bbox 846 707 1017 770; x_wconf 73' lang='lat' dir='ltr'><strong>homo</strong></span> <span class='ocrx_word' id='word_1_14' title='bbox 1031 707 1302 786; x_wconf 75' lang='lat' dir='ltr'><strong>juvatur</strong></span> <span class='ocrx_word' id='word_1_15' title='bbox 1328 708 1411 771; x_wconf 88' lang='lat' dir='ltr'><strong>ad</strong></span> <span class='ocrx_word' id='word_1_16' title='bbox 1436 707 1866 772; x_wconf 77' lang='lat' dir='ltr'><strong>continentiam</strong></span> <span class='ocrx_word' id='word_1_17' title='bbox 1891 713 2263 778; x_wconf 67' lang='lat' dir='ltr'><strong>sonandam.</strong></span> 
     </span>
    </p>
   </div>
   <div class='ocr_carea' id='block_1_4' title="bbox 311 839 2326 1626">
    <p class='ocr_par' dir='ltr' id='par_1_4' title="bbox 311 839 2326 1626">
     <span class='ocr_line' id='line_1_4' title="bbox 382 839 2323 914; baseline 0.003 -17"><span class='ocrx_word' id='word_1_18' title='bbox 382 842 525 912; x_wconf 85' lang='lat' dir='ltr'><strong>Quia</strong></span> <span class='ocrx_word' id='word_1_19' title='bbox 554 841 721 911; x_wconf 86' lang='lat' dir='ltr'><strong>igitur</strong></span> <span class='ocrx_word' id='word_1_20' title='bbox 747 856 845 913; x_wconf 89' lang='lat' dir='ltr'><strong>per</strong></span> <span class='ocrx_word' id='word_1_21' title='bbox 870 839 1222 896; x_wconf 68' lang='lat' dir='ltr'><strong>continentiae</strong></span> <span class='ocrx_word' id='word_1_22' title='bbox 1248 840 1395 896; x_wconf 83' lang='lat' dir='ltr'><strong>viam</strong></span> <span class='ocrx_word' id='word_1_23' title='bbox 1433 840 1690 898; x_wconf 77' lang='lat' dir='ltr'><strong>incedere</strong></span> <span class='ocrx_word' id='word_1_24' title='bbox 1717 846 1833 898; x_wconf 86' lang='lat' dir='ltr'><strong>tam</strong></span> <span class='ocrx_word' id='word_1_25' title='bbox 1861 843 2093 900; x_wconf 87' lang='lat' dir='ltr'><strong>arduum</strong></span> <span class='ocrx_word' id='word_1_26' title='bbox 2122 853 2227 914; x_wconf 89' lang='lat' dir='ltr'><strong>est,</strong></span> <span class='ocrx_word' id='word_1_27' title='bbox 2257 853 2323 903; x_wconf 89' lang='lat' dir='ltr'><strong>ut</strong></span> 
     </span>
     <span class='ocr_line' id='line_1_5' title="bbox 313 929 2324 1006; baseline 0.001 -18"><span class='ocrx_word' id='word_1_28' title='bbox 313 933 469 1006; x_wconf 84' lang='lat' dir='ltr'><strong>juxta</strong></span> <span class='ocrx_word' id='word_1_29' title='bbox 502 929 731 986; x_wconf 84' lang='lat' dir='ltr'><strong>verbum</strong></span> <span class='ocrx_word' id='word_1_30' title='bbox 771 929 1007 996; x_wconf 84' lang='lat' dir='ltr'><strong>Domini,</strong></span> <span class='ocrx_word' id='word_1_31' title='bbox 1053 943 1161 985; x_wconf 89' lang='lat' dir='ltr'><strong>non</strong></span> <span class='ocrx_word' id='word_1_32' title='bbox 1207 943 1397 985; x_wconf 87' lang='lat' dir='ltr'><strong>omnes</strong></span> <span class='ocrx_word' id='word_1_33' title='bbox 1444 929 1547 986; x_wconf 87' lang='lat' dir='ltr'><strong>boc</strong></span> <span class='ocrx_word' id='word_1_34' title='bbox 1589 930 1831 1002; x_wconf 81' lang='lat' dir='ltr'><strong>capiant,</strong></span> <span class='ocrx_word' id='word_1_35' title='bbox 1881 931 1978 986; x_wconf 86' lang='lat' dir='ltr'><strong>sed</strong></span> <span class='ocrx_word' id='word_1_36' title='bbox 2035 932 2135 988; x_wconf 89' lang='lat' dir='ltr'><strong>Dei</strong></span> <span class='ocrx_word' id='word_1_37' title='bbox 2178 934 2324 990; x_wconf 89' lang='lat' dir='ltr'><strong>dono</strong></span> 
     </span>
     <span class='ocr_line' id='line_1_6' title="bbox 314 1018 2318 1096; baseline 0 -19"><span class='ocrx_word' id='word_1_38' title='bbox 314 1021 601 1090; x_wconf 83' lang='lat' dir='ltr'><strong>habeatur,</strong></span> <span class='ocrx_word' id='word_1_39' title='bbox 632 1035 729 1092; x_wconf 92' lang='lat' dir='ltr'><strong>per</strong></span> <span class='ocrx_word' id='word_1_40' title='bbox 766 1018 907 1076; x_wconf 87' lang='lat' dir='ltr'><strong>hanc</strong></span> <span class='ocrx_word' id='word_1_41' title='bbox 952 1018 1101 1075; x_wconf 85' lang='lat' dir='ltr'><strong>viam</strong></span> <span class='ocrx_word' id='word_1_42' title='bbox 1144 1018 1397 1076; x_wconf 88' lang='lat' dir='ltr'><strong>incedere</strong></span> <span class='ocrx_word' id='word_1_43' title='bbox 1427 1018 1734 1075; x_wconf 84' lang='lat' dir='ltr'><strong>volentibus</strong></span> <span class='ocrx_word' id='word_1_44' title='bbox 1769 1019 1851 1075; x_wconf 89' lang='lat' dir='ltr'><strong>sic</strong></span> <span class='ocrx_word' id='word_1_45' title='bbox 1879 1035 2041 1091; x_wconf 85' lang='lat' dir='ltr'><strong>agere</strong></span> <span class='ocrx_word' id='word_1_46' title='bbox 2083 1030 2318 1096; x_wconf 85' lang='lat' dir='ltr'><strong>oportet,</strong></span> 
     </span>
     <span class='ocr_line' id='line_1_7' title="bbox 314 1106 2322 1183; baseline 0 -17"><span class='ocrx_word' id='word_1_47' title='bbox 314 1117 374 1166; x_wconf 83' lang='lat' dir='ltr'><strong>ut</strong></span> <span class='ocrx_word' id='word_1_48' title='bbox 419 1110 598 1167; x_wconf 84' lang='lat' dir='ltr'><strong>vitent</strong></span> <span class='ocrx_word' id='word_1_49' title='bbox 649 1124 746 1175; x_wconf 88' lang='lat' dir='ltr'><strong>ea,</strong></span> <span class='ocrx_word' id='word_1_50' title='bbox 798 1106 999 1181; x_wconf 88' lang='lat' dir='ltr'><strong>quibus</strong></span> <span class='ocrx_word' id='word_1_51' title='bbox 1062 1123 1095 1164; x_wconf 91' lang='lat' dir='ltr'><strong>a</strong></span> <span class='ocrx_word' id='word_1_52' title='bbox 1151 1107 1531 1180; x_wconf 75' lang='lat' dir='ltr'><strong>prosecutione</strong></span> <span class='ocrx_word' id='word_1_53' title='bbox 1588 1107 1752 1180; x_wconf 82' lang='lat' dir='ltr'><strong>hujus</strong></span> <span class='ocrx_word' id='word_1_54' title='bbox 1805 1108 2020 1166; x_wconf 85' lang='lat' dir='ltr'><strong>itineris</strong></span> <span class='ocrx_word' id='word_1_55' title='bbox 2068 1111 2322 1183; x_wconf 83' lang='lat' dir='ltr'><strong>impediri</strong></span> 
     </span>
     <span class='ocr_line' id='line_1_8' title="bbox 315 1196 2319 1272; baseline -0 -17"><span class='ocrx_word' id='word_1_56' title='bbox 315 1205 558 1272; x_wconf 80' lang='lat' dir='ltr'><strong>possent.</strong></span> <span class='ocrx_word' id='word_1_57' title='bbox 612 1196 741 1254; x_wconf 83' lang='lat' dir='ltr'><strong>Tria</strong></span> <span class='ocrx_word' id='word_1_58' title='bbox 792 1204 977 1254; x_wconf 91' lang='lat' dir='ltr'><strong>autem</strong></span> <span class='ocrx_word' id='word_1_59' title='bbox 1044 1211 1165 1253; x_wconf 85' lang='lat' dir='ltr'><strong>esse</strong></span> <span class='ocrx_word' id='word_1_60' title='bbox 1221 1196 1614 1269; x_wconf 79' lang='lat' dir='ltr'><strong>impedimenta</strong></span> <span class='ocrx_word' id='word_1_61' title='bbox 1665 1197 2020 1254; x_wconf 68' lang='lat' dir='ltr'><strong>continentias</strong></span> <span class='ocrx_word' id='word_1_62' title='bbox 2072 1205 2319 1272; x_wconf 85' lang='lat' dir='ltr'><strong>apparet.</strong></span> 
     </span>
     <span class='ocr_line' id='line_1_9' title="bbox 313 1285 2320 1360; baseline 0 -16"><span class='ocrx_word' id='word_1_63' title='bbox 313 1289 556 1344; x_wconf 86' lang='lat' dir='ltr'><strong>Primum</strong></span> <span class='ocrx_word' id='word_1_64' title='bbox 597 1285 819 1360; x_wconf 88' lang='lat' dir='ltr'><strong>quidem</strong></span> <span class='ocrx_word' id='word_1_65' title='bbox 847 1301 915 1342; x_wconf 83' lang='lat' dir='ltr'><strong>ex</strong></span> <span class='ocrx_word' id='word_1_66' title='bbox 952 1289 1107 1358; x_wconf 87' lang='lat' dir='ltr'><strong>parte</strong></span> <span class='ocrx_word' id='word_1_67' title='bbox 1148 1285 1413 1358; x_wconf 88' lang='lat' dir='ltr'><strong>corporis.</strong></span> <span class='ocrx_word' id='word_1_68' title='bbox 1448 1285 1758 1343; x_wconf 90' lang='lat' dir='ltr'><strong>Secundum</strong></span> <span class='ocrx_word' id='word_1_69' title='bbox 1806 1301 1873 1342; x_wconf 84' lang='lat' dir='ltr'><strong>ex</strong></span> <span class='ocrx_word' id='word_1_70' title='bbox 1913 1294 2071 1360; x_wconf 87' lang='lat' dir='ltr'><strong>parte</strong></span> <span class='ocrx_word' id='word_1_71' title='bbox 2101 1289 2320 1345; x_wconf 85' lang='lat' dir='ltr'><strong>animae.</strong></span> 
     </span>
     <span class='ocr_line' id='line_1_10' title="bbox 312 1373 2324 1448; baseline 0 -15"><span class='ocrx_word' id='word_1_72' title='bbox 312 1377 569 1434; x_wconf 83' lang='lat' dir='ltr'><strong>Tertium</strong></span> <span class='ocrx_word' id='word_1_73' title='bbox 620 1390 688 1431; x_wconf 84' lang='lat' dir='ltr'><strong>ex</strong></span> <span class='ocrx_word' id='word_1_74' title='bbox 755 1380 913 1448; x_wconf 83' lang='lat' dir='ltr'><strong>parte</strong></span> <span class='ocrx_word' id='word_1_75' title='bbox 987 1374 1321 1431; x_wconf 79' lang='lat' dir='ltr'><strong>exteriorum</strong></span> <span class='ocrx_word' id='word_1_76' title='bbox 1390 1389 1781 1446; x_wconf 82' lang='lat' dir='ltr'><strong>personarum,</strong></span> <span class='ocrx_word' id='word_1_77' title='bbox 1837 1373 1926 1431; x_wconf 84' lang='lat' dir='ltr'><strong>vel</strong></span> <span class='ocrx_word' id='word_1_78' title='bbox 1979 1392 2184 1432; x_wconf 88' lang='lat' dir='ltr'><strong>rerum.</strong></span> <span class='ocrx_word' id='word_1_79' title='bbox 2245 1379 2324 1434; x_wconf 86' lang='lat' dir='ltr'><strong>Ex</strong></span> 
     </span>
     <span class='ocr_line' id='line_1_11' title="bbox 311 1463 2322 1539; baseline 0.001 -18"><span class='ocrx_word' id='word_1_80' title='bbox 311 1471 471 1537; x_wconf 86' lang='lat' dir='ltr'><strong>parte</strong></span> <span class='ocrx_word' id='word_1_81' title='bbox 524 1463 746 1539; x_wconf 90' lang='lat' dir='ltr'><strong>quidem</strong></span> <span class='ocrx_word' id='word_1_82' title='bbox 810 1463 1015 1537; x_wconf 88' lang='lat' dir='ltr'><strong>proprii</strong></span> <span class='ocrx_word' id='word_1_83' title='bbox 1072 1463 1344 1537; x_wconf 87' lang='lat' dir='ltr'><strong>corporis,</strong></span> <span class='ocrx_word' id='word_1_84' title='bbox 1404 1463 1532 1536; x_wconf 86' lang='lat' dir='ltr'><strong>quia</strong></span> <span class='ocrx_word' id='word_1_85' title='bbox 1601 1463 1746 1520; x_wconf 87' lang='lat' dir='ltr'><strong>sicut</strong></span> <span class='ocrx_word' id='word_1_86' title='bbox 1809 1466 2002 1536; x_wconf 83' lang='lat' dir='ltr'><strong>Apost.</strong></span> <span class='ocrx_word' id='word_1_87' title='bbox 2059 1464 2196 1521; x_wconf 89' lang='lat' dir='ltr'><strong>dicit</strong></span> <span class='ocrx_word' id='word_1_88' title='bbox 2253 1467 2322 1523; x_wconf 92' lang='lat' dir='ltr'><strong>ad</strong></span> 
     </span>
     <span class='ocr_line' id='line_1_12' title="bbox 311 1551 2326 1626; baseline 0 -16"><span class='ocrx_word' id='word_1_89' title='bbox 311 1553 437 1610; x_wconf 85' lang='lat' dir='ltr'><strong>Gal.</strong></span> <span class='ocrx_word' id='word_1_90' title='bbox 492 1569 531 1607; x_wconf 85' lang='lat' dir='ltr'>v</span> <span class='ocrx_word' id='word_1_91' title='bbox 575 1569 591 1609; x_wconf 77' lang='lat' dir='ltr'><strong>t</strong></span> <span class='ocrx_word' id='word_1_92' title='bbox 654 1551 797 1609; x_wconf 81' lang='lat' dir='ltr'><strong>Caro</strong></span> <span class='ocrx_word' id='word_1_93' title='bbox 851 1551 1168 1624; x_wconf 76' lang='lat' dir='ltr'><strong>concupiscit</strong></span> <span class='ocrx_word' id='word_1_94' title='bbox 1239 1551 1494 1607; x_wconf 79' lang='lat' dir='ltr'><strong>adversus</strong></span> <span class='ocrx_word' id='word_1_95' title='bbox 1562 1551 1840 1624; x_wconf 76' lang='lat' dir='ltr'><strong>spiritum.</strong></span> <span class='ocrx_word' id='word_1_96' title='bbox 1908 1553 2075 1626; x_wconf 80' lang='lat' dir='ltr'><strong>Cujus</strong></span> <span class='ocrx_word' id='word_1_97' title='bbox 2142 1555 2326 1612; x_wconf 85' lang='lat' dir='ltr'><strong>carnis</strong></span> 
     </span>
    </p>
   </div>
   <div class='ocr_carea' id='block_1_5' title="bbox 311 1638 2429 1714">
    <p class='ocr_par' dir='ltr' id='par_1_5' title="bbox 311 1638 2429 1714">
     <span class='ocr_line' id='line_1_13' title="bbox 311 1638 2429 1714; baseline 0 -16"><span class='ocrx_word' id='word_1_98' title='bbox 311 1657 482 1714; x_wconf 86' lang='lat' dir='ltr'><strong>opera</strong></span> <span class='ocrx_word' id='word_1_99' title='bbox 509 1639 715 1697; x_wconf 88' lang='lat' dir='ltr'><strong>ibidem</strong></span> <span class='ocrx_word' id='word_1_100' title='bbox 758 1653 877 1695; x_wconf 88' lang='lat' dir='ltr'><strong>esse</strong></span> <span class='ocrx_word' id='word_1_101' title='bbox 920 1639 1178 1695; x_wconf 86' lang='lat' dir='ltr'><strong>dicuntur</strong></span> <span class='ocrx_word' id='word_1_102' title='bbox 1218 1638 1534 1711; x_wconf 75' lang='lat' dir='ltr'><strong>fornicatio,</strong></span> <span class='ocrx_word' id='word_1_103' title='bbox 1563 1639 1931 1706; x_wconf 75' lang='lat' dir='ltr'><strong>immunditia,</strong></span> <span class='ocrx_word' id='word_1_104' title='bbox 1960 1641 2322 1714; x_wconf 81' lang='lat' dir='ltr'><strong>impudicitia,</strong></span> <span class='ocrx_word' id='word_1_105' title='bbox 2347 1665 2360 1680; x_wconf 87' lang='lat'><strong>·</strong></span> <span class='ocrx_word' id='word_1_106' title='bbox 2423 1645 2429 1652; x_wconf 89' lang='lat'>&#39;</span> 
     </span>
    </p>
   </div>
   <div class='ocr_carea' id='block_1_6' title="bbox 304 1725 2338 4008">
    <p class='ocr_par' dir='ltr' id='par_1_6' title="bbox 304 1725 2338 4008">
     <span class='ocr_line' id='line_1_14' title="bbox 311 1725 2321 1801; baseline -0.001 -13"><span class='ocrx_word' id='word_1_107' title='bbox 311 1740 365 1788; x_wconf 86' lang='lat' dir='ltr'><strong>et</strong></span> <span class='ocrx_word' id='word_1_108' title='bbox 393 1735 598 1786; x_wconf 85' lang='lat' dir='ltr'><strong>caetera</strong></span> <span class='ocrx_word' id='word_1_109' title='bbox 622 1727 938 1800; x_wconf 86' lang='lat' dir='ltr'><strong>hujusmodi</strong></span> <span class='ocrx_word' id='word_1_110' title='bbox 969 1745 983 1782; x_wconf 70' lang='grc' dir='ltr'><strong>ε</strong></span> <span class='ocrx_word' id='word_1_111' title='bbox 1014 1725 1137 1782; x_wconf 82' lang='lat' dir='ltr'><strong>haec</strong></span> <span class='ocrx_word' id='word_1_112' title='bbox 1164 1731 1346 1782; x_wconf 89' lang='lat' dir='ltr'><strong>autem</strong></span> <span class='ocrx_word' id='word_1_113' title='bbox 1376 1727 1821 1798; x_wconf 85' lang='lat' dir='ltr'><strong>concupiscentia</strong></span> <span class='ocrx_word' id='word_1_114' title='bbox 1865 1730 2048 1785; x_wconf 86' lang='lat' dir='ltr'><strong>carnis</strong></span> <span class='ocrx_word' id='word_1_115' title='bbox 2085 1739 2170 1786; x_wconf 86' lang='lat' dir='ltr'><strong>est</strong></span> <span class='ocrx_word' id='word_1_116' title='bbox 2213 1731 2321 1801; x_wconf 84' lang='lat' dir='ltr'><strong>lex,</strong></span> 
     </span>
     <span class='ocr_line' id='line_1_15' title="bbox 311 1812 2327 1890; baseline -0.001 -16"><span class='ocrx_word' id='word_1_117' title='bbox 311 1818 377 1874; x_wconf 90' lang='lat' dir='ltr'><strong>de</strong></span> <span class='ocrx_word' id='word_1_118' title='bbox 402 1816 517 1890; x_wconf 80' lang='lat' dir='ltr'><strong>qua</strong></span> <span class='ocrx_word' id='word_1_119' title='bbox 539 1816 678 1873; x_wconf 84' lang='lat' dir='ltr'><strong>dicit</strong></span> <span class='ocrx_word' id='word_1_120' title='bbox 698 1812 945 1886; x_wconf 79' lang='lat' dir='ltr'><strong>Apostol.</strong></span> <span class='ocrx_word' id='word_1_121' title='bbox 978 1814 1048 1870; x_wconf 89' lang='lat' dir='ltr'><strong>ad</strong></span> <span class='ocrx_word' id='word_1_122' title='bbox 1073 1814 1231 1870; x_wconf 86' lang='lat' dir='ltr'><strong>Rom.</strong></span> <span class='ocrx_word' id='word_1_123' title='bbox 1262 1828 1348 1870; x_wconf 84' lang='lat' dir='ltr'><strong>vn</strong></span> <span class='ocrx_word' id='word_1_124' title='bbox 1376 1832 1388 1868; x_wconf 77' lang='grc' dir='ltr'><strong>ε</strong></span> <span class='ocrx_word' id='word_1_125' title='bbox 1424 1813 1586 1871; x_wconf 84' lang='lat' dir='ltr'><strong>Video</strong></span> <span class='ocrx_word' id='word_1_126' title='bbox 1609 1815 1774 1871; x_wconf 88' lang='lat' dir='ltr'><strong>aliam</strong></span> <span class='ocrx_word' id='word_1_127' title='bbox 1801 1815 1962 1888; x_wconf 63' lang='lat' dir='ltr'><strong>legem</strong></span> <span class='ocrx_word' id='word_1_128' title='bbox 1991 1817 2052 1872; x_wconf 85' lang='lat' dir='ltr'><strong>in</strong></span> <span class='ocrx_word' id='word_1_129' title='bbox 2075 1817 2327 1873; x_wconf 78' lang='lat' dir='ltr'><strong>membris</strong></span> 
     </span>
     <span class='ocr_line' id='line_1_16' title="bbox 306 1901 2328 1976; baseline -0.002 -12"><span class='ocrx_word' id='word_1_130' title='bbox 306 1906 447 1964; x_wconf 76' lang='lat' dir='ltr'><strong>meis</strong></span> <span class='ocrx_word' id='word_1_131' title='bbox 475 1909 861 1976; x_wconf 72' lang='lat' dir='ltr'><strong>repuqnantem</strong></span> <span class='ocrx_word' id='word_1_132' title='bbox 888 1901 992 1974; x_wconf 69' lang='lat' dir='ltr'><strong>leqi</strong></span> <span class='ocrx_word' id='word_1_133' title='bbox 1013 1901 1205 1958; x_wconf 73' lang='lat' dir='ltr'><strong>mentis</strong></span> <span class='ocrx_word' id='word_1_134' title='bbox 1228 1915 1377 1957; x_wconf 82' lang='lat' dir='ltr'><strong>meae.</strong></span> <span class='ocrx_word' id='word_1_135' title='bbox 1401 1901 1622 1971; x_wconf 85' lang='lat' dir='ltr'><strong>Quanto</strong></span> <span class='ocrx_word' id='word_1_136' title='bbox 1653 1910 1840 1959; x_wconf 88' lang='lat' dir='ltr'><strong>autem</strong></span> <span class='ocrx_word' id='word_1_137' title='bbox 1867 1903 1998 1959; x_wconf 84' lang='lat' dir='ltr'><strong>c&#39;aro</strong></span> <span class='ocrx_word' id='word_1_138' title='bbox 2036 1905 2211 1976; x_wconf 85' lang='lat' dir='ltr'><strong>magis</strong></span> <span class='ocrx_word' id='word_1_139' title='bbox 2237 1904 2328 1960; x_wconf 85' lang='lat' dir='ltr'><strong>fo·-</strong></span> 
     </span>
     <span class='ocr_line' id='line_1_17' title="bbox 304 1988 2328 2065; baseline -0.003 -12"><span class='ocrx_word' id='word_1_140' title='bbox 304 2004 480 2054; x_wconf 84' lang='lat' dir='ltr'><strong>vetur</strong></span> <span class='ocrx_word' id='word_1_141' title='bbox 506 2009 606 2065; x_wconf 87' lang='lat' dir='ltr'><strong>per</strong></span> <span class='ocrx_word' id='word_1_142' title='bbox 630 1990 877 2048; x_wconf 85' lang='lat' dir='ltr'><strong>ciborum</strong></span> <span class='ocrx_word' id='word_1_143' title='bbox 908 1988 1248 2046; x_wconf 83' lang='lat' dir='ltr'><strong>affluentiam</strong></span> <span class='ocrx_word' id='word_1_144' title='bbox 1266 1994 1337 2064; x_wconf 56' lang='lat' dir='ltr'><strong>⁴et</strong></span> <span class='ocrx_word' id='word_1_145' title='bbox 1365 1988 1689 2045; x_wconf 78' lang='lat' dir='ltr'><strong>deliciarum</strong></span> <span class='ocrx_word' id='word_1_146' title='bbox 1715 1988 2018 2056; x_wconf 87' lang='lat' dir='ltr'><strong>mollitiem,</strong></span> <span class='ocrx_word' id='word_1_147' title='bbox 2041 1997 2195 2047; x_wconf 88' lang='lat' dir='ltr'><strong>tanto</strong></span> <span class='ocrx_word' id='word_1_148' title='bbox 2218 1992 2328 2047; x_wconf 87' lang='lat' dir='ltr'><strong>hu-</strong></span> 
     </span>
     <span class='ocr_line' id='line_1_18' title="bbox 306 2077 2331 2159; baseline -0.003 -17"><span class='ocrx_word' id='word_1_149' title='bbox 306 2081 557 2159; x_wconf 78' lang='lat' dir='ltr'><strong>jusmodi</strong></span> <span class='ocrx_word' id='word_1_150' title='bbox 587 2079 1033 2152; x_wconf 86' lang='lat' dir='ltr'><strong>concupiscentia</strong></span> <span class='ocrx_word' id='word_1_151' title='bbox 1061 2078 1237 2150; x_wconf 86' lang='lat' dir='ltr'><strong>magis</strong></span> <span class='ocrx_word' id='word_1_152' title='bbox 1265 2079 1466 2134; x_wconf 86' lang='lat' dir='ltr'><strong>crescit</strong></span> <span class='ocrx_word' id='word_1_153' title='bbox 1492 2094 1506 2132; x_wconf 75' lang='grc' dir='ltr'>ε</span> <span class='ocrx_word' id='word_1_154' title='bbox 1540 2077 1684 2133; x_wconf 88' lang='lat' dir='ltr'><strong>unde</strong></span> <span class='ocrx_word' id='word_1_155' title='bbox 1705 2077 1890 2134; x_wconf 87' lang='lat' dir='ltr'><strong>Hiero.</strong></span> <span class='ocrx_word' id='word_1_156' title='bbox 1917 2078 2052 2136; x_wconf 88' lang='lat' dir='ltr'><strong>dicit</strong></span> <span class='ocrx_word' id='word_1_157' title='bbox 2081 2096 2093 2133; x_wconf 91' lang='lat'>:</span> <span class='ocrx_word' id='word_1_158' title='bbox 2133 2079 2331 2138; x_wconf 78' lang='lat' dir='ltr'><strong>Venter</strong></span> 
     </span>
     <span class='ocr_line' id='line_1_19' title="bbox 308 2165 2329 2240; baseline -0.004 -8"><span class='ocrx_word' id='word_1_159' title='bbox 308 2187 465 2232; x_wconf 80' lang='lat' dir='ltr'><strong>mero</strong></span> <span class='ocrx_word' id='word_1_160' title='bbox 507 2176 739 2226; x_wconf 78' lang='lat' dir='ltr'><strong>oestuans</strong></span> <span class='ocrx_word' id='word_1_161' title='bbox 764 2167 868 2224; x_wconf 87' lang='lat' dir='ltr'><strong>cito</strong></span> <span class='ocrx_word' id='word_1_162' title='bbox 896 2167 1168 2240; x_wconf 77' lang='lat' dir='ltr'><strong>dispumat</strong></span> <span class='ocrx_word' id='word_1_163' title='bbox 1208 2165 1269 2221; x_wconf 85' lang='lat' dir='ltr'><strong>in</strong></span> <span class='ocrx_word' id='word_1_164' title='bbox 1308 2165 1607 2232; x_wconf 77' lang='lat' dir='ltr'><strong>libidinem,</strong></span> <span class='ocrx_word' id='word_1_165' title='bbox 1638 2173 1694 2222; x_wconf 89' lang='lat' dir='ltr'><strong>et</strong></span> <span class='ocrx_word' id='word_1_166' title='bbox 1722 2166 1944 2223; x_wconf 87' lang='lat' dir='ltr'><strong>Prover.</strong></span> <span class='ocrx_word' id='word_1_167' title='bbox 1980 2182 2066 2223; x_wconf 85' lang='lat' dir='ltr'><strong>xx</strong></span> <span class='ocrx_word' id='word_1_168' title='bbox 2096 2185 2108 2222; x_wconf 73' lang='grc' dir='ltr'>ι</span> <span class='ocrx_word' id='word_1_169' title='bbox 2136 2166 2329 2224; x_wconf 73' lang='lat' dir='ltr'><strong>Luxu-</strong></span> 
     </span>
     <span class='ocr_line' id='line_1_20' title="bbox 313 2254 2330 2329; baseline -0.002 -11"><span class='ocrx_word' id='word_1_170' title='bbox 313 2263 463 2319; x_wconf 74' lang='lat' dir='ltr'><strong>riosa</strong></span> <span class='ocrx_word' id='word_1_171' title='bbox 488 2275 595 2324; x_wconf 76' lang='lat' dir='ltr'><strong>res,</strong></span> <span class='ocrx_word' id='word_1_172' title='bbox 620 2258 825 2314; x_wconf 81' lang='lat' dir='ltr'><strong>vinum.</strong></span> <span class='ocrx_word' id='word_1_173' title='bbox 853 2255 921 2312; x_wconf 88' lang='lat' dir='ltr'><strong>Et</strong></span> <span class='ocrx_word' id='word_1_174' title='bbox 942 2255 1045 2312; x_wconf 81' lang='lat' dir='ltr'><strong>Job</strong></span> <span class='ocrx_word' id='word_1_175' title='bbox 1067 2270 1163 2322; x_wconf 64' lang='grc' dir='ltr'><strong>χι,</strong></span> <span class='ocrx_word' id='word_1_176' title='bbox 1194 2254 1397 2311; x_wconf 88' lang='lat' dir='ltr'><strong>dicitur</strong></span> <span class='ocrx_word' id='word_1_177' title='bbox 1430 2255 1500 2310; x_wconf 89' lang='lat' dir='ltr'><strong>de</strong></span> <span class='ocrx_word' id='word_1_178' title='bbox 1525 2254 1843 2322; x_wconf 85' lang='lat' dir='ltr'><strong>Behemoth,</strong></span> <span class='ocrx_word' id='word_1_179' title='bbox 1869 2271 1965 2326; x_wconf 90' lang='lat' dir='ltr'><strong>per</strong></span> <span class='ocrx_word' id='word_1_180' title='bbox 2002 2272 2168 2329; x_wconf 88' lang='lat' dir='ltr'><strong>quem</strong></span> <span class='ocrx_word' id='word_1_181' title='bbox 2204 2256 2330 2313; x_wconf 88' lang='lat' dir='ltr'><strong>dia-</strong></span> 
     </span>
     <span class='ocr_line' id='line_1_21' title="bbox 313 2342 2330 2418; baseline -0.002 -13"><span class='ocrx_word' id='word_1_182' title='bbox 313 2350 477 2413; x_wconf 83' lang='lat' dir='ltr'><strong>bolus</strong></span> <span class='ocrx_word' id='word_1_183' title='bbox 517 2345 898 2418; x_wconf 78' lang='lat' dir='ltr'><strong>significatur:</strong></span> <span class='ocrx_word' id='word_1_184' title='bbox 926 2343 1030 2401; x_wconf 86' lang='lat' dir='ltr'><strong>Sub</strong></span> <span class='ocrx_word' id='word_1_185' title='bbox 1051 2343 1243 2400; x_wconf 82' lang='lat' dir='ltr'><strong>umbra</strong></span> <span class='ocrx_word' id='word_1_186' title='bbox 1283 2342 1486 2400; x_wconf 83' lang='lat' dir='ltr'><strong>dormit</strong></span> <span class='ocrx_word' id='word_1_187' title='bbox 1531 2343 1828 2418; x_wconf 42' lang='lat' dir='ltr'><strong>in-secreto</strong></span> <span class='ocrx_word' id='word_1_188' title='bbox 1866 2343 2090 2401; x_wconf 81' lang='lat' dir='ltr'><strong>thalami</strong></span> <span class='ocrx_word' id='word_1_189' title='bbox 2115 2344 2179 2401; x_wconf 83' lang='lat' dir='ltr'><strong>in</strong></span> <span class='ocrx_word' id='word_1_190' title='bbox 2202 2345 2330 2401; x_wconf 81' lang='lat' dir='ltr'><strong>locis</strong></span> 
     </span>
     <span class='ocr_line' id='line_1_22' title="bbox 314 2432 2329 2506; baseline -0.002 -12"><span class='ocrx_word' id='word_1_191' title='bbox 314 2435 651 2494; x_wconf 70' lang='lat' dir='ltr'><strong>humentibus</strong></span> <span class='ocrx_word' id='word_1_192' title='bbox 686 2450 706 2489; x_wconf 92' lang='lat'><strong>.·</strong></span> <span class='ocrx_word' id='word_1_193' title='bbox 745 2433 892 2506; x_wconf 88' lang='lat' dir='ltr'><strong>quod</strong></span> <span class='ocrx_word' id='word_1_194' title='bbox 943 2448 1217 2505; x_wconf 83' lang='lat' dir='ltr'><strong>exponens</strong></span> <span class='ocrx_word' id='word_1_195' title='bbox 1272 2433 1440 2504; x_wconf 85' lang='lat' dir='ltr'><strong>Greg.</strong></span> <span class='ocrx_word' id='word_1_196' title='bbox 1480 2447 1701 2490; x_wconf 77' lang='lat' dir='ltr'><strong>xxxin.</strong></span> <span class='ocrx_word' id='word_1_197' title='bbox 1740 2447 1914 2488; x_wconf 87' lang='lat' dir='ltr'><strong>mora.</strong></span> <span class='ocrx_word' id='word_1_198' title='bbox 1965 2432 2102 2489; x_wconf 87' lang='lat' dir='ltr'><strong>dicit</strong></span> <span class='ocrx_word' id='word_1_199' title='bbox 2135 2451 2147 2489; x_wconf 77' lang='grc' dir='ltr'><strong>ε</strong></span> <span class='ocrx_word' id='word_1_200' title='bbox 2188 2433 2329 2490; x_wconf 87' lang='lat' dir='ltr'><strong>Loca</strong></span> 
     </span>
     <span class='ocr_line' id='line_1_23' title="bbox 316 2519 2328 2594; baseline -0.002 -13"><span class='ocrx_word' id='word_1_201' title='bbox 316 2523 595 2581; x_wconf 75' lang='lat' dir='ltr'><strong>humentia</strong></span> <span class='ocrx_word' id='word_1_202' title='bbox 632 2527 759 2577; x_wconf 80' lang='lat' dir='ltr'><strong>sunt</strong></span> <span class='ocrx_word' id='word_1_203' title='bbox 796 2537 960 2592; x_wconf 80' lang='lat' dir='ltr'><strong>opera</strong></span> <span class='ocrx_word' id='word_1_204' title='bbox 993 2519 1323 2593; x_wconf 77' lang='lat' dir='ltr'><strong>voluptuosa.</strong></span> <span class='ocrx_word' id='word_1_205' title='bbox 1357 2522 1458 2576; x_wconf 85' lang='lat' dir='ltr'><strong>Pes</strong></span> <span class='ocrx_word' id='word_1_206' title='bbox 1504 2523 1706 2594; x_wconf 87' lang='lat' dir='ltr'><strong>quippe</strong></span> <span class='ocrx_word' id='word_1_207' title='bbox 1743 2521 1799 2576; x_wconf 90' lang='lat' dir='ltr'><strong>in</strong></span> <span class='ocrx_word' id='word_1_208' title='bbox 1847 2521 2001 2578; x_wconf 86' lang='lat' dir='ltr'><strong>arida</strong></span> <span class='ocrx_word' id='word_1_209' title='bbox 2040 2528 2187 2578; x_wconf 86' lang='lat' dir='ltr'><strong>terra</strong></span> <span class='ocrx_word' id='word_1_210' title='bbox 2219 2537 2328 2579; x_wconf 89' lang='lat' dir='ltr'><strong>non</strong></span> 
     </span>
     <span class='ocr_line' id='line_1_24' title="bbox 319 2606 2330 2678; baseline -0.003 -10"><span class='ocrx_word' id='word_1_211' title='bbox 319 2612 541 2678; x_wconf 79' lang='lat' dir='ltr'><strong>labitur,</strong></span> <span class='ocrx_word' id='word_1_212' title='bbox 570 2609 707 2665; x_wconf 85' lang='lat' dir='ltr'><strong>fixus</strong></span> <span class='ocrx_word' id='word_1_213' title='bbox 730 2623 861 2664; x_wconf 81' lang='lat' dir='ltr'><strong>vero</strong></span> <span class='ocrx_word' id='word_1_214' title='bbox 891 2609 945 2663; x_wconf 92' lang='lat' dir='ltr'><strong>in</strong></span> <span class='ocrx_word' id='word_1_215' title='bbox 974 2606 1184 2663; x_wconf 89' lang='lat' dir='ltr'><strong>lubrica</strong></span> <span class='ocrx_word' id='word_1_216' title='bbox 1210 2608 1305 2664; x_wconf 83' lang='lat' dir='ltr'><strong>vix</strong></span> <span class='ocrx_word' id='word_1_217' title='bbox 1334 2615 1571 2662; x_wconf 83' lang='lat' dir='ltr'><strong>tenetur.</strong></span> <span class='ocrx_word' id='word_1_218' title='bbox 1599 2608 1658 2662; x_wconf 86' lang='lat' dir='ltr'><strong>ln</strong></span> <span class='ocrx_word' id='word_1_219' title='bbox 1703 2607 1836 2662; x_wconf 81' lang='lat' dir='ltr'><strong>iocis</strong></span> <span class='ocrx_word' id='word_1_220' title='bbox 1877 2623 2007 2678; x_wconf 84' lang='lat' dir='ltr'><strong>ergo</strong></span> <span class='ocrx_word' id='word_1_221' title='bbox 2047 2607 2330 2664; x_wconf 89' lang='lat' dir='ltr'><strong>humenti-</strong></span> 
     </span>
     <span class='ocr_line' id='line_1_25' title="bbox 316 2685 2329 2776; baseline -0.003 -19"><span class='ocrx_word' id='word_1_222' title='bbox 316 2700 421 2776; x_wconf 80' lang='lat' dir='ltr'><strong>bus</strong></span> <span class='ocrx_word' id='word_1_223' title='bbox 465 2701 569 2754; x_wconf 85' lang='lat' dir='ltr'><strong>iter</strong></span> <span class='ocrx_word' id='word_1_224' title='bbox 611 2698 745 2754; x_wconf 82' lang='lat' dir='ltr'><strong>vitae</strong></span> <span class='ocrx_word' id='word_1_225' title='bbox 786 2695 1073 2768; x_wconf 65' lang='lat' dir='ltr'><strong>praesentis</strong></span> <span class='ocrx_word' id='word_1_226' title='bbox 1111 2694 1338 2759; x_wconf 83' lang='lat' dir='ltr'><strong>faciunt,</strong></span> <span class='ocrx_word' id='word_1_227' title='bbox 1386 2685 1482 2764; x_wconf 83' lang='lat' dir='ltr'><strong>qui</strong></span> <span class='ocrx_word' id='word_1_228' title='bbox 1525 2693 1581 2746; x_wconf 88' lang='lat' dir='ltr'><strong>in</strong></span> <span class='ocrx_word' id='word_1_229' title='bbox 1626 2693 1732 2748; x_wconf 87' lang='lat' dir='ltr'><strong>hac</strong></span> <span class='ocrx_word' id='word_1_230' title='bbox 1768 2696 1838 2749; x_wconf 90' lang='lat' dir='ltr'><strong>ad</strong></span> <span class='ocrx_word' id='word_1_231' title='bbox 1877 2694 2153 2764; x_wconf 84' lang='lat' dir='ltr'><strong>justitiam</strong></span> <span class='ocrx_word' id='word_1_232' title='bbox 2191 2697 2329 2750; x_wconf 87' lang='lat' dir='ltr'><strong>recti</strong></span> 
     </span>
     <span class='ocr_line' id='line_1_26' title="bbox 318 2780 2324 2859; baseline -0.004 -13"><span class='ocrx_word' id='word_1_233' title='bbox 318 2798 469 2846; x_wconf 81' lang='lat' dir='ltr'><strong>stare</strong></span> <span class='ocrx_word' id='word_1_234' title='bbox 493 2802 602 2843; x_wconf 87' lang='lat' dir='ltr'><strong>non</strong></span> <span class='ocrx_word' id='word_1_235' title='bbox 626 2793 875 2859; x_wconf 83' lang='lat' dir='ltr'><strong>possunt.</strong></span> <span class='ocrx_word' id='word_1_236' title='bbox 890 2783 1122 2855; x_wconf 80' lang='lat' dir='ltr'><strong>Oportet</strong></span> <span class='ocrx_word' id='word_1_237' title='bbox 1150 2781 1317 2853; x_wconf 85' lang='lat' dir='ltr'><strong>igitur</strong></span> <span class='ocrx_word' id='word_1_238' title='bbox 1340 2780 1696 2837; x_wconf 68' lang='lat' dir='ltr'><strong>continentiae</strong></span> <span class='ocrx_word' id='word_1_239' title='bbox 1717 2781 1865 2838; x_wconf 85' lang='lat' dir='ltr'><strong>viam</strong></span> <span class='ocrx_word' id='word_1_240' title='bbox 1882 2783 2324 2856; x_wconf 33' lang='lat' dir='ltr'><strong>‚assumentibuffi</strong></span> 
     </span>
     <span class='ocr_line' id='line_1_27' title="bbox 319 2865 2332 2947; baseline -0.004 -13"><span class='ocrx_word' id='word_1_241' title='bbox 319 2892 544 2935; x_wconf 89' lang='lat' dir='ltr'><strong>carnem</strong></span> <span class='ocrx_word' id='word_1_242' title='bbox 573 2874 849 2947; x_wconf 86' lang='lat' dir='ltr'><strong>propriam</strong></span> <span class='ocrx_word' id='word_1_243' title='bbox 879 2868 1175 2927; x_wconf 82' lang='lat' dir='ltr'><strong>abstractis</strong></span> <span class='ocrx_word' id='word_1_244' title='bbox 1197 2867 1430 2934; x_wconf 79' lang='lat' dir='ltr'><strong>deliciiS‚</strong></span> <span class='ocrx_word' id='word_1_245' title='bbox 1448 2865 1672 2936; x_wconf 77' lang='lat' dir='ltr'><strong>vigiliiS,</strong></span> <span class='ocrx_word' id='word_1_246' title='bbox 1703 2876 1760 2923; x_wconf 90' lang='lat' dir='ltr'><strong>et</strong></span> <span class='ocrx_word' id='word_1_247' title='bbox 1781 2867 2026 2940; x_wconf 78' lang='lat' dir='ltr'><strong>jejuniis„</strong></span> <span class='ocrx_word' id='word_1_248' title='bbox 2057 2873 2114 2922; x_wconf 87' lang='lat' dir='ltr'><strong>et</strong></span> <span class='ocrx_word' id='word_1_249' title='bbox 2135 2867 2332 2940; x_wconf 85' lang='lat' dir='ltr'><strong>hujus-</strong></span> 
     </span>
     <span class='ocr_line' id='line_1_28' title="bbox 321 2953 2327 3032; baseline -0.006 -9"><span class='ocrx_word' id='word_1_250' title='bbox 321 2965 471 3023; x_wconf 89' lang='lat' dir='ltr'><strong>modi</strong></span> <span class='ocrx_word' id='word_1_251' title='bbox 496 2963 773 3020; x_wconf 84' lang='lat' dir='ltr'><strong>exercitiis</strong></span> <span class='ocrx_word' id='word_1_252' title='bbox 804 2961 1095 3032; x_wconf 84' lang='lat' dir='ltr'><strong>castigare.</strong></span> <span class='ocrx_word' id='word_1_253' title='bbox 1128 2957 1296 3029; x_wconf 85' lang='lat' dir='ltr'><strong>Cujus</strong></span> <span class='ocrx_word' id='word_1_254' title='bbox 1318 2956 1397 3010; x_wconf 87' lang='lat' dir='ltr'><strong>rei</strong></span> <span class='ocrx_word' id='word_1_255' title='bbox 1427 2953 1737 3026; x_wconf 82' lang='lat' dir='ltr'><strong>exemplum</strong></span> <span class='ocrx_word' id='word_1_256' title='bbox 1776 2957 2004 3026; x_wconf 87' lang='lat' dir='ltr'><strong>Apost0.</strong></span> <span class='ocrx_word' id='word_1_257' title='bbox 2050 2953 2208 3011; x_wconf 89' lang='lat' dir='ltr'><strong>nobis</strong></span> <span class='ocrx_word' id='word_1_258' title='bbox 2235 2970 2327 3010; x_wconf 90' lang='lat' dir='ltr'><strong>os-</strong></span> 
     </span>
     <span class='ocr_line' id='line_1_29' title="bbox 323 3042 2332 3116; baseline -0.007 -5"><span class='ocrx_word' id='word_1_259' title='bbox 323 3053 521 3113; x_wconf 87' lang='lat' dir='ltr'><strong>tendit.</strong></span> <span class='ocrx_word' id='word_1_260' title='bbox 552 3053 622 3109; x_wconf 86' lang='lat' dir='ltr'><strong>ad</strong></span> <span class='ocrx_word' id='word_1_261' title='bbox 651 3049 896 3108; x_wconf 87' lang='lat' dir='ltr'><strong>Corinth.</strong></span> <span class='ocrx_word' id='word_1_262' title='bbox 928 3064 1011 3116; x_wconf 75' lang='lat' dir='ltr'><strong>lx,</strong></span> <span class='ocrx_word' id='word_1_263' title='bbox 1052 3045 1239 3103; x_wconf 88' lang='lat' dir='ltr'><strong>dicens</strong></span> <span class='ocrx_word' id='word_1_264' title='bbox 1265 3061 1278 3100; x_wconf 90' lang='lat'><strong>:</strong></span> <span class='ocrx_word' id='word_1_265' title='bbox 1307 3043 1494 3101; x_wconf 80' lang='lat' dir='ltr'><strong>Omnis</strong></span> <span class='ocrx_word' id='word_1_266' title='bbox 1521 3043 1614 3115; x_wconf 83' lang='lat' dir='ltr'><strong>qui</strong></span> <span class='ocrx_word' id='word_1_267' title='bbox 1653 3043 1713 3098; x_wconf 89' lang='lat' dir='ltr'><strong>in</strong></span> <span class='ocrx_word' id='word_1_268' title='bbox 1754 3058 1920 3116; x_wconf 69' lang='lat' dir='ltr'><strong>ayone</strong></span> <span class='ocrx_word' id='word_1_269' title='bbox 1947 3042 2238 3110; x_wconf 83' lang='lat' dir='ltr'><strong>contendit,</strong></span> <span class='ocrx_word' id='word_1_270' title='bbox 2262 3043 2332 3098; x_wconf 90' lang='lat' dir='ltr'><strong>ab</strong></span> 
     </span>
     <span class='ocr_line' id='line_1_30' title="bbox 321 3131 2326 3210; baseline -0.007 -8"><span class='ocrx_word' id='word_1_271' title='bbox 321 3142 566 3202; x_wconf 76' lang='lat' dir='ltr'><strong>omnibus</strong></span> <span class='ocrx_word' id='word_1_272' title='bbox 588 3157 641 3198; x_wconf 82' lang='lat' dir='ltr'><strong>se</strong></span> <span class='ocrx_word' id='word_1_273' title='bbox 668 3138 896 3196; x_wconf 69' lang='lat' dir='ltr'><strong>abstinet</strong></span> <span class='ocrx_word' id='word_1_274' title='bbox 914 3156 927 3194; x_wconf 73' lang='grc' dir='ltr'><strong><em>ε</em></strong></span> <span class='ocrx_word' id='word_1_275' title='bbox 943 3143 1000 3194; x_wconf 82' lang='lat' dir='ltr'><strong>et</strong></span> <span class='ocrx_word' id='word_1_276' title='bbox 1029 3143 1153 3210; x_wconf 85' lang='lat' dir='ltr'><strong>post</strong></span> <span class='ocrx_word' id='word_1_277' title='bbox 1176 3134 1392 3191; x_wconf 88' lang='lat' dir='ltr'><strong>modica</strong></span> <span class='ocrx_word' id='word_1_278' title='bbox 1424 3132 1644 3192; x_wconf 74' lang='lat' dir='ltr'><strong>subditi</strong></span> <span class='ocrx_word' id='word_1_279' title='bbox 1671 3131 1888 3205; x_wconf 64' lang='lat' dir='ltr'><strong>castigo</strong></span> <span class='ocrx_word' id='word_1_280' title='bbox 1915 3147 2106 3205; x_wconf 75' lang='lat' dir='ltr'><strong>corpus</strong></span> <span class='ocrx_word' id='word_1_281' title='bbox 2131 3149 2326 3199; x_wconf 81' lang='lat' dir='ltr'><strong>meum,</strong></span> 
     </span>
     <span class='ocr_line' id='line_1_31' title="bbox 323 3219 2332 3299; baseline -0.006 -9"><span class='ocrx_word' id='word_1_282' title='bbox 323 3235 459 3292; x_wconf 84' lang='lat' dir='ltr'><strong>etin</strong></span> <span class='ocrx_word' id='word_1_283' title='bbox 477 3229 789 3288; x_wconf 78' lang='lat' dir='ltr'><strong>servitutem</strong></span> <span class='ocrx_word' id='word_1_284' title='bbox 815 3227 1018 3299; x_wconf 71' lang='lat' dir='ltr'><strong>rediqo,</strong></span> <span class='ocrx_word' id='word_1_285' title='bbox 1044 3241 1113 3282; x_wconf 82' lang='lat' dir='ltr'><strong>ne</strong></span> <span class='ocrx_word' id='word_1_286' title='bbox 1138 3224 1281 3296; x_wconf 73' lang='lat' dir='ltr'><strong>forte</strong></span> <span class='ocrx_word' id='word_1_287' title='bbox 1325 3239 1445 3280; x_wconf 85' lang='lat' dir='ltr'><strong>cum</strong></span> <span class='ocrx_word' id='word_1_288' title='bbox 1479 3220 1604 3279; x_wconf 71' lang='lat' dir='ltr'><strong>aliie</strong></span> <span class='ocrx_word' id='word_1_289' title='bbox 1640 3219 2068 3294; x_wconf 60' lang='lat' dir='ltr'><strong>praedicaverim,</strong></span> <span class='ocrx_word' id='word_1_290' title='bbox 2097 3221 2208 3295; x_wconf 80' lang='lat' dir='ltr'><strong>ipse</strong></span> <span class='ocrx_word' id='word_1_291' title='bbox 2238 3237 2332 3278; x_wconf 83' lang='lat' dir='ltr'><strong>re-</strong></span> 
     </span>
     <span class='ocr_line' id='line_1_32' title="bbox 322 3309 2333 3397; baseline -0.007 -18"><span class='ocrx_word' id='word_1_292' title='bbox 322 3322 522 3397; x_wconf 71' lang='lat' dir='ltr'><strong>probus</strong></span> <span class='ocrx_word' id='word_1_293' title='bbox 542 3319 740 3392; x_wconf 76' lang='lat' dir='ltr'><strong>efficiar</strong></span> <span class='ocrx_word' id='word_1_294' title='bbox 768 3333 787 3375; x_wconf 95' lang='lat'><strong>.·</strong></span> <span class='ocrx_word' id='word_1_295' title='bbox 812 3322 869 3372; x_wconf 89' lang='lat' dir='ltr'><strong>et</strong></span> <span class='ocrx_word' id='word_1_296' title='bbox 896 3317 1043 3390; x_wconf 85' lang='lat' dir='ltr'><strong>quod</strong></span> <span class='ocrx_word' id='word_1_297' title='bbox 1089 3329 1254 3387; x_wconf 89' lang='lat' dir='ltr'><strong>opere</strong></span> <span class='ocrx_word' id='word_1_298' title='bbox 1294 3311 1544 3386; x_wconf 82' lang='lat' dir='ltr'><strong>perfecit,</strong></span> <span class='ocrx_word' id='word_1_299' title='bbox 1575 3309 1742 3368; x_wconf 82' lang='lat' dir='ltr'><strong>verbo</strong></span> <span class='ocrx_word' id='word_1_300' title='bbox 1771 3309 1978 3366; x_wconf 88' lang='lat' dir='ltr'><strong>docuit.</strong></span> <span class='ocrx_word' id='word_1_301' title='bbox 2008 3310 2158 3366; x_wconf 90' lang='lat' dir='ltr'><strong>Dicit</strong></span> <span class='ocrx_word' id='word_1_302' title='bbox 2187 3309 2333 3367; x_wconf 90' lang='lat' dir='ltr'><strong>enim</strong></span> 
     </span>
     <span class='ocr_line' id='line_1_33' title="bbox 326 3396 2331 3478; baseline -0.008 -10"><span class='ocrx_word' id='word_1_303' title='bbox 326 3411 395 3468; x_wconf 86' lang='lat' dir='ltr'><strong>ad</strong></span> <span class='ocrx_word' id='word_1_304' title='bbox 419 3410 581 3467; x_wconf 83' lang='lat' dir='ltr'><strong>Rom.</strong></span> <span class='ocrx_word' id='word_1_305' title='bbox 611 3423 743 3473; x_wconf 83' lang='lat' dir='ltr'><strong>xm,</strong></span> <span class='ocrx_word' id='word_1_306' title='bbox 777 3420 904 3462; x_wconf 89' lang='lat' dir='ltr'><strong>cum</strong></span> <span class='ocrx_word' id='word_1_307' title='bbox 928 3402 1287 3478; x_wconf 77' lang='lat' dir='ltr'><strong>praemisisset</strong></span> <span class='ocrx_word' id='word_1_308' title='bbox 1319 3400 1486 3459; x_wconf 85' lang='lat' dir='ltr'><strong>:Non</strong></span> <span class='ocrx_word' id='word_1_309' title='bbox 1519 3399 1580 3454; x_wconf 86' lang='lat' dir='ltr'><strong>in</strong></span> <span class='ocrx_word' id='word_1_310' title='bbox 1607 3397 1861 3455; x_wconf 77' lang='lat' dir='ltr'><strong>cubilibus</strong></span> <span class='ocrx_word' id='word_1_311' title='bbox 1879 3404 1930 3453; x_wconf 88' lang='lat' dir='ltr'><strong>et</strong></span> <span class='ocrx_word' id='word_1_312' title='bbox 1953 3396 2331 3469; x_wconf 78' lang='lat' dir='ltr'><strong>impudicitiis,</strong></span> 
     </span>
     <span class='ocr_line' id='line_1_34' title="bbox 326 3486 2336 3568; baseline -0.008 -12"><span class='ocrx_word' id='word_1_313' title='bbox 326 3507 376 3556; x_wconf 85' lang='lat' dir='ltr'><strong>et</strong></span> <span class='ocrx_word' id='word_1_314' title='bbox 399 3496 603 3562; x_wconf 80' lang='lat' dir='ltr'><strong>carnis,</strong></span> <span class='ocrx_word' id='word_1_315' title='bbox 627 3495 825 3568; x_wconf 83' lang='lat' dir='ltr'><strong>inquit,</strong></span> <span class='ocrx_word' id='word_1_316' title='bbox 854 3509 1042 3550; x_wconf 86' lang='lat' dir='ltr'><strong>curam</strong></span> <span class='ocrx_word' id='word_1_317' title='bbox 1062 3506 1129 3548; x_wconf 80' lang='lat' dir='ltr'><strong>ne</strong></span> <span class='ocrx_word' id='word_1_318' title='bbox 1146 3490 1381 3564; x_wconf 78' lang='lat' dir='ltr'><strong>feceritis</strong></span> <span class='ocrx_word' id='word_1_319' title='bbox 1409 3489 1470 3544; x_wconf 87' lang='lat' dir='ltr'><strong>in</strong></span> <span class='ocrx_word' id='word_1_320' title='bbox 1505 3487 1801 3544; x_wconf 75' lang='lat' dir='ltr'><strong>desideriis.</strong></span> <span class='ocrx_word' id='word_1_321' title='bbox 1821 3488 1999 3552; x_wconf 62' lang='lat' dir='ltr'><strong>,Recte</strong></span> <span class='ocrx_word' id='word_1_322' title='bbox 2028 3490 2215 3542; x_wconf 88' lang='lat' dir='ltr'><strong>autem</strong></span> <span class='ocrx_word' id='word_1_323' title='bbox 2241 3486 2336 3541; x_wconf 88' lang='lat' dir='ltr'><strong>di-</strong></span> 
     </span>
     <span class='ocr_line' id='line_1_35' title="bbox 327 3574 2334 3651; baseline -0.007 -7"><span class='ocrx_word' id='word_1_324' title='bbox 327 3588 405 3644; x_wconf 93' lang='lat' dir='ltr'><strong>cit</strong></span> <span class='ocrx_word' id='word_1_325' title='bbox 426 3587 482 3644; x_wconf 90' lang='lat' dir='ltr'><strong>in</strong></span> <span class='ocrx_word' id='word_1_326' title='bbox 504 3584 813 3649; x_wconf 82' lang='lat' dir='ltr'><strong>desideriis,</strong></span> <span class='ocrx_word' id='word_1_327' title='bbox 841 3582 897 3638; x_wconf 87' lang='lat' dir='ltr'><strong>id</strong></span> <span class='ocrx_word' id='word_1_328' title='bbox 931 3586 1033 3648; x_wconf 87' lang='lat' dir='ltr'><strong>est,</strong></span> <span class='ocrx_word' id='word_1_329' title='bbox 1062 3579 1133 3636; x_wconf 86' lang='lat' dir='ltr'><strong>ad</strong></span> <span class='ocrx_word' id='word_1_330' title='bbox 1166 3577 1524 3651; x_wconf 84' lang='lat' dir='ltr'><strong>voluptatem,</strong></span> <span class='ocrx_word' id='word_1_331' title='bbox 1556 3576 1687 3650; x_wconf 87' lang='lat' dir='ltr'><strong>quia</strong></span> <span class='ocrx_word' id='word_1_332' title='bbox 1713 3576 1784 3633; x_wconf 89' lang='lat' dir='ltr'><strong>ad</strong></span> <span class='ocrx_word' id='word_1_333' title='bbox 1814 3574 2202 3632; x_wconf 88' lang='lat' dir='ltr'><strong>necessitatem</strong></span> <span class='ocrx_word' id='word_1_334' title='bbox 2230 3589 2334 3630; x_wconf 85' lang='lat' dir='ltr'><strong>na-</strong></span> 
     </span>
     <span class='ocr_line' id='line_1_36' title="bbox 331 3659 2332 3741; baseline -0.008 -9"><span class='ocrx_word' id='word_1_335' title='bbox 331 3685 471 3732; x_wconf 80' lang='lat' dir='ltr'><strong>turae</strong></span> <span class='ocrx_word' id='word_1_336' title='bbox 496 3674 649 3730; x_wconf 85' lang='lat' dir='ltr'><strong>carni</strong></span> <span class='ocrx_word' id='word_1_337' title='bbox 677 3687 812 3729; x_wconf 86' lang='lat' dir='ltr'><strong>cura</strong></span> <span class='ocrx_word' id='word_1_338' title='bbox 842 3676 930 3728; x_wconf 86' lang='lat' dir='ltr'><strong>est</strong></span> <span class='ocrx_word' id='word_1_339' title='bbox 950 3665 1313 3741; x_wconf 86' lang='lat' dir='ltr'><strong>impendenda</strong></span> <span class='ocrx_word' id='word_1_340' title='bbox 1342 3681 1355 3720; x_wconf 74' lang='grc' dir='ltr'>ε</span> <span class='ocrx_word' id='word_1_341' title='bbox 1382 3665 1528 3722; x_wconf 88' lang='lat' dir='ltr'><strong>unde</strong></span> <span class='ocrx_word' id='word_1_342' title='bbox 1566 3664 1711 3721; x_wconf 90' lang='lat' dir='ltr'><strong>idem</strong></span> <span class='ocrx_word' id='word_1_343' title='bbox 1757 3664 1894 3721; x_wconf 89' lang='lat' dir='ltr'><strong>dicit</strong></span> <span class='ocrx_word' id='word_1_344' title='bbox 1921 3663 1992 3720; x_wconf 91' lang='lat' dir='ltr'><strong>ad</strong></span> <span class='ocrx_word' id='word_1_345' title='bbox 2027 3659 2227 3734; x_wconf 86' lang='lat' dir='ltr'><strong>Ephes.</strong></span> <span class='ocrx_word' id='word_1_346' title='bbox 2257 3677 2332 3716; x_wconf 83' lang='lat' dir='ltr'><strong>v:</strong></span> 
     </span>
     <span class='ocr_line' id='line_1_37' title="bbox 331 3747 2331 3829; baseline -0.008 -8"><span class='ocrx_word' id='word_1_347' title='bbox 331 3766 500 3823; x_wconf 87' lang='lat' dir='ltr'><strong>Nemo</strong></span> <span class='ocrx_word' id='word_1_348' title='bbox 522 3777 737 3818; x_wconf 73' lang='lat' dir='ltr'><strong>carnem</strong></span> <span class='ocrx_word' id='word_1_349' title='bbox 762 3775 915 3817; x_wconf 78' lang='lat' dir='ltr'><strong>suam</strong></span> <span class='ocrx_word' id='word_1_350' title='bbox 936 3772 1172 3829; x_wconf 83' lang='lat' dir='ltr'><strong>unquam</strong></span> <span class='ocrx_word' id='word_1_351' title='bbox 1200 3754 1321 3810; x_wconf 85' lang='lat' dir='ltr'><strong>odio</strong></span> <span class='ocrx_word' id='word_1_352' title='bbox 1353 3753 1559 3819; x_wconf 80' lang='lat' dir='ltr'><strong>habuit,</strong></span> <span class='ocrx_word' id='word_1_353' title='bbox 1585 3751 1673 3809; x_wconf 70' lang='lat' dir='ltr'><strong>ted</strong></span> <span class='ocrx_word' id='word_1_354' title='bbox 1701 3750 1886 3809; x_wconf 84' lang='lat' dir='ltr'><strong>nutrit</strong></span> <span class='ocrx_word' id='word_1_355' title='bbox 1917 3757 1970 3807; x_wconf 82' lang='lat' dir='ltr'><strong>et</strong></span> <span class='ocrx_word' id='word_1_356' title='bbox 2012 3747 2156 3821; x_wconf 77' lang='lat' dir='ltr'><strong>fovet</strong></span> <span class='ocrx_word' id='word_1_357' title='bbox 2193 3763 2331 3806; x_wconf 82' lang='lat' dir='ltr'><strong>eam.</strong></span> 
     </span>
     <span class='ocr_line' id='line_1_38' title="bbox 332 3836 2338 3925; baseline -0.007 -16"><span class='ocrx_word' id='word_1_358' title='bbox 332 3854 412 3909; x_wconf 83' lang='lat' dir='ltr'><strong>Ex</strong></span> <span class='ocrx_word' id='word_1_359' title='bbox 443 3856 602 3925; x_wconf 87' lang='lat' dir='ltr'><strong>parte</strong></span> <span class='ocrx_word' id='word_1_360' title='bbox 630 3857 815 3907; x_wconf 89' lang='lat' dir='ltr'><strong>autem</strong></span> <span class='ocrx_word' id='word_1_361' title='bbox 857 3848 1057 3904; x_wconf 86' lang='lat' dir='ltr'><strong>animae</strong></span> <span class='ocrx_word' id='word_1_362' title='bbox 1091 3842 1431 3918; x_wconf 87' lang='lat' dir='ltr'><strong>propositum</strong></span> <span class='ocrx_word' id='word_1_363' title='bbox 1477 3841 1832 3898; x_wconf 82' lang='lat' dir='ltr'><strong>continentiae</strong></span> <span class='ocrx_word' id='word_1_364' title='bbox 1859 3837 2177 3912; x_wconf 88' lang='lat' dir='ltr'><strong>impeditur,</strong></span> <span class='ocrx_word' id='word_1_365' title='bbox 2204 3836 2338 3895; x_wconf 89' lang='lat' dir='ltr'><strong>dum</strong></span> 
     </span>
     <span class='ocr_line' id='line_1_39' title="bbox 334 3922 2338 4008; baseline -0.007 -12"><span class='ocrx_word' id='word_1_366' title='bbox 334 3938 555 3996; x_wconf 81' lang='lat' dir='ltr'><strong>lascivis</strong></span> <span class='ocrx_word' id='word_1_367' title='bbox 580 3934 1000 4008; x_wconf 82' lang='lat' dir='ltr'><strong>cogitationibus</strong></span> <span class='ocrx_word' id='word_1_368' title='bbox 1026 3934 1370 3990; x_wconf 84' lang='lat' dir='ltr'><strong>immoratur.</strong></span> <span class='ocrx_word' id='word_1_369' title='bbox 1402 3927 1556 3984; x_wconf 87' lang='lat' dir='ltr'><strong>Unde</strong></span> <span class='ocrx_word' id='word_1_370' title='bbox 1581 3925 1846 3990; x_wconf 81' lang='lat' dir='ltr'><strong>Dominus</strong></span> <span class='ocrx_word' id='word_1_371' title='bbox 1876 3941 1974 3999; x_wconf 88' lang='lat' dir='ltr'><strong>per</strong></span> <span class='ocrx_word' id='word_1_372' title='bbox 2010 3922 2338 3996; x_wconf 75' lang='lat' dir='ltr'><strong>prophetam</strong></span> 
     </span>
    </p>
   </div>
  </div>
 </body>
</html>
