2850 4517
558 377 679 440 278
1034 395 1089 444 e.
1132 394 1367 441 renim
1404 393 1736 448 Aoumuts
1773 391 2108 444 museum·
2159 403 2170 410 ·

560 511 666 578 Qui
690 511 805 569 odit
826 511 1061 584 fratrem
1086 527 1262 580 suum,
1282 513 1549 571 homicida
1575 520 1652 572 est
1679 529 1700 572 .·
1728 521 1786 570 et
1801 513 1946 571 ratio
1972 511 2136 587 hujus
2160 504 2245 571 est
2265 499 2400 587 tinia
2430 517 2494 569 et
2517 528 2581 570 se
2667 567 2684 580 ,

560 601 819 658 interficit
846 601 1131 675 spoliando
1157 617 1217 659 se
1242 603 1532 673 charitate,
1564 609 1621 659 et
1662 601 1853 660 alium.
1885 605 2028 674 Aug.
2059 603 2114 659 in
2158 601 2348 674 reguia
2377 619 2392 658 ε
2420 601 2581 659 Lites

559 696 656 744 aut
683 690 861 748 nullas
889 689 1159 762 habende,
1186 699 1283 749 out
1307 707 1474 766 quam
1503 690 1789 748 celerrime
1811 691 2036 760 finiatiS,
2064 707 2134 747 ne
2161 692 2244 748 ira
2271 697 2497 748 crescat
2523 692 2578 746 in

522 779 526 784 ’
559 776 764 846 odium,
793 787 848 837 et
874 781 1084 840 trabem
1113 780 1281 837 saciat
1301 781 1371 837 de
1398 787 1638 848 sestuoa,
1661 785 1720 837 et
1745 781 1984 837 animam
2023 779 2191 838 faciat
2209 779 2574 839 homicidam.

561 867 720 926 Prov.
750 867 862 925 xv':
892 869 997 928 Vir
1024 869 1315 936 iracundus
1338 876 1594 942 provocat
1621 868 1797 926 rixae.
1823 869 1998 926 Gene.
2028 884 2172 925 xmx
2207 885 2219 924 :
2250 868 2582 927 Maledictus

453 999 458 1006 .
558 954 723 1027 furor
761 973 965 1027 eorum,
1010 959 1138 1034 quia
1176 958 1433 1030 pertinax
1473 975 1493 1017 .·
1535 965 1582 1014 et
1621 956 1925 1031 indiynotio
1972 973 2178 1036 eorum?
2214 958 2352 1032 ⁸quia
2403 958 2575 1014 dura.

562 1045 787 1116 Quarto,
818 1062 1015 1104 cavere
1051 1047 1214 1104 debet
1253 1064 1324 1104 ne
1368 1047 1633 1121 procedat
1681 1048 1736 1106 in
1775 1046 1966 1104 verbo.
2009 1047 2170 1103 Prov.
2213 1062 2326 1103 xu.
2353 1046 2578 1104 Fatuus

560 1136 745 1193 statim
772 1135 981 1194 indicat
1002 1136 1146 1192 iram
1171 1152 1323 1193 suom
1347 1154 1366 1196 .·
1396 1143 1454 1193 et
1476 1142 1658 1212 potest
1684 1136 1926 1192 indicare
1951 1134 2166 1191 duobus
2195 1135 2392 1203 modiS,
2419 1137 2577 1208 iuju-

563 1225 757 1282 riando
784 1225 1015 1291 scilicet,
1043 1232 1100 1281 et
1127 1225 1359 1299 superbe
1402 1224 1694 1298 loquendo.
1737 1225 2012 1293 Quantum
2052 1223 2122 1280 ad
2153 1224 2390 1297 primum
2431 1225 2576 1282 dicit

562 1312 846 1382 DomiuuS,
867 1314 1062 1372 matth.
1088 1331 1126 1371 v
1156 1332 1170 1372 :
1198 1315 1304 1381 Qui
1344 1313 1551 1373 dixerit
1579 1313 1755 1386 fratri
1790 1329 1905 1379 suo,
1925 1312 2118 1379 Fatue,
2149 1327 2272 1369 reus
2317 1313 2429 1371 erit
2474 1331 2576 1386 qe-

562 1402 747 1459 hermoe
782 1401 943 1475 tynis.
979 1402 1256 1472 Quantum
1286 1402 1356 1460 ad
1396 1401 1696 1459 secundum
1735 1401 1937 1458 dicitur
1965 1394 2206 1458 ib'idem:
2242 1402 2348 1468 Qui
2391 1411 2604 1457 auem.

563 1490 791 1556 dixerit,
836 1490 1043 1558 Racho,
1090 1507 1216 1548 reus
1251 1491 1361 1548 erit
1401 1491 1644 1548 coneilio.
1687 1491 1847 1548 Prov.
1890 1505 1972 1547 xv
2014 1508 2029 1546 z
2061 1489 2344 1561 Responsio
2387 1491 2576 1548 mollis

563 1577 773 1652 franyit
794 1579 960 1646 iram,
987 1595 1159 1636 sermo
1189 1581 1360 1637 durus
1385 1579 1608 1638 suscitat
1636 1579 1899 1652 furorem.
1928 1578 2143 1648 Quinto,
2171 1593 2364 1636 cavere
2393 1577 2575 1636 debet

564 1682 634 1722 ne
657 1669 918 1740 procedat
958 1669 1015 1728 iu
1061 1685 1246 1742 opere.
1276 1670 1336 1725 Iu
1370 1669 1517 1726 omni
1565 1669 1710 1724 enim
1755 1683 1920 1742 opere
1951 1675 2137 1724 nostro
2165 1666 2271 1722 duo
2299 1666 2575 1724 debemus

568 1755 881 1830 observare,
924 1756 1137 1816 scilicet
1183 1758 1365 1815 faeere
1407 1756 1704 1831 Justitiam‚
1753 1763 1810 1812 et
1875 1755 2326 1826 misericordiam,
2374 1764 2430 1812 et
2487 1757 2573 1812 ira

568 1849 861 1922 utrumqne
888 1846 1135 1921 impedit.
1158 1850 1259 1903 Ira
1299 1847 1440 1904 em'm
1474 1847 1588 1903 viri
1619 1835 1896 1918 justitiam
1929 1845 2032 1902 Dei
2065 1861 2172 1901 non
2197 1852 2480 1918 operatur,
2511 1849 2573 1901 ut

570 1933 705 1992 dicit
721 1935 909 1997 Jacob.
936 1951 979 1994 1.
1009 1936 1269 2006 Quamvis
1298 1937 1443 2016 euim
1470 1934 1603 1993 velit
1627 1932 1809 1993 ta'men
1846 1949 1954 1992 nou
1977 1940 2180 2007 potest.
2207 1933 2361 1991 Unde
2383 1933 2572 1990 Phiio-

572 2038 691 2098 sop.
716 2025 942 2100 quidam
974 2025 1113 2082 dixit
1134 2017 1373 2093 cuidam,
1399 2024 1497 2100 qui
1517 2038 1644 2081 eum
1662 2024 1963 2081 offenderat
1991 2041 2005 2079 z
2032 2043 2059 2076 α
2089 2022 2342 2079 punirem
2358 2030 2429 2088 te,
2459 2024 2565 2078 uisi

571 2127 747 2170 essem
773 2115 968 2173 iratus·
1002 2134 1029 2167 a
1058 2113 1317 2171 Proverb.
1342 2128 1513 2170 xxvn
1537 2113 1676 2189 quo
1702 2129 1808 2169 uon
1837 2111 1989 2170 habet
2015 2111 2570 2176 misericordiammee

572 2218 849 2276 erumpens
870 2202 1053 2275 furor.
1080 2203 1221 2259 Gen.
1248 2217 1392 2258 xux
1420 2220 1435 2258 ε
1466 2201 1534 2259 In
1560 2202 1750 2275 furore
1776 2217 1870 2258 suo
1917 2199 2224 2258 oeciderunt
2267 2201 2485 2258 virum:
2515 2207 2569 2257 et

569 2299 789 2364 propter
815 2291 922 2348 hoc
947 2289 1197 2349 Christus
1220 2306 1325 2346 non
1355 2291 1532 2347 eoium
1571 2292 1760 2348 docuit
1786 2305 1885 2346 nos
1912 2305 2109 2347 cavere
2155 2289 2228 2346 ab
2253 2289 2566 2360 homicidio,

572 2378 668 2434 sed
696 2379 893 2436 abira.
920 2380 1100 2434 Bonus
1143 2379 1289 2434 enim
1311 2379 1562 2435 medicus
1589 2394 1694 2436 non
1736 2385 1949 2436 tantum
1990 2377 2134 2434 tollit
2175 2377 2378 2435 malum
2422 2377 2568 2453 quod

572 2465 947 2539 apparet,‘sed
970 2467 1139 2524 etiam
1162 2467 1405 2524 radicem
1427 2475 1674 2525 removet
1707 2466 2062 2538 infirmitatis,
2091 2481 2160 2522 ne
2188 2465 2400 2522 scilicet
2427 2467 2570 2522 reci-

570 2554 743 2611 divet.
760 2554 828 2612 Et
852 2553 975 2612 ideo
999 2554 1117 2620 vuit
1140 2570 1239 2612 nos
1262 2555 1539 2612 abstinere
1560 2571 1592 2612 a
1623 2544 1904 2630 principiis
1929 2560 2366 2628 peccatorum‚et
2397 2555 2474 2611 ita
2502 2554 2569 2610 ab

573 2643 674 2711 ira,
705 2659 832 2718 quae
856 2652 942 2701 est
966 2644 1293 2719 principium
1318 2644 1622 2703 homicidii.

1166 2843 1261 2910 De
1282 2849 1450 2911 sexto
1483 2849 1776 2928 precepto
1805 2844 1977 2927 loeis.

641 3003 769 3062 Non
792 3003 1128 3061 moeehobei·is
1172 3010 1281 3063 eto.
1310 3005 1443 3062 Post
1475 3005 1898 3079 prohibitionem
1938 3004 2217 3062 homicidii
2255 3000 2572 3082 prohibetur

580 3089 926 3159 adulterium,
960 3100 1015 3148 et
1064 3107 1321 3164 congrue,
1352 3092 1484 3164 quia
1523 3093 1607 3150 vir
1643 3099 1702 3148 et
1723 3108 1860 3149 uxor
1897 3097 2026 3149 sunt
2051 3093 2208 3165 quasi
2235 3108 2406 3149 unum
2447 3108 2575 3148 cor-

580 3193 699 3248 pus,
731 3178 922 3248 Erunt,
952 3181 1133 3255 inquit
1176 3181 1442 3238 Dominus
1475 3181 1616 3238 Gen.
1650 3196 1713 3246 n,
1745 3181 1854 3238 duo
1892 3183 1945 3238 in
1989 3197 2152 3238 carne
2189 3195 2316 3238 unu.
2348 3181 2421 3236 Et
2453 3180 2574 3238 ideo

578 3271 699 3336 post
738 3267 993 3339 injuriam
1022 3284 1149 3342 quae
1186 3268 1417 3327 insertur
1440 3285 1706 3343 personae,
1737 3269 1887 3328 nulia
1928 3273 2103 3342 major
2143 3275 2228 3326 est
2265 3283 2436 3342 quam
2483 3269 2575 3325 iile

576 3369 700 3426 quae
722 3355 953 3412 infertur
979 3359 1288 3430 conjunctae
1318 3374 1331 3414 ε
1363 3358 1684 3432 prohibetur
1719 3368 1905 3417 autem
1947 3359 2278 3430 adulterium
2317 3358 2475 3414 uxori
2519 3365 2576 3412 et

576 3444 710 3500 viro.
741 3444 847 3502 Sed
876 3446 1027 3520 prius
1049 3441 1340 3503 didendum
1365 3451 1541 3505 estne
1561 3448 1746 3506 uxoris
1765 3447 2057 3518 adulterio,
2083 3448 2212 3521 quia
2241 3448 2420 3520 majus
2441 3461 2578 3520 pec-

576 3539 759 3590 catum
800 3534 1017 3592 videtur
1039 3534 1402 3592 committere.
1429 3537 1739 3595 committit
1778 3541 1963 3594 autem
1989 3536 2095 3592 tria
2129 3544 2357 3608 peccata
2383 3534 2577 3606 gravia

576 3637 713 3678 uxor
738 3623 1080 3691 moechando,
1113 3638 1236 3697 quae
1264 3624 1609 3683 insinuantur
1641 3625 1789 3683 EooI.
1821 3641 1975 3682 xxm
2005 3643 2018 3680 :
2045 3624 2249 3683 Mulier
2275 3624 2450 3680 omnir
2485 3637 2580 3680 re·-

578 3710 816 3782 linquem
847 3711 1028 3767 virum
1068 3727 1223 3768 suum
1246 3712 1425 3786 primo
1472 3714 1532 3770 in
1563 3715 1956 3788 leqe'altissimi
1984 3712 2316 3770 incredibilis
2360 3713 2499 3786 fuit,
2530 3718 2580 3770 et

582 3799 796 3855 secundo
821 3799 1004 3856 virum
1037 3817 1190 3858 suum
1216 3800 1518 3876 dereliquit,
1543 3804 1705 3861 tertio
1739 3803 2008 3861 adulterio
2049 3801 2325 3876 fornicata
2357 3807 2436 3858 est
2465 3810 2578 3858 etc.

584 3888 761 3942 Primo
786 3904 916 3968 ergo
943 3897 1137 3962 peccat
1173 3907 1268 3964 per
1294 3892 1764 3958 increduiitatem,
1794 3894 1925 3966 quia
1961 3892 2071 3964 ‚legi
2108 3890 2450 3949 incredibilis
2495 3891 2578 3947 fit.

585 3974 844 4030 Dominus
861 3978 1011 4034 >enim
1038 3979 1315 4051 prohibuit
1339 3980 1688 4042 adulterium.
1717 3982 1875 4053 Item,
1905 3982 2036 4040 facit
2065 3990 2256 4040 contra
2284 3980 2383 4037 Dei
2420 3979 2582 4035 ordi-
