2850 4517
480 358 604 421 316
961 370 1013 415 s.
1057 368 1293 413 ‘mom
1331 364 1663 419 nomm-ns
1699 366 2018 413 opusouu

482 494 657 562 optat.
687 487 859 545 Multa
881 490 1069 545 autem
1094 493 1223 543 sunt
1249 483 1395 543 hona
1421 499 1549 557 quae
1584 483 1720 540 dum
1744 482 1804 539 in
1842 487 2092 541 nostrum
2129 498 2292 543 usum
2317 486 2516 545 verti-

482 595 623 647 mus,
655 580 1068 643 consumuntur,
1112 575 1255 632 sicut
1282 575 1471 630 vinum
1495 572 1639 630 -dum
1665 571 1893 643 bibitur,
1933 580 1990 629 et
2023 588 2198 647 equus
2233 575 2368 632 dum
2397 592 2517 632 ex·-

481 669 703 742 ponitur
735 681 949 739 pugnae,
989 664 1134 723 unde
1166 662 1518 721 manifestum
1554 670 1658 732 est,
1704 662 1854 735 quod
1895 662 2026 719 dum
2068 678 2155 719 res
2187 662 2410 736 aliquas
2453 665 2515 721 in

483 766 729 813 nostrum
757 770 917 811 usum
941 760 1156 812 vertere
1190 751 1458 825 cupimuS,
1488 766 1616 807 vere
1643 750 1866 825 quidem
1901 757 1957 807 et
1983 751 2200 824 proprie
2223 768 2325 809 nos
2345 755 2516 827 ipsos

484 860 751 912 amamus,
788 860 876 901 res
921 851 1109 900 autem
1138 841 1247 899 illae
1282 857 1380 915 per
1429 840 1684 899 accidens
1725 846 1782 895 et
1810 840 1968 913 quasi
1997 839 2224 899 abusive
2267 857 2301 899 a
2339 844 2518 899 nobis

484 935 656 991 amari
693 933 971 990 dicuntur.
999 930 1345 988 Manifestum
1376 934 1459 987 est
1487 934 1692 998 autem,
1739 928 1883 1002 quod
1911 929 2292 1003 unusquisque
2327 940 2516 989 natu-

483 1026 670 1081 raliter
698 1024 779 1080 sic
806 1038 933 1078 vere
962 1036 1021 1077 se
1046 1025 1215 1089 amat,
1257 1028 1317 1076 ut
1344 1018 1452 1076 sihi
1478 1017 1580 1092 ipsi
1605 1018 1748 1075 bona
1785 1024 1960 1092 optet,
1987 1024 2119 1092 puta
2146 1018 2506 1090 felicitatem,

483 1114 763 1178 virtutem,
796 1110 1099 1175 scientiam,
1134 1116 1187 1164 et
1220 1123 1347 1183 quae
1380 1107 1447 1164 ad
1479 1106 1934 1164 sustentationem
1961 1108 2092 1165 vitae
2116 1110 2507 1182 requiruntur.

483 1200 855 1273 Quaecumque
895 1212 1027 1253 vero
1074 1195 1275 1269 aliquis
1316 1196 1371 1251 in
1400 1212 1561 1252 suum
1596 1211 1758 1263 usum
1785 1196 2034 1264 assumit,
2081 1212 2191 1252 non
2225 1214 2356 1256 vere
2405 1199 2509 1257 illa

483 1296 653 1351 amat,
692 1288 790 1344 sed
824 1301 983 1343 usum
1012 1291 1067 1340 et
1096 1284 1270 1355 magis
1308 1284 1552 1357 seipsum
1585 1300 1599 1339 t
1639 1282 1784 1341 sicut
1820 1292 2007 1341 autem
2035 1284 2173 1342 alias
2213 1302 2301 1343 res
2336 1304 2507 1345 assu-

484 1377 685 1431 mimus
726 1375 782 1429 in
810 1381 1056 1429 nostrum
1087 1388 1264 1439 usum,
1298 1373 1377 1429 ita
1415 1373 1584 1429 etiam
1627 1377 1683 1430 et
1720 1373 1974 1429 homines
2013 1374 2180 1446 ipsos.
2227 1376 2284 1432 Si
2327 1378 2505 1449 igitur

486 1464 764 1536 proximos
782 1477 847 1517 eo
867 1468 1082 1517 tantum
1112 1461 1273 1516 modo
1298 1460 1590 1533 diligamus
1609 1462 1668 1517 in
1693 1467 1960 1535 quantum
1989 1462 2045 1518 in
2068 1470 2317 1520 nostrum
2338 1481 2501 1523 usum

484 1550 670 1607 venire
698 1557 943 1623 possunt,
978 1548 1327 1607 manifestum
1356 1557 1462 1619 est,
1490 1550 1636 1623 quod
1656 1565 1751 1606 eos
1775 1566 1881 1607 non
1910 1567 2039 1620 vere
2063 1551 2360 1623 diligimus,
2393 1571 2502 1611 nec

486 1640 631 1696 sicut
658 1654 759 1695 nos
793 1639 982 1712 ipsos:
1011 1644 1065 1695 et
1107 1639 1211 1696 hoc
1239 1638 1464 1713 quidem
1493 1644 1720 1713 apparet
1755 1638 1814 1695 in
1848 1639 2092 1696 amicitia
2129 1641 2283 1697 utilis
2311 1650 2367 1698 et
2393 1643 2500 1701 (ιο-’-

484 1728 774 1785 lectabiliS.
818 1726 921 1797 Qui
963 1728 1109 1784 enim
1150 1735 1299 1783 amat
1329 1726 1588 1799 aliquem,
1621 1728 1752 1800 quia
1793 1732 1877 1783 est
1914 1728 1985 1785 ad
2013 1743 2170 1787 suam
2199 1731 2499 1790 utilitatem

484 1816 571 1873 vel
616 1816 1057 1892 delectationem,
1102 1815 1343 1889 seipsum
1392 1830 1577 1871 amare
1627 1814 1988 1883 convincitur,
2039 1832 2165 1874 cum
2207 1834 2276 1875 ex
2325 1820 2498 1879 altero

484 1905 685 1962 bonum
709 1904 1031 1964 delectabile
1063 1904 1147 1962 vel
1177 1904 1310 1961 utile
1334 1904 1556 1977 quaerit,
1588 1920 1696 1961 non
1723 1904 1878 1961 illum
1901 1921 1970 1961 ex
1997 1922 2108 1979 quo
2130 1910 2352 1980 quaerit,
2390 1910 2497 1967 nisi

486 1996 631 2052 sicut
658 1995 861 2053 dicitur
885 1994 1057 2053 amari
1082 1993 1269 2051 vinum
1299 1992 1383 2049 vel
1414 2010 1588 2067 equus
1612 2009 1737 2067 quae
1766 2009 1872 2050 non
1900 1993 2198 2067 diligimus,
2231 1998 2375 2065 sicut
2399 2016 2498 2057 nos

484 2084 653 2155 ipsos,
687 2089 747 2138 ut
775 2084 855 2140 eis
905 2083 1047 2139 bona
1094 2088 1363 2156 optemuS,
1410 2083 1510 2145 sed
1551 2083 1726 2154 magis
1753 2089 1816 2138 ut
1857 2084 1978 2156 ipsa
2018 2083 2162 2143 hona
2203 2088 2498 2146 existentia

487 2172 643 2229 nobis
668 2173 971 2245 cupiamus·
1005 2171 1184 2227 Primo
1212 2186 1343 2243 ergo
1372 2187 1441 2227 ex
1467 2170 1570 2227 hoc
1592 2172 1741 2245 quod
1775 2172 2110 2245 praecipitur,
2147 2175 2300 2247 quod
2337 2176 2499 2234 homo

485 2250 796 2334 proximum
828 2268 1087 2333 tanquam
1116 2274 1175 2315 se
1217 2260 1397 2331 ipsum
1423 2259 1641 2331 diligat,
1664 2259 1975 2317 dilectionis
2002 2262 2208 2319 veritas
2235 2265 2501 2323 demons-

486 2357 684 2414 tratur,
716 2363 883 2419 quam
907 2362 1132 2403 necesse
1158 2353 1239 2403 est
1276 2346 1535 2403 charitati
1563 2348 1778 2406 adesse.
1809 2348 2062 2406 Procedit
2087 2352 2232 2408 enim
2255 2354 2502 2414 charitas

488 2438 550 2491 de
584 2435 738 2489 corde
776 2450 919 2507 puro
962 2442 1012 2491 et
1057 2434 1375 2490 conscientia
1401 2434 1539 2492 bona
1563 2442 1614 2491 et
1637 2436 1746 2508 fide
1773 2454 1882 2493 non
1922 2438 2070 2510 ficta,
2100 2448 2163 2497 ut
2201 2444 2514 2514 Apostolus

488 2524 644 2590 dicit,
675 2522 964 2578 {Timoth.
994 2538 1034 2578 1.
1059 2522 1189 2578 Ideo
1220 2528 1279 2580 ut
1325 2512 1443 2596 ipse
1480 2523 1634 2591 dicit,
1662 2526 1898 2583 ICorin.
1925 2542 2080 2586 xm.
2114 2528 2370 2589 Charitas
2391 2549 2503 2594 non

487 2610 683 2684 quaerit
710 2626 825 2683 quae
854 2626 949 2667 sua
980 2618 1128 2677 sunt,
1159 2612 1255 2669 sed
1284 2618 1440 2686 optat
1468 2612 1610 2670 bona
1639 2614 1740 2686 eis,
1766 2630 1906 2688 quos
1931 2623 2100 2674 amat.
2129 2618 2200 2675 Et
2226 2618 2391 2693 hujus
2417 2623 2516 2686 rei

487 2702 729 2774 seipsum
760 2701 1068 2774 exemplum
1110 2702 1206 2759 dat
1244 2701 1374 2757 dum
1408 2701 1564 2770 dicit,
1592 2703 1616 2759 1
1652 2704 1780 2761 Cor.
1810 2719 1851 2761 x
1888 2721 1902 2759 ε
1943 2705 2071 2763 Non
2097 2723 2338 2780 qwoerens
2364 2710 2502 2783 quod

485 2790 617 2847 mihi
640 2789 771 2847 utile
798 2796 894 2855 est,
923 2789 1013 2847 sect
1038 2790 1175 2863 quod
1210 2791 1413 2857 multis,
1458 2797 1522 2848 ut
1547 2790 1683 2849 salvi
1721 2792 1879 2863 fiant.
1908 2794 2158 2853 Secundo
2183 2812 2252 2853 ex
2281 2800 2501 2872 praede-

489 2880 779 2937 terminato
817 2880 980 2937 modo
1016 2880 1173 2936 nobis
1209 2879 1490 2949 indicitur,
1524 2886 1588 2937 ut
1627 2880 1850 2939 dilectio
1889 2884 2122 2956 proximi
2157 2886 2234 2942 sit
2254 2888 2408 2960 J'usta
2441 2896 2501 2945 et

488 2974 659 3024 recta.
686 2969 782 3024 Est
808 2969 953 3025 enim
976 2969 1129 3041 justa
1156 2975 1212 3025 et
1240 2976 1393 3025 recta
1425 2968 1668 3037 dilectio,
1705 2985 1830 3027 cum
1855 2972 2036 3045 majus
2061 2973 2266 3031 bonum
2302 2978 2502 3034 minori

488 3055 627 3112 bono
666 3058 1021 3130 praeponitur.
1029 3057 1406 3115 Manifestum
1447 3063 1532 3113 est
1571 3063 1772 3125 autem,
1807 3061 1954 3133 quod
1981 3061 2136 3119 inter
2164 3066 2350 3123 omnia
2389 3066 2498 3123 hu-

488 3159 649 3201 mana
674 3143 833 3211 bona,
852 3144 1063 3201 bonum
1086 3144 1284 3203 animae
1306 3146 1644 3219 praecipuum
1661 3146 1843 3205 locum
1867 3155 2034 3219 tenet,
2052 3156 2178 3224 post
2193 3152 2298 3210 hoc
2313 3160 2500 3211 autem

488 3233 772 3289 ordinatur
801 3234 1003 3290 bonum
1030 3237 1293 3310 corporis,
1326 3234 1581 3291 ultimum
1603 3242 1789 3294 autem
1817 3237 2022 3295 bonum
2049 3246 2152 3311 est,
2186 3244 2335 3315 quod
2361 3259 2502 3303 con-

486 3322 634 3379 sistit
658 3322 711 3377 in
743 3321 905 3378 rebus
929 3323 1310 3381 exterioribus.
1348 3324 1505 3393 Unde
1531 3330 1588 3379 et
1615 3323 1758 3381 hunc
1780 3328 2031 3383 ordinem
2055 3328 2318 3401 diligendi
2347 3333 2500 3406 seip-

486 3426 629 3479 sum,
659 3410 907 3468 videmus
949 3410 1155 3468 homini
1205 3410 1532 3469 naturaliter.
1574 3413 1830 3471 inditum.
1858 3416 2052 3473 Nullus
2097 3416 2246 3475 enim
2291 3428 2375 3477 est
2401 3421 2514 3493 qui.

486 3515 594 3556 non
618 3498 805 3556 mallet
842 3514 903 3556 se
935 3498 1179 3571 corporis
1207 3499 1363 3555 oculo
1404 3500 1629 3573 privari,
1662 3518 1830 3575 quam
1860 3518 1962 3561 usu
1987 3506 2218 3563 rationis
2259 3524 2388 3581 quae
2411 3517 2499 3567 est

485 3588 675 3646 oculus
703 3588 923 3644 mentis.
958 3588 1280 3661 Rursusque
1310 3603 1407 3660 pro
1451 3588 1582 3647 vita·
1609 3592 1878 3665 corporali
1917 3594 2118 3651 tuenda
2143 3596 2230 3651 vel
2265 3612 2496 3655 conser-

483 3675 684 3739 vanda,
715 3674 876 3730 homo
905 3674 1087 3730 omnia
1115 3688 1215 3729 sua
1250 3673 1392 3731 bona
1420 3676 1696 3735 exteriora
1723 3677 1973 3751 largitur,
2013 3681 2333 3759 secundum
2360 3683 2494 3741 illud

484 3762 586 3819 Job
617 3778 703 3818 ιι·
730 3759 925 3818 Pellem
939 3777 1045 3833 pro
1060 3762 1214 3834 pelle,
1240 3768 1291 3819 et
1314 3770 1502 3819 cuncta
1525 3780 1641 3837 quae
1665 3764 1816 3823 habet
1843 3767 1994 3825 homo
2015 3768 2166 3827 dabit
2179 3786 2286 3843 pro
2310 3770 2498 3827 anima

484 3865 604 3905 sua.
630 3849 699 3905 Et
723 3847 813 3904 hic
841 3849 1062 3921 quidem
1089 3850 1354 3909 naturalis
1377 3852 1513 3908 ordo
1541 3852 1849 3911 dilectionis
1871 3856 1960 3911 sui
1981 3855 2175 3930 ipsine,
2207 3858 2264 3913 in
2301 3861 2496 3933 paucis

485 3936 574 3993 vel
598 3935 761 3993 nullis
778 3936 983 4007 deficit,
1006 3947 1273 4012 quantum
1295 3939 1366 3999 ad
1384 3926 1659 4000 naturalia
1681 3939 1842 4015 bona,
1872 3942 1942 4000 de
1965 3944 2165 4018 quibus
2185 3947 2494 4023 exemplum
