2850 4517
521 328 642 389 480
1001 343 1052 386 s.
1097 342 1331 386 ‘moram
1372 337 1699 400 sommus
1740 340 2052 386 ornacum
2094 349 2097 356 ·

521 458 700 518 Adam
727 457 1020 531 exemplum
1070 472 1240 512 meum
1280 455 1346 512 ub
1391 454 1741 512 adolescentia
1780 471 1916 511 mea.
1946 457 2187 518 Primam
2224 473 2356 530 ergo
2401 461 2537 517 Adae

521 549 816 620 imaginem
861 546 1112 603 Christus
1153 546 1451 618 assumpsit
1490 560 1617 601 cum
1662 553 1852 602 nostra
1888 552 2107 611 natura,
2146 553 2202 601 et
2250 563 2536 622 nunquam

522 636 794 708 deposuit,
835 635 1132 692 secundam
1172 649 1303 690 vero
1341 649 1622 706 nunquam
1659 632 1868 698 habuit,
1899 635 2124 691 tertiam
2169 636 2398 708 quidem
2442 654 2540 694 as-

521 723 773 798 sumpsit,
799 723 897 781 sed
925 724 982 781 in
1019 722 1420 782 resurrectione
1448 722 1720 797 deposuit,
1746 728 1801 778 et
1838 722 1908 778 de
1936 721 2039 778 hac
2078 721 2325 798 loquitur
2357 726 2540 782 Atha-

523 828 733 871 nasius.

1226 954 1512 1026 CAPUT
1564 955 1817 1024 XXIII.

690 1081 993 1158 Quomodo
1019 1081 1398 1161 intelliyitm·
1423 1080 1586 1160 quod
1614 1079 1869 1154 dicitur,
1901 1081 2063 1159 quod
2088 1086 2376 1145 meacm-a

1019 1187 1140 1233 non
1154 1172 1360 1249 potest
1385 1167 1695 1248 cooperari
1727 1167 2027 1231 Creatori.

594 1296 731 1354 item
770 1295 988 1352 videtur
1025 1310 1146 1350 esse
1191 1292 1416 1349 dubium
1456 1291 1524 1346 de
1561 1290 1665 1348 hoc
1703 1290 1849 1363 quod
1891 1291 2155 1349 Athanas.
2188 1293 2244 1349 in
2281 1311 2541 1352 sermone

523 1385 729 1441 Nicaeni
761 1383 976 1439 concilii
1003 1383 1137 1438 dicit
1169 1398 1181 1434 :
1216 1384 1332 1437 Aut
1353 1379 1607 1452 quomodo
1634 1380 1869 1436 creatori
1899 1388 2158 1436 creatura
2186 1392 2537 1454 cooperatur,

522 1472 772 1528 intiment
808 1471 974 1526 nobis.
1019 1468 1101 1524 Ex
1134 1483 1243 1542 quo
1287 1468 1451 1523 datur
1484 1465 1742 1543 intelligi,
1789 1467 1934 1540 quod
1985 1457 2237 1526 cr‘eatura
2287 1457 2535 1532 creatori

521 1559 802 1636 cooperari
825 1574 932 1615 non
965 1558 1151 1629 possit.
1178 1554 1333 1625 Quod
1363 1553 1617 1611 videatur
1648 1571 1770 1610 esse
1812 1553 2033 1626 salsum,
2059 1571 2181 1614 cum
2212 1559 2404 1618 Sancti
2436 1563 2537 1619 di-

521 1652 865 1704 canturesse
904 1645 1004 1702 Dei
1042 1644 1338 1716 adjutores,
1372 1651 1431 1698 et
1466 1650 1867 1716 cooperatores,
1900 1646 2200 1702 secundum
2244 1651 2385 1720 Apo.
2416 1651 2534 1708 Sed

523 1735 804 1792 sciendum
852 1734 998 1809 quod
1037 1732 1244 1804 aiiquid
1285 1730 1491 1787 dicitur
1535 1733 1814 1804 cooperari
1854 1732 2018 1789 alicui
2062 1735 2376 1807 dupliciter.
2406 1739 2537 1796 Uno

523 1823 706 1891 modo,
744 1823 874 1900 quia
902 1829 1161 1897 operatur
1191 1820 1258 1876 ad
1292 1819 1546 1876 eumdem
1574 1821 1847 1886 effectum,
1876 1820 1972 1879 sed
2018 1838 2113 1894 per
2156 1823 2325 1882 aliam
2349 1827 2539 1884 virtu·-

524 1919 652 1979 tem,
679 1912 822 1968 sicut
861 1909 1108 1966 minister
1138 1908 1386 1976 Domine,
1419 1907 1552 1964 dum
1592 1909 1711 1980 ejus
1755 1911 2044 1982 praeceptis
2084 1911 2293 1981 obedit,
2326 1923 2385 1972 et
2412 1917 2535 1973 ins-

526 2007 861 2058 trumentum
912 1997 1109 2055 artifici
1157 2014 1189 2054 a
1237 2011 1346 2069 quo
1382 2003 1654 2052 movetur.
1704 1995 1823 2053 Alio
1865 1997 2024 2054 modo
2069 2000 2275 2057 dicitur
2318 2003 2534 2078 aliquid

521 2089 801 2162 cooperari
828 2086 1011 2153 alicui,
1046 2087 1100 2143 in
1128 2094 1396 2160 quantum
1424 2093 1686 2158 operatur
1712 2085 1959 2142 eamdem
1998 2089 2376 2160 operationem
2404 2109 2535 2151 cum

523 2178 661 2250 ipso,
689 2178 831 2233 sicut
855 2177 902 2232 si
930 2175 1204 2232 diceretur
1232 2174 1300 2231 de
1323 2173 1533 2230 duobus
1557 2173 1902 2246 portantibus
1928 2173 2149 2247 aliquod
2178 2181 2411 2250 pondu3‚
2446 2183 2535 2238 vel

523 2267 593 2323 de
645 2267 891 2340 pluribus
937 2264 1279 2323 trahentibus
1319 2279 1535 2334 navem,
1582 2263 1726 2336 quod
1772 2279 1937 2320 unum
1978 2263 2137 2320 alteri
2174 2279 2531 2341 cooperatur.

522 2355 833 2412 Secundum
870 2354 1038 2425 igitur
1080 2353 1314 2426 primum
1352 2351 1573 2408 modum
1616 2360 1867 2408 creatura
1907 2357 2089 2425 potest
2130 2353 2239 2410 dici
2286 2359 2534 2416 creatori

523 2441 803 2513 cooperari
830 2448 1097 2512 quantum
1121 2439 1190 2495 ad
1219 2439 1434 2512 aliquos
1462 2439 1708 2507 effectae,
1738 2440 1831 2512 qui
1877 2440 2012 2496 fiunt
2055 2440 2323 2498 mediante
2362 2462 2539 2504 crea-

526 2537 668 2594 tura,
697 2543 802 2583 non
830 2536 1012 2583 tamen
1039 2533 1306 2602 quantum
1335 2526 1402 2582 ad
1435 2526 1555 2582 illos
1579 2527 1825 2595 effectus,
1855 2529 1949 2601 qui
1986 2537 2103 2584 sunt
2142 2529 2463 2590 immediate
2494 2553 2535 2593 a

525 2617 659 2683 Deo,
686 2623 748 2672 ut
786 2615 1016 2683 creatio,
1043 2623 1099 2671 et
1139 2614 1523 2672 sanctificatio·
1553 2615 1802 2671 Secundo
1840 2624 2023 2672 autem
2070 2617 2227 2674 modo
2269 2631 2535 2682 creatura

524 2705 758 2761 creatori
799 2719 906 2761 non
943 2710 1286 2778 cooperatur,
1331 2702 1434 2781 „⁸⁰⁶
1476 2701 1652 2759 solum
1700 2712 1810 2759 tres
1857 2720 2101 2777 personae
2142 2706 2243 2763 sibi
2292 2708 2533 2767 invicem

524 2799 887 2866 cooperantur
917 2809 932 2850 z
965 2794 1094 2866 quia
1121 2807 1312 2850 earum
1339 2800 1422 2848 est
1447 2792 1693 2865 operatio
1724 2808 1849 2859 una,
1878 2809 1984 2849 non
2026 2800 2209 2851 autem
2254 2796 2333 2852 ita
2378 2801 2531 2872 quod

524 2881 784 2955 quaeiibet
830 2897 1018 2938 earum
1059 2891 1270 2953 partem
1316 2881 1536 2936 virtutis
1584 2881 1877 2953 possideat,
1926 2897 2025 2953 per
2064 2897 2232 2956 quam
2277 2885 2533 2958 operatio

523 2970 849 3043 comptetur,
880 2971 1024 3027 sicut
1066 2959 1349 3026 accidit'in
1379 2969 1569 3027 multis
1615 2967 1956 3026 trahentibus
2006 2987 2221 3039 navem,
2255 2973 2334 3030 sic
2378 2977 2531 3032 enim

523 3058 816 3130 cujuslibet
853 3059 1032 3115 virtus
1055 3064 1200 3115 esset
1243 3057 1605 3130 imperfecta:
1636 3048 1735 3113 sed
1765 3059 1841 3115 ita
1886 3059 2033 3131 quod
2080 3068 2198 3116 tota
2245 3063 2417 3119 virtus
2454 3065 2531 3120 ad

523 3147 898 3224 operationem
919 3145 1194 3208 sufficiens
1217 3151 1303 3203 est
1327 3145 1382 3202 in
1407 3143 1651 3218 qualibet
1676 3147 1840 3211 trium
1869 3163 2242 3219 personarum.
2304 3221 2310 3228 ἡ

1229 3308 1522 3378 CAPUT
1564 3309 1815 3377 XXIV.

610 3431 917 3507 Quomodo
944 3431 1317 3512 intelliyitnr
1343 3431 1505 3512 quod
1526 3431 1781 3534 dicitur,
1814 3439 2155 3496 creaturam
2189 3435 2451 3498 creatori

1217 3535 1337 3580 non
1359 3535 1480 3582 esse
1495 3536 1833 3600 propo-tam.

593 3639 729 3694 Item
764 3638 989 3695 dubium
1028 3622 1249 3695 vid'etur
1294 3654 1416 3694 esse
1457 3639 1605 3712 quod
1634 3641 1867 3697 Basilius
1900 3641 2038 3697 dicit
2078 3649 2274 3699 eontra
2312 3643 2533 3710 Arium,

525 3726 668 3796 quod
691 3733 946 3783 creatura
975 3727 1210 3784 creatori
1239 3742 1348 3782 non
1376 3735 1461 3784 est
1490 3729 1709 3802 propria
1742 3747 1755 3783 ε
1784 3729 1930 3802 quod
1956 3737 2041 3786 est
2068 3737 2261 3787 contra
2284 3730 2362 3802 id,
2380 3733 2537 3804 quod

525 3809 726 3868 dicitur
742 3814 967 3871 loannis
1004 3829 1022 3870 ι
1056 3831 1069 3870 :
1101 3815 1168 3872 In
1201 3815 1437 3894 proprio
1478 3816 1643 3881 veuit,
1674 3824 1724 3875 et
1758 3821 1847 3873 sui
1886 3835 2002 3874 eum
2040 3835 2149 3875 non
2180 3826 2535 3894 -receperunn

525 3893 629 3958 Sed
653 3897 756 3955 hoc
779 3901 942 3959 solvit
968 3902 1268 3973 Gregorius
1297 3904 1352 3960 in
1381 3904 1619 3984 quadam
1668 3905 1922 3986 Homilia,
1956 3906 2163 3975 dicens,
2194 3907 2343 3984 quod
2367 3922 2539 3968 oroa-
