2850 4517
652 377 738 419 1v.
768 392 845 404 —
874 376 951 417 DE
993 376 1409 418 PEnFnc‘rmNE
1453 378 1618 419 vffAE
1670 380 2042 423 srmrruAms
2231 368 2352 427 337

343 500 521 552 status
556 490 909 565 perfectionis
950 506 1054 545 non
1098 488 1329 547 habetur
1373 493 1473 547 nisi
1523 508 1648 547 cum
1695 502 1959 566 perpetua
1996 496 2349 569 obligatione.

342 582 691 639 Manifestum
720 596 777 635 es
755 588 803 635 t
834 586 1019 635 autem
1047 580 1194 652 quod
1242 580 1648 649 Archidiaconi,
1675 590 1730 637 et
1774 584 2114 665 parochiales
2155 588 2353 663 Sacer-

344 674 519 745 dote8‚
548 676 603 725 et
650 670 820 725 etiam
858 668 1017 723 electi
1060 675 1185 724 ante
1232 671 1720 737 consecrationem,
1753 677 1961 728 statum
2003 675 2354 747 perfectionis

345 760 585 817 nondum
610 758 797 829 adepti
826 763 973 823 sunt,
1001 756 1144 813 sicut
1173 774 1273 813 nec
1304 759 1494 814 novitii
1524 759 1580 813 in
1605 759 1958 831 religionibus
1983 770 2110 819 ante
2139 766 2356 837 profes-

344 852 575 905 sionem.
601 846 879 917 Contingit
904 852 1107 910 autem,
1138 851 1199 901 ut
1226 847 1603 919 supradictum
1634 854 1734 917 est,
1765 849 2000 923 aliquem
2029 870 2136 908 non
2170 856 2222 909 in
2241 874 2354 929 per·

346 938 597 995 fectionis
618 941 767 991 statu
798 932 1123 989 existentem
1152 950 1317 1006 opera
1355 936 1704 1008 perfectionis
1743 954 1922 1009 agere,
1957 948 2011 996 et
2051 943 2354 1013 perfectum

344 1042 465 1082 esse
502 1021 800 1081 secundum
838 1021 1086 1077 habitum
1128 1022 1435 1080 charitatis».
1458 1025 1512 1081 Si
1555 1026 1720 1095 igilur
1756 1028 2024 1099 contingit
2063 1017 2354 1089 Archid'ia4

344 1131 512 1171 conos
530 1120 587 1169 et
616 1110 974 1185 parochianos
999 1109 1355 1183 Presbyteros
1383 1111 1656 1184 perfectos
1693 1128 1814 1171 esse
1855 1110 2163 1174 secundum.
2191 1120 2355 1177 habi-

347 1212 464 1260 tum
486 1198 793 1268 charitatis,
818 1208 873 1256 et
899 1198 1229 1271 participare
1254 1199 1306 1253 in
1335 1199 1520 1273 aliquo
1546 1201 1896 1274 perfectionis
1924 1204 2120 1273 officio,
2147 1218 2352 1291 statum

348 1303 531 1349 tamen
559 1288 909 1363 perfectionis
940 1302 1043 1343 non
1070 1288 1456 1358 assequuntur.
1476 1290 1648 1360 Hujus
1679 1296 1859 1346 autem
1885 1292 2110 1351 evidens
2139 1298 2353 1369 signum

346 1390 450 1450 est,
482 1380 613 1453 quia
639 1378 722 1433 his
746 1376 840 1448 qui
866 1376 1131 1448 perpetuo
1164 1374 1231 1429 ad
1261 1374 1469 1448 aliquid
1513 1377 1862 1450 deputantur,
1895 1381 1978 1435 vel
2021 1383 2350 1456 obligantur,

345 1470 533 1541 aliqua
560 1465 933 1523 ecclesiastica
962 1463 1349 1519 solemnitasin
1378 1464 1473 1519 tali
1503 1464 1834 1536 obligatione
1863 1460 2166 1540 adhibetur,
2200 1482 2351 1546 puta,

346 1559 440 1631 qui
472 1559 526 1613 in
554 1555 851 1628 Episcopos
876 1552 1293 1621 consecrantur,
1328 1553 1411 1607 vel
1461 1554 1553 1625 qui
1601 1555 1652 1609 in
1697 1555 2031 1627 professione
2077 1559 2354 1631 religionis

348 1646 767 1711 benedicuntur,
793 1642 959 1697 etiam
988 1640 1289 1697 secundum
1315 1640 1600 1713 antiquum
1625 1644 1792 1716 ritum
1817 1646 2094 1715 Ecclesiae,
2117 1656 2175 1705 ut
2203 1659 2355 1722 patet

346 1752 444 1808 per
471 1733 695 1804 Dionys.
724 1732 780 1785 in
810 1730 930 1785 libr.
954 1730 1035 1784 De
1066 1728 1680 1795 ecclesiast.,hierarch.
1699 1746 1748 1785 c.
1783 1748 1860 1787 v1.
1891 1734 2234 1793 Manifestum
2272 1746 2354 1795 est

347 1831 533 1882 autem
562 1821 707 1899 quod
732 1820 863 1875 nihil
894 1819 1086 1875 horum
1111 1819 1189 1874 'sit
1219 1820 1273 1874 in
1299 1819 1683 1875 commissione
1725 1822 2354 1897 Archid-iaconatu8,·vel

350 1910 645 1976 Parocbiae,
677 1908 773 1965 sed
810 1907 1133 1979 simpliciter
1162 1906 1530 1962 investiantur
1578 1907 1658 1963 vel
1705 1924 1800 1981 per
1837 1911 2114 1978 annulum,
2147 1914 2230 1969 vel
2257 1909 2354 1988 per

347 2000 555 2073 aliquid
583 1997 709 2054 tale.
736 1998 892 2053 Unde
916 1994 1267 2051 manifestum
1300 2000 1386 2050 est
1423 1995 1571 2068 quod
1610 1995 1676 2051 ex
1706 1994 1974 2070 hoc''quod
2005 2002 2204 2073 aliquis
2246 2009 2354 2059 Ar-

346 2090 803 2153 chidiaconatum‚
831 2084 918 2143 vel
941 2084 1217 2141 parochiae
1239 2088 1430 2139 curam
1454 2086 1673 2157 accipit,
1701 2102 1805 2141 non
1823 2088 2049 2149 sortitur
2074 2098 2356 2163 perpetuae

348 2176 696 2250 obligationis
726 2178 951 2231 statum.
983 2174 1081 2228 His
1107 2177 1291 2229 autem
1325 2172 1458 2228 visis
1481 2172 1640 2229 facile
1674 2182 1756 2229 est
1791 2175 2006 2247 objecta
2038 2178 2090 2232 in
2131 2188 2356 2245 contra-

348 2269 491 2324 rium
516 2264 751 2323 solvere.
782 2261 940 2331 Quod
969 2260 1115 2317 enim
1144 2261 1425 2334 Clirysost.
1459 2262 1625 2318 dicit:
1657 2282 1682 2314 α
1710 2262 1764 2318 Si
1795 2262 1959 2318 talem
1986 2265 2223 2338 aliquem
2252 2268 2356 2323 ad·-

352 2358 523 2413 ducas
554 2351 901 2417 monachum,
934 2349 1114 2423 qualis
1142 2349 1247 2406 fuit
1292 2349 1456 2418 Elias,
1493 2350 1926 2407 non'tamen'illi
1956 2358 2356 2426 comparandus

346 2449 453 2509 est,
480 2441 572 2514 qui
602 2438 897 2495 multorum
925 2442 1151 2509 peccata
1179 2436 1321 2491 ferre
1350 2437 1695 2510 compellitur
1721 2458 1768 2504 »,
1805 2439 2091 2495 manifeste
2126 2451 2356 2515 apparet

348 2546 447 2604 per
475 2546 539 2585 ea
566 2544 691 2603 quae
715 2527 868 2591 dicit,
898 2524 1043 2598 quod
1074 2540 1179 2579 non
1207 2525 1440 2581 intendit
1469 2534 1675 2582 statum
1704 2527 1873 2582 statui
1901 2544 2238 2601 comparare,
2258 2533 2356 2587 sed

348 2618 638 2675 ostendere
659 2612 1033 2669 difficultatem
1071 2613 1208 2680 bene
1236 2613 1563 2684 persistendi
1594 2616 1854 2684 majorem
1891 2632 2010 2671 esse
2049 2618 2104 2672 in
2149 2635 2214 2675 eo
2259 2612 2351 2692 qui

350 2713 555 2779 praeest
582 2701 810 2775 populis,
830 2716 994 2774 quam
1012 2701 1067 2756 in
1096 2715 1161 2755 eo
1184 2700 1279 2771 qui
1310 2700 1614 2756 solitariam
1638 2700 1808 2755 vitam
1832 2702 2174 2776 ducit‚'quod
2202 2716 2352 2779 patet

350 2797 396 2851 si
445 2796 654 2863 integre
689 2789 857 2845 vverba
897 2789 1258 2861 accipiantur.
1299 2790 1423 2843 Non
1465 2788 1610 2842 enim
1651 2788 1972 2860 simpliciter
2023 2791 2176 2859 dicit,
2205 2798 2352 2867 quod

352 2879 652 2939 monachus
681 2893 783 2934 non
812 2879 885 2933 sit
912 2876 1312 2949 comparandus
1354 2876 1432 2930 illi
1476 2878 1570 2947 qui
1610 2875 1954 2948 compellitur
1992 2888 2217 2950 peccata
2251 2900 2354 2955 po-

350 2972 465 3045 puli
494 2970 654 3035 ferre,
683 2966 777 3023 sed
820 2966 965 3040 quod
999 2964 1295 3021 monachus
1338 2964 1381 3019 si
1425 2980 1534 3019 non
1573 2966 1944 3037 perturbatur,
1975 2982 2074 3021 nec
2116 2972 2358 3040 graviter

352 3067 544 3134 peccat
572 3056 831 3130 quamdiu
858 3056 1005 3111 solus
1034 3063 1137 3120 est,
1167 3069 1271 3109 non
1294 3060 1644 3126 comparatur
1671 3054 1749 3109 illi
1778 3055 1870 3127 qui
1900 3056 2215 3127 perseverat
2245 3060 2356 3115 im·-

352 3148 571 3205 mobilis
597 3152 652 3201 et
681 3144 837 3201 fortis
864 3144 917 3199 in
950 3142 1299 3198 multitudine
1346 3142 1547 3215 populi,
1581 3143 1710 3215 quia
1741 3144 1963 3214 majoris
2006 3144 2229 3203 virtutis
2272 3159 2356 3204 est

352 3237 585 3293 illaesum
636 3250 695 3290 se
744 3229 1089 3297 conservare,
1129 3230 1419 3309 ubi-plura
1461 3230 1702 3307 pericula
1743 3230 2048 3288 imminent.
2080 3235 2256 3305 Unde,
2299 3249 2354 3292 et

353 3332 483 3383 ante
510 3323 627 3380 haec
654 3322 843 3389 verba,
870 3320 1004 3376 dicit
1028 3336 1041 3374 ι
1068 3338 1093 3371 α
1120 3320 1257 3375 Cum
1286 3320 1486 3391 aliquis
1509 3318 1674 3374 suerit
1699 3319 1752 3373 in
1778 3320 1974 3376 mediis
1997 3320 2268 3385 fluctibus.
2297 3334 2353 3382 et

350 3416 421 3470 de
455 3417 781 3485 tempestate
809 3425 1005 3466 navem
1037 3407 1269 3463 liberare
1296 3408 1554 3480 potuerit,
1590 3414 1719 3464 tunc
1755 3409 1950 3464 merito
1982 3412 2354 3469 testimonium

353 3501 579 3576 perfecti
600 3497 983 3571 gubernatoris
1003 3496 1073 3555 ab
1096 3494 1349 3551 omnibus
1368 3505 1710 3568 promeretur
1731 3517 1779 3550 ».
1798 3497 1887 3553 Sic
1910 3500 2078 3553 etiam
2106 3498 2214 3553 dici
2247 3516 2356 3571 pos·

350 3593 457 3653 set,
484 3584 630 3659 quod
660 3584 751 3639 ille
775 3585 869 3657 qui
900 3584 1052 3639 inter
1080 3581 1252 3638 malos
1286 3582 1423 3638 bene
1465 3593 1840 3652 conversatur,
1873 3587 2097 3658 majoris
2140 3588 2361 3645 virtutis

350 3688 473 3729 esse
500 3672 827 3739 ostenditur,
860 3685 1028 3744 quam
1052 3670 1145 3741 qui
1170 3668 1309 3723 bene
1337 3660 1693 3727 conversatur
1719 3672 1861 3727 inter
1889 3672 2136 3727 homines
2166 3673 2360 3733 bonOS.

348 3759 507 3819 Unde
528 3761 583 3816 in
622 3760 785 3817 laude
830 3759 971 3815 Loth
1016 3757 1237 3824 dicitur,
1270 3771 1337 3812 11.
1364 3757 1510 3812 Petri
1553 3760 1811 3826 secundo,
1845 3759 1991 3833 quod
2033 3770 2258 3832 aspectu
2307 3769 2364 3820 et

349 3848 547 3907 auditu
562 3850 746 3923 Justus
772 3856 913 3917 erat,
946 3847 1199 3903 habitans
1227 3844 1371 3917 apud
1402 3860 1496 3899 eos
1523 3847 1615 3917 qui
1646 3846 1714 3901 de
1743 3846 1833 3903 die
1861 3849 1916 3907 in
1945 3848 2090 3903 disem
2121 3850 2361 3908 animam

339 3944 556 4015 justam
599 3940 803 4012 iniquis
832 3936 1087 4009 operibus
1117 3935 1456 3993 cruciabant.
1483 3936 1597 3990 Nec
1625 3941 1809 3991 tamen
1848 3938 1956 3993 dici
1990 3945 2184 4011 potest,
2214 3942 2358 4012 quod

866 4055 919 4103 S.
951 4054 1105 4103 Tuon.
1142 4057 1225 4107 AQ-
1262 4054 1523 4099 ornacum.
1554 4072 1597 4087 —·
1713 4074 1771 4088 —
1794 4052 1857 4102 22
