2850 4517
570 330 693 393 310
1046 346 1097 392 s.
1140 344 1377 392 ‘moira
1416 346 1742 397 sommus
1782 348 2093 393 oruscum

574 462 772 520 asserit
806 476 903 519 eos
938 462 1136 520 melius
1178 462 1357 521 facere
1398 452 1506 537 qui'
1542 450 1768 536 utantur
1817 463 1982 520 rebus
2027 445 2160 532 suis,
2193 471 2250 521 et
2307 464 2602 539 paulatim

570 550 783 608 fructus
810 552 1211 624 possessionum
1232 546 1561 627 pauperibus
1583 552 1858 621 dividunt,
1884 569 2051 626 quam
2075 553 2200 611 illos
2223 556 2321 628 qui
2349 570 2603 629 posses-

570 639 818 697 sionibus
834 642 1183 699 venumdatis
1212 643 1379 699 semel
1416 642 1597 700 omnia
1625 642 1944 715 largiantur,
1979 659 2086 702 non
2129 641 2176 701 a³
2201 660 2289 715 me
2313 647 2387 715 ei,
2421 649 2538 705 sed
2565 665 2601 704 a

572 728 793 786 domino
812 730 1227 803 respondebitur
1254 748 1266 786 z
1292 731 1350 789 Si
1384 731 1466 787 vis
1507 746 1612 787 me
1631 734 1920 804 perfectus,
1945 732 2077 788 vade
2113 741 2164 790 et
2201 733 2364 790 venda
2395 736 2602 791 omnia

572 832 689 890 quoe
711 817 884 884 habeat,
908 826 960 877 et
986 820 1057 876 da
1072 808 1419 893 pauperibus,
1443 825 1494 876 et
1520 819 1662 885 veni,
1689 835 1904 893 sequere
1926 836 2026 877 mo.
2051 820 2137 878 Ad
2163 836 2292 877 eum
2329 822 2599 896 loquitur

573 907 669 978 qui
699 906 816 963 vult
838 922 957 963 esse
984 907 1276 980 perfectus,
1305 906 1399 981 qui
1429 898 1554 963 cum
1582 907 1856 983 Apostolis
1899 914 2132 981 patrem,
2161 910 2506 979 naviculam,
2539 919 2600 969 et

572 1002 693 1052 rete
720 993 965 1052 dimittit.
990 995 1100 1052 Iste
1144 1012 1308 1069 quem
1347 1002 1408 1051 tu
1447 995 1656 1064 laudas,
1683 996 1957 1053 secundus
1995 1003 2091 1053 aut
2132 999 2332 1055 tertius
2371 1000 2595 1071 gradus

574 1088 680 1152 est,
705 1100 869 1157 quem
893 1090 948 1141 et
971 1098 1073 1140 nos
1100 1085 1411 1157 recipimus,
1440 1084 1572 1140 dum
1594 1084 1755 1141 modo
1777 1084 2017 1142 sciamus
2039 1086 2219 1158 prima
2237 1080 2507 1145 secundis
2533 1095 2595 1145 et

577 1173 759 1231 tertiis
786 1172 1141 1247 prael'erenda.
1164 1192 1191 1225 ι»
1211 1172 1281 1229 Et
1300 1172 1423 1230 ideo
1451 1173 1523 1230 ad
1549 1172 1946 1230 excludendum
1964 1173 2109 1230 hunc
2137 1190 2398 1243 errorem,
2431 1177 2591 1233 dici-

575 1272 667 1321 tur
692 1262 751 1319 in
778 1261 873 1319 lib.
890 1261 961 1318 de
986 1262 1375 1319 ecciesiasticis
1392 1260 1742 1333 dogmatibus
1764 1278 1778 1317 z
1799 1262 2006 1319 Bonum
2024 1269 2110 1319 est
2137 1263 2434 1321 facultates
2455 1281 2590 1321 cum

577 1351 981 1424 dispensatione
1002 1349 1333 1423 pauperibus
1356 1340 1606 1422 erogare,
1639 1349 1834 1406 melius
1868 1358 1953 1407 est
1992 1366 2092 1423 pro
2133 1352 2442 1407 intentione
2492 1368 2590 1409 se-

578 1440 780 1513 quendi
817 1438 1115 1505 dominum,
1150 1437 1366 1494 insimul
1403 1439 1591 1495 omnia
1617 1438 1840 1505 donare,
1869 1447 1925 1495 et
1965 1438 2274 1497 absolutum
2303 1438 2587 1497 sollicitu-

576 1528 704 1584 dine
727 1543 853 1584 cum
878 1527 1095 1585 Christo
1117 1544 1299 1601 egere.
1329 1527 1634 1585 Secundam
1675 1528 2026 1600 perfectionis
2051 1529 2198 1585 viam
2235 1530 2587 1602 impugnavit

577 1618 914 1685 Jovinianus,
958 1617 1368 1675 matrimonium
1408 1606 1722 1689 virginitati
1763 1616 2078 1691 adaequans,
2129 1618 2286 1689 cujus
2333 1634 2582 1675 errorem

578 1707 771 1772 beatus
796 1707 1112 1781 Hieronym.
1152 1706 1559 1785 evidentissime
1599 1704 1845 1761 confutat
1889 1707 1943 1762 in
1987 1705 2144 1773 libro,
2180 1722 2346 1779 quem
2387 1713 2584 1763 contra

579 1808 704 1852 eum
731 1796 969 1869 scripsit,
988 1796 1058 1851 de
1084 1810 1193 1869 quo
1216 1794 1383 1852 etiam
1410 1809 1596 1851 errore
1617 1797 1849 1866 August.
1877 1793 1932 1850 in
1956 1794 2094 1850 libro
2120 1796 2582 1851 retractationum

581 1882 663 1939 sic
683 1882 821 1940 dicit
837 1900 851 1937 ε
866 1903 894 1937 α
916 1883 1185 1940 Joviniani
1213 1881 1459 1949 haeresiS,
1481 1896 1762 1939 sacrarum
1783 1881 2053 1953 virginum
2077 1882 2330 1937 meritum
2354 1897 2583 1954 aequare

586 1970 865 2043 pudicitiae
892 1971 1163 2043 conjugali
1191 1970 1399 2028 voluit:
1431 1971 1488 2026 in
1515 1969 1640 2026 dein
1669 1968 1803 2026 urbe
1839 1985 2061 2027 romana
2087 1968 2374 2026 nonnullas
2410 1972 2584 2027 etiam

582 2060 1023 2117 sanctimoniales
1044 2062 1113 2116 de
1138 2075 1371 2132 quarum
1395 2058 1735 2131 impudicitia
1759 2059 1997 2131 suspicio
2026 2058 2171 2115 nulla
2194 2062 2579 2132 praecesserat,

584 2148 849 2219 dejecisse
889 2149 944 2203 in
974 2147 1203 2219 nuptias,
1228 2148 1450 2204 dicitur.
1480 2146 1620 2203 Huic
1657 2153 1843 2203 nostra
1876 2155 2065 2203 sancta
2110 2155 2286 2204 mater
2327 2146 2582 2204 Ecclesia

582 2250 681 2308 per
701 2237 884 2297 omnia
906 2234 1220 2291 fidelissime
1246 2251 1311 2292 ac
1334 2235 1630 2291 fortissime
1659 2236 1885 2303 resistit,
1902 2236 2046 2291 unde
2073 2237 2128 2293 in
2149 2235 2270 2291 libr.
2285 2237 2354 2291 de
2385 2236 2583 2293 Eccle-

582 2324 740 2378 siast.
769 2316 1117 2395 dogmatibus
1155 2322 1375 2390 dicitur,
1403 2330 1636 2379 sacratae
1664 2314 1778 2380 Deo
1819 2324 2124 2397 virginitati
2164 2324 2384 2397 nuptias
2433 2340 2584 2382 coae-

582 2425 773 2483 quare,
802 2417 896 2465 aut
924 2425 1023 2483 pro
1046 2424 1231 2466 amore
1258 2410 1566 2481 castigandi
1584 2413 1828 2485 corporis
1857 2412 2248 2470 abstinentibus
2271 2428 2302 2468 a
2330 2414 2475 2470 vino
2499 2413 2584 2471 vel

582 2496 839 2554 carnibus
872 2497 1004 2555 nihil
1046 2497 1271 2555 credere
1293 2498 1476 2555 meriti
1505 2514 1837 2569 accrescere;
1869 2517 1974 2558 non
2015 2508 2100 2558 est
2127 2499 2447 2569 Christiani,
2490 2502 2586 2559 sed

583 2586 875 2643 Ioviniani.
903 2607 929 2640 n
952 2587 1053 2643 His
1079 2593 1263 2645 autem
1308 2588 1550 2661 antiquis
1596 2588 1808 2663 insidiis
1836 2589 2085 2647 diabolus
2112 2605 2218 2647 non
2259 2597 2582 2655 contentus,

583 2675 917 2749 temporibus
944 2676 1145 2737 nostris
1182 2676 1448 2749 quosdam
1476 2676 1679 2734 dicitur
1704 2674 1984 2745 incitasse,
2015 2686 2203 2736 votum
2227 2676 2582 2745 obedientiae,

586 2764 787 2823 acalia
818 2767 953 2824 'vota
990 2766 1798 2840 communiter-impugnantes,
1822 2766 2054 2823 dicendo
2091 2766 2420 2824 laudabilius
2463 2783 2586 2824 esse

587 2856 731 2913 bona
770 2871 938 2931 opera
962 2856 1231 2915 virtutum
1271 2857 1454 2913 facere
1493 2856 1612 2913 sine
1648 2863 1776 2913 voto
1817 2856 1903 2913 vel
1943 2855 2268 2921 obedientia,
2297 2856 2464 2927 quasi
2517 2857 2586 2912 ad

592 2945 709 3003 boec
748 2940 999 3003 facienda
1034 2945 1197 3003 bomo
1234 2961 1333 3019 per
1380 2951 1568 3002 votum
1612 2944 1699 3003 vel
1739 2944 2104 3001 obedientiam
2149 2943 2581 3016 constringatur.

594 3032 833 3101 Quorum
862 3034 1031 3106 aliqui
1052 3034 1309 3091 dicuntur
1336 3033 1391 3089 in
1418 3040 1630 3091 tantam
1658 3034 1934 3089 vesaniam
1962 3032 2229 3106 prosilire,
2252 3032 2399 3105 quod
2427 3049 2587 3090 asse·

593 3125 931 3178 rant'votum
960 3123 1107 3195 quod
1132 3122 1331 3195 aliquis
1358 3121 1541 3178 emisit
1567 3122 1636 3177 de
1667 3114 1928 3193 religione
1955 3120 2212 3178 intranda
2243 3135 2404 3195 posse
2437 3137 2587 3195 prae-

592 3210 840 3277 termitti,
877 3210 1083 3284 absque
1122 3210 1452 3279 detrimento
1495 3208 1708 3267 salutis.
1737 3210 1894 3273 Hunc
1939 3216 2124 3267 autem
2166 3224 2408 3266 errorem
2454 3213 2589 3284 qui-

588 3298 816 3355 busdam
840 3300 997 3356 vanis
1030 3304 1087 3355 et
1122 3296 1674 3355 frivolis‹rationibus
1703 3298 2025 3355 confirmare
2066 3297 2342 3355 dicuntur.
2372 3296 2590 3356 Dicunt

588 3388 754 3456 enim,
782 3387 926 3461 quod
971 3391 1125 3444 tanto
1164 3385 1369 3459 aliquid
1412 3391 1506 3467 est·
1545 3385 1870 3445 laudabilius
1911 3392 1983 3461 etl
2011 3388 2188 3461 magis
2213 3385 2586 3463 meritorium,

589 3485 795 3550 quanto
826 3483 911 3533 est
950 3474 1125 3547 magis
1150 3474 1519 3555 voluntarium
1551 3468 1688 3555 {sed
1717 3482 1921 3550 quanto
1944 3474 2152 3550 aliquid
2183 3482 2267 3533 est
2295 3475 2478 3546 magis
2505 3494 2593 3535 ne-

589 3566 906 3633 cessarium,
936 3568 1087 3620 tanto
1113 3554 1341 3625 videtur
1362 3562 1543 3621 minus
1583 3564 1976 3635 voluntarium;
2004 3564 2329 3622 laudabilius
2363 3579 2506 3639 ergo
2537 3574 2594 3624 et

592 3654 765 3727 magis
794 3651 1134 3733 meritorium
1158 3651 1379 3709 videtur
1406 3664 1544 3720 esse,
1576 3654 1722 3726 quod
1761 3654 1884 3728 quis
1919 3668 2084 3726 opera
2125 3654 2387 3710 virtutum
2417 3668 2595 3711 exer·

594 3751 715 3798 ceat
747 3734 964 3814 proprio
996 3739 1221 3797 arbitrio
1249 3746 1305 3797 et
1344 3740 1550 3817 absque
1585 3742 1912 3799 necessitate
1953 3741 2066 3799 voti
2109 3737 2195 3798 vel
2232 3740 2591 3801 obedientias.

594 3843 759 3901 quam
785 3828 932 3901 quod
954 3844 1021 3885 ex
1050 3835 1175 3885 voto
1200 3828 1287 3887 vel
1309 3829 1617 3886 obedientia
1638 3830 1739 3886 hoc
1764 3830 1945 3887 facere
1973 3829 2348 3903 compellatur.
2367 3829 2596 3888 Dicun-

595 3920 685 3969 tur
706 3916 873 3972 etiarn
900 3916 969 3971 ad
997 3915 1101 3974 hoc
1143 3917 1399 3976 inducere
1441 3918 1587 3991 quod
1631 3920 1858 3991 Prosper
1899 3918 2035 3975 dicit
2073 3920 2128 3975 in
2168 3918 2216 3974 11
2244 3917 2337 3975 lib.
2367 3916 2440 3975 de·
2469 3920 2597 3979 vita
