2850 4517
560 413 680 477 370
1039 429 1089 473 s.
1136 427 1367 473 rquAE
1408 426 1734 476 sommus
1775 426 2089 471 ornacum.

566 560 720 602 novae
743 552 971 618 septem,
1002 543 1212 599 scilicet
1239 542 1564 616 baptismuS,
1596 540 1958 609 confirmatio,
1993 541 2344 609 eucharistia,
2384 543 2560 615 poeni-

565 636 754 701 tentia,
796 640 1040 691 extrema
1082 632 1286 703 unctio,
1318 632 1470 699 ordo,
1513 638 1569 687 et
1614 631 2022 688 matrimonium
2069 649 2083 687 ε
2129 648 2361 705 quorum
2390 633 2562 704 prima

563 725 804 797 quinque
830 723 1152 779 ordinantur
1180 722 1248 778 ad
1274 721 1662 793 perfectionem
1695 720 1856 777 unius
1879 720 2116 776 hominis
2140 720 2196 776 in
2233 720 2438 793 seipso,
2471 721 2564 775 sed

562 813 668 871 alia
693 813 823 881 duo,
850 812 1060 869 scilicet
1082 806 1216 867 ordo
1259 818 1315 867 et
1340 809 1768 877 matrimonium,
1806 809 2129 867 ordinantur
2159 809 2228 865 ad
2268 810 2566 883 perfectio-

562 918 703 968 nem,
748 909 805 958 et
843 900 1350 973 multiplicationem
1391 900 1562 956 totius
1589 898 1869 959 Ecclesiae.
1906 898 2033 955 Vita
2075 900 2224 955 enim
2264 898 2567 971 spiritualis

485 1012 491 1019 ·
562 990 931 1048 conformatur
976 990 1105 1047 vitae
1142 988 1411 1061 corporali
1457 988 1570 1045 tin
1597 989 1713 1045 vita
1755 994 1940 1044 autem
1981 987 2253 1062 corporali
2283 989 2567 1061 perficitur

561 1080 722 1138 homo
744 1080 919 1155 primo
954 1096 1051 1151 per
1076 1078 1502 1150 generationem,
1545 1077 1674 1151 quia
1704 1077 1948 1134 nascitur
1979 1076 2032 1132 in
2061 1076 2166 1133 hoc
2188 1077 2395 1133 mundo
2430 1094 2444 1132 ε
2477 1094 2567 1133 se-

562 1169 739 1225 cundo
772 1185 867 1241 per
911 1173 1283 1239 augmentum,
1332 1182 1442 1241 quo
1471 1164 1791 1239 perducitur
1837 1165 1905 1221 ad
1949 1166 2319 1238 quantitatem
2359 1171 2415 1221 et
2455 1166 2569 1221 vir-

563 1265 735 1316 tutem
776 1256 1073 1329 perfectam
1115 1273 1129 1311 ι
1175 1256 1337 1313 tertio
1380 1272 1478 1328 per
1519 1254 1720 1323 cibum,
1775 1268 1885 1327 quo
1935 1260 2278 1319 sustentatur
2332 1254 2568 1311 hominis

564 1347 677 1404 vita
724 1352 778 1402 et
818 1346 1068 1402 virtutes,
1112 1346 1180 1399 Et
1222 1347 1340 1403 haec
1382 1343 1606 1417 quidem
1641 1343 1976 1410 sufficerent,
2023 1343 2069 1399 si
2118 1360 2399 1417 nunquam
2443 1361 2568 1399 eum

560 1434 824 1493 infirmari
848 1434 1207 1504 contingeret,
1234 1432 1329 1488 sed
1348 1431 1481 1505 quia
1499 1432 1813 1505 frequenter
1831 1431 1993 1487 homo
2009 1430 2340 1499 infirmatur,
2369 1440 2567 1506 quarto

518 1529 522 1533 ’
561 1523 769 1592 indiget
805 1522 1087 1577 sanatione
1120 1538 1133 1577 z
1174 1521 1255 1577 sic
1278 1527 1362 1577 est
1392 1520 1446 1576 in
1487 1521 1601 1579 vita
1631 1520 1926 1594 spirituali.
1956 1520 2134 1577 Primo
2171 1520 2319 1577 enim
2359 1522 2566 1593 indiget

559 1612 721 1668 homo
765 1611 1195 1683 regeneratione,
1246 1625 1373 1683 quae
1416 1610 1480 1666 fit
1540 1626 1640 1683 per
1679 1610 2030 1683 baptismum,
2080 1609 2388 1681 secundum
2434 1610 2565 1667 illud

496 1742 503 1749 .
559 1702 715 1757 ioan.
757 1715 826 1756 111
872 1714 887 1754 :
925 1698 1055 1758 Nisi
1092 1699 1214 1773 quis
1240 1704 1464 1755 renatus
1505 1698 1678 1771 fuerit
1725 1715 1791 1754 ea:
1815 1715 1955 1771 aqua
1999 1705 2051 1756 et
2091 1697 2308 1771 Spiritu
2350 1700 2562 1766 Sancto,

561 1805 669 1847 non
694 1795 867 1862 potest
895 1788 1126 1847 introire
1151 1788 1213 1844 in
1245 1805 1468 1861 regnum
1505 1786 1624 1844 Dei.
1663 1788 1932 1854 Secunde,
1961 1794 2179 1860 oportet
2217 1788 2369 1861 quod
2405 1790 2562 1845 homo

562 1878 797 1951 accipiat
834 1877 1131 1949 perfectam
1170 1878 1431 1935 virtutem
1473 1876 1630 1949 quasi
1666 1876 1944 1949 quoddam
1981 1876 2270 1949 spirituale
2298 1894 2563 1949 augmen·

563 1973 699 2034 tum,
744 1966 951 2023 scilicet
980 1982 1077 2035 per
1120 1972 1525 2025 sacramentum
1567 1966 1994 2023 confirmationis
2039 1966 2108 2021 ad
2149 1965 2560 2023 similitudinem

560 2055 962 2127 Apostolorum,
1004 2072 1140 2129 quos
1178 2056 1411 2127 Spiritus
1439 2056 1671 2112 Sanctus
1702 2055 1754 2109 in
1793 2070 1886 2109 eos
1930 2055 2157 2111 veniens
2193 2056 2556 2112 confirmavit.

561 2144 717 2200 Unde
743 2145 1003 2201 Dominus
1032 2145 1173 2201 dixit
1200 2146 1299 2213 eie,
1322 2146 1456 2201 Luc.
1487 2144 1659 2200 ultim.
1695 2161 1708 2199 :
1747 2143 1846 2201 Vos
1867 2144 2035 2201 sedete
2057 2143 2118 2199 in
2145 2144 2364 2200 civitate
2400 2145 2580 2223 Iera--

559 2233 719 2287 salem
744 2233 1074 2305 quoadusque
1102 2233 1410 2288 induamini
1438 2232 1640 2290 virtute
1667 2248 1731 2287 ex
1753 2233 1880 2289 alto.
1922 2234 2128 2299 Tertio,
2161 2241 2383 2307 oportet
2419 2236 2556 2308 quod

557 2319 716 2375 homo
749 2320 1107 2393 spiritualiter
1144 2320 1415 2377 nutriatur
1461 2337 1556 2394 per
1599 2318 1959 2377 Eucharistiae
2001 2329 2428 2391 sacramentum,
2474 2340 2556 2379 se-

560 2408 796 2463 cundum
822 2409 953 2463 illud
976 2409 1131 2463 Joan.
1171 2425 1229 2463 vi
1262 2426 1274 2463 :
1302 2409 1361 2468 N
1364 2410 1431 2463 isi
1467 2409 1917 2467 manducanai-illa
1939 2428 2154 2467 carnem
2178 2409 2285 2483 filii
2307 2412 2551 2479 nominis,

559 2504 607 2552 et
638 2494 875 2557 biberitis
916 2498 1028 2563 ejus
1055 2496 1385 2568 sanquinem,
1416 2514 1526 2554 non
1545 2498 1802 2556 habebitis
1829 2500 1994 2555 vitam
2027 2500 2090 2555 in
2123 2500 2279 2555 vobis.
2324 2500 2552 2569 Quarto,

560 2590 774 2657 oportet
802 2586 945 2658 quod
976 2584 1135 2643 homo
1175 2595 1396 2644 sanetur
1424 2587 1780 2660 spiritualiter
1809 2606 1905 2662 per
1947 2594 2352 2645 sacramentum
2379 2592 2554 2663 poeni-

527 2707 531 2711 -
560 2672 763 2739 tentiae,
792 2675 1094 2731 secundum
1122 2674 1256 2731 illud
1286 2676 1428 2733 Psal.
1459 2692 1534 2733 ιιι.
1566 2694 1578 2732 :
1609 2676 1773 2743 Sana,
1813 2677 2055 2745 Domine,
2092 2677 2338 2735 animam
2370 2696 2550 2745 meam,

558 2761 687 2833 quia
711 2764 920 2833 peccavi
958 2762 1075 2818 tibi.
1108 2764 1329 2835 Quinte,
1360 2765 1722 2839 spiritualiter
1763 2766 1920 2823 simul
1963 2776 2019 2823 et
2065 2768 2425 2840 corporaliter
2466 2785 2557 2841 per

557 2859 961 2907 sacramentum
1000 2859 1257 2910 extremae
1315 2855 1585 2912 unctionis
1629 2860 1874 2922 sanatur,
1925 2855 2227 2912 secundum
2270 2856 2404 2913 illud
2441 2859 2546 2913 Jac-

556 2940 657 2999 ult.
702 2957 715 2995 :
747 2940 1070 3013 Infirmalur
1098 2942 1291 3014 aliquis
1324 2942 1379 2998 in
1412 2943 1574 3009 vobis,
1616 2944 1833 2999 inducat
1853 2944 2188 3017 presbyteros
2215 2946 2482 3012 Ecclesioe,
2505 2953 2547 3001 et

555 3036 709 3085 orent
749 3046 911 3101 super
948 3048 1065 3087 eum
1107 3038 1357 3103 ungentes
1396 3048 1514 3089 eum
1547 3033 1655 3088 oleo
1685 3032 1744 3087 in
1785 3036 1996 3089 nomine
2025 3025 2268 3101 Domini,
2311 3044 2360 3091 et
2389 3036 2548 3092 oratio

554 3118 681 3189 fidei
705 3117 927 3173 salvabit
952 3120 1248 3191 infirmum,
1275 3128 1323 3177 et
1353 3121 1621 3177 alleviabit
1651 3138 1768 3177 eum
1797 3122 2074 3187 Dominus,
2101 3130 2152 3179 et
2174 3123 2225 3178 si
2255 3124 2311 3179 in
2334 3123 2548 3197 peccatis

557 3207 648 3271 sit,
675 3205 1011 3275 dimittentur
1040 3209 1107 3264 ei.
1135 3209 1407 3280 Quantum
1440 3218 1622 3266 autem
1651 3212 1717 3267 ad
1749 3226 2092 3267 communem
2117 3211 2379 3272 Ecclesiae
2408 3212 2546 3269 utili-

556 3303 748 3360 tatem,
781 3294 1098 3352 ordinantur
1124 3298 1231 3353 duo
1250 3302 1620 3367 sacramenta,
1637 3299 1847 3357 scilicet
1871 3302 2022 3368 ordo,
2049 3307 2104 3357 et
2127 3302 2542 3359 matrimonium.

554 3384 699 3439 Nam
742 3400 841 3455 per
886 3385 1133 3441 ordinem
1178 3386 1421 3443 Ecclesia
1469 3387 1802 3459 gubernatur
1852 3398 1908 3446 et
1949 3390 2352 3463 multiplicatur
2397 3390 2544 3465 spiri-

558 3472 799 3540 tualiter,
829 3478 885 3527 et
907 3490 1000 3544 per
1020 3474 1428 3530 matrimonium
1452 3477 1847 3551 multiplicatur
1866 3479 2244 3551 corporaliter.
2259 3480 2358 3537 Est
2377 3489 2544 3537 autern

557 3560 1011 3617 considerandum
1058 3563 1201 3636 quod
1241 3564 1504 3636 praedicta
1538 3574 1746 3639 septem
1789 3557 2134 3623 'sacramenta
2161 3568 2418 3641 quaedam
2455 3568 2546 3623 ha-

554 3649 686 3704 bent
724 3651 1051 3717 communia,
1104 3657 1157 3708 et
1194 3653 1446 3725 quaedam
1478 3655 1714 3726 propria.
1747 3656 2044 3713 Commune
2072 3658 2296 3731 quidem
2325 3666 2409 3714 est
2435 3673 2546 3715 om·

554 3738 715 3793 nibus
769 3741 1146 3809 sacramentis,
1198 3741 1341 3813 quod
1387 3742 1668 3800 conferant
1721 3746 1973 3816 gratiam,
2017 3747 2159 3803 sicut
2200 3746 2412 3804 dictum
2449 3751 2542 3801 est.

556 3826 853 3884 Commune
899 3822 1067 3885 etia'm
1106 3836 1191 3885 est
1232 3830 1502 3899 omnibus,
1549 3834 1694 3904 quod
1746 3834 2148 3892 sacramentum
2207 3837 2458 3894 consistit
2497 3835 2544 3890 in

555 3916 737 3969 verbis
771 3924 825 3971 et
861 3917 1024 3972 rebus
1051 3917 1441 3991 corporalibus,
1471 3922 1614 3978 sicut
1643 3922 1696 3977 in
1731 3922 1964 3990 Christo,
1995 3926 2090 3997 qui
2129 3930 2214 3981 est
2239 3940 2544 3984 sacramen-

557 4005 738 4086 torum
781 4010 989 4089 auctor,
1015 4012 1121 4091 ‚est
1156 4005 1392 4097 Verbum
1437 4023 1566 4090 caro
1613 4010 1834 4085 sactum.
1880 4012 1949 4067 Et
1989 4012 2132 4068 sicut
2180 4028 2309 4070 caro
2356 4012 2544 4079 Christi

2453 4420 2586 4501 Α..
