2850 4517
574 334 689 418 198
1048 354 1101 401 e.
1148 352 1381 401 moun
1420 353 1749 407 nouimus
1790 350 2100 399 orusouna

1124 506 1152 537 ⁵
1232 547 1519 615 CAPUT
1565 502 1910 618 CCXLVI.
2000 614 2004 619 ,

700 738 705 741 ,
805 684 1111 763 Quomodo
1136 686 1610 783 distinquamur
1635 680 1895 753 articuli
1916 686 1986 751 do
2005 684 2345 768 praedictis.

639 819 739 880 His
762 820 929 899 igitur
952 821 1333 897 consideratis,
1356 838 1482 898 quae
1523 823 1797 897 pertinent
1822 822 1892 879 ad
1921 796 2048 878 fidei
2076 819 2402 877 Christianae
2428 818 2582 876 veri-

572 915 765 989 tatem,
796 908 1083 969 sciendum
1110 912 1350 985 est-quia
1378 912 1563 968 omnia
1584 910 1866 984 praemissa
1890 910 1962 981 ad
1983 918 2166 967 certos
2197 907 2462 979 articulos
2485 922 2582 965 re-

569 997 866 1055 ducuntur.
902 998 1217 1071 Secundum
1248 999 1514 1073 quosdam
1552 999 1776 1073 quidem
1819 998 1888 1055 ad
1925 996 2237 1064 duodecim,
2276 996 2582 1053 secundum

468 1085 473 1090 '
540 1086 709 1169 'alios
749 1085 1043 1165 autem‘ad
1086 1087 1532 1161 quatuordecim.
1556 1088 1691 1145 Cum
1731 1087 1878 1143 enim
1913 1085 2052 1143 fides
2087 1083 2162 1141 sit
2203 1085 2272 1141 de
2313 1084 2403 1151 iis,
2454 1100 2583 1158 quae

571 1181 701 1233 sunt
754 1174 1326 1249 incomprehensibilia
1375 1177 1597 1245 rationi,
1653 1174 1744 1232 ubi
1807 1174 2016 1247 aliquid
2075 1189 2280 1230 novum
2337 1174 2582 1229 occurrit

573 1264 773 1345 rationi
802 1263 1367 1339 incomprehensibile,
1398 1264 1474 1321 ibi
1503 1270 1739 1339 oportet,
1761 1279 1882 1321 esse
1929 1278 2128 1320 novum
2157 1261 2582 1319 articulum.Est

572 1354 742 1424 igitur
764 1368 907 1410 unus
933 1353 1201 1411 articulus
1238 1354 1518 1429 pertinens
1554 1353 1622 1411 ad
1666 1353 1980 1421 divinitatis
2000 1352 2286 1410 unitatem.
2315 1350 2582 1421 Quamvis

573 1442 720 1498 enim
746 1438 922 1505 Deum
946 1458 1067 1499 esse
1091 1459 1259 1501 unum
1292 1444 1508 1511 ratione
1543 1442 1822 1516 probetur,
1852 1448 2036 1499 tamen
2060 1457 2186 1511 eum
2222 1440 2302 1497 sic
2343 1457 2582 1515 praeesse

575 1530 893 1589 immediate
920 1532 1291 1605 omnibu8,vel
1320 1531 1672 1605 singulariter
1694 1532 1774 1588 sic
1797 1531 2108 1599 colendum,
2138 1529 2386 1603 subjacet
2405 1530 2534 1587 fidei
2563 1548 2578 1589 ε

578 1619 649 1675 de
669 1617 845 1685 tribus
872 1626 1058 1679 autem
1083 1622 1332 1695 personis
1372 1627 1647 1695 ponuntur
1672 1625 1785 1677 tres
1812 1618 2050 1678 articuli.
2081 1618 2162 1674 De
2194 1618 2368 1674 tribus
2389 1624 2582 1689 autem

574 1708 861 1767 effectibus
881 1704 1008 1779 Dei,
1029 1709 1241 1782 scilicet
1272 1709 1586 1781 creationis,
1617 1724 1743 1783 quae
1767 1709 2008 1783 pertinet.
2039 1707 2111 1766 ad
2139 1715 2389 1765 naturam
2419 1725 2433 1762 z
2454 1708 2584 1780 jus-

574 1798 907 1867 tificatio'nis,
943 1814 1067 1872 quae
1087 1800 1325 1873 pertinet
1347 1799 1417 1857 ad
1443 1800 1680 1873 gratiam
1710 1814 1725 1854 ε
1756 1798 2232 1869 remunerationis,
2255 1796 2584 1871 quaeperti-

572 1887 761 1945 netad
789 1887 1021 1961 gloriam
1057 1906 1071 1945 :
1101 1897 1377 1963 ponuntur
1414 1897 1528 1947 tres
1566 1888 1681 1957 alii,
1712 1896 1769 1945 et
1809 1888 1893 1944 sic
1922 1886 1992 1943 de
2032 1886 2323 1943 divinitate
2367 1886 2424 1941 in
2455 1886 2584 1941 uni-

574 1991 735 2033 verso
762 1985 1038 2051 ponuntur
1058 1986 1271 2053 septem
1311 1977 1552 2037 articuli.
1582 1979 1741 2036 Circa
1781 1976 2180 2033 humanitatem
2208 1990 2340 2032 vero
2378 1972 2584 2031 Christi

575 2072 852 2146 ponuntur
867 2074 1079 2141 septem
1100 2065 1213 2135 alii,
1226 2073 1289 2123 ut
1312 2068 1522 2141 primus
1543 2066 1618 2125 sit
1640 2066 1709 2128 de
1734 2066 2110 2123 incarnatione
2125 2070 2181 2139 et
2198 2064 2580 2137 conceptione.

570 2154 854 2213 Secundus
880 2155 950 2211 de
977 2154 1430 2229 nativitate,quae
1456 2155 1620 2213 babet
1639 2155 1934 2229 specialem
1950 2152 2330 2211 difficultatem
2358 2158 2585 2227 propter

576 2243 811 2319 exitum·
832 2258 866 2301 a
900 2243 1089 2321 clauso
1122 2243 1363 2317 Virginis
1396 2250 1576 2302 utero.
1600 2244 1839 2314 TertiuS,
1869 2243 1941 2301 de
1979 2250 2176 2312 morte,
2203 2250 2262 2301 et
2303 2241 2580 2317 passione,

576 2339 637 2388 et
655 2331 955 2407 sepultura.
982 2330 1242 2401 Quartus,
1264 2332 1335 2389 de
1358 2333 1624 2391 descensu
1653 2333 1724 2391 ad
1753 2333 1976 2392 inferos.
2006 2333 2262 2404 Quintus,
2291 2332 2364 2389 de
2393 2347 2582 2389 resur·-
2677 2322 2684 2328 ’

572 2419 834 2495 rectione.
858 2420 1057 2477 Sextus
1078 2420 1147 2477 de
1170 2422 1814 2497 ascensione.SeptimuS,
1827 2424 1898 2487 de
1921 2421 2164 2479 adventu
2193 2421 2262 2487 ad
2281 2420 2576 2493 judicium,

578 2516 637 2565 et
655 2506 737 2563 sic
764 2507 818 2563 in
843 2508 1097 2565 universo
1119 2517 1249 2567 sunt
1275 2511 1693 2584 quatuordecim
1720 2510 1956 2569 articuli.
1972 2510 2079 2567 Alii
2105 2526 2244 2581 vero¹
2258 2510 2396 2567 satis
2421 2511 2582 2567 ratio·

576 2595 834 2666 nabiliter
859 2596 1023 2663 fidem
1050 2598 1219 2667 trium
1261 2614 1619 2673 personarum
1647 2600 1750 2657 sub
1789 2614 1902 2663 uno,
1939 2598 2184 2669 articulo
2218 2596 2582 2671 comprehen-

573 2684 795 2763 duntur,
827 2701 893 2743 eo
916 2686 1061 2760 quod
1090 2702 1199 2743 non
1226 2694 1407 2762 potest
1431 2689 1581 2755 orodi
1603 2694 1768 2761 pater
1790 2688 1924 2761 quin
1961 2686 2222 2753 credatur
2246 2700 2304 2744 et
2331 2686 2500 2753 filius,
2525 2692 2581 2757 et

575 2790 729 2833 amor
767 2781 995 2833 nectens
1031 2782 1347 2850 utrumque,
1383 2777 1476 2851 qui
1521 2782 1606 2833 est
1643 2776 1900 2849 Spiritus,
1923 2776 2157 2833 Sanctus
2187 2792 2201 2831 ε
2231 2776 2331 2845 sed
2375 2774 2582 2832 distin-

582 2870 755 2934 guunt
780 2863 1071 2936 articulum
1099 2866 1516 2923 resurrectionis
1538 2866 1609 2923 ab
1645 2864 1878 2923 articulo
1900 2864 2373 2944 remunerationis,
2407 2873 2466 2921 et
2502 2864 2582 2922 sio

580 2951 689 3009 duo
715 2952 929 3028 articuli
958 2959 1085 3011 sunt
1121 2954 1192 3011 de
1228 2955 1361 3023 Deo,
1389 2970 1532 3011 unus
1565 2954 1640 3023 *de
1665 2954 1898 3023 unitate,
1923 2961 1980 3011 et
2004 2954 2146 3011 alius
2188 2954 2259 3011 de
2285 2954 2577 3022 Trinitate,

578 3050 817 3115 quatuor
843 3041 912 3098 de
935 3043 1237 3115 effectibuS,
1268 3059 1410 3102 unus
1445 3044 1522 3103 de
1551 3044 1848 3111 creatione,
1869 3044 2016 3114 ¹alius
2052 3043 2122 3101 de
2158 3044 2577 3117 justificatione.

576 3130 795 3187 Tertius
833 3146 962 3187 vero
1007 3132 1077 3187 de
1117 3134 1389 3190 communi
1431 3134 1848 3199 resurrectione,
1885 3140 2116 3207 quartus
2148 3133 2218 3189 de
2255 3148 2579 3191 remunera-

577 3219 743 3277 tione.
775 3219 1037 3295 Similiter
1058 3220 1207 3279 circa
1230 3220 1394 3278 fldem
1423 3221 1784 3289 humanitatis
1805 3221 2027 3293 Christi,
2059 3221 2497 3296 conceptionem,
2523 3230 2582 3279 et

578 3309 925 3393 nativitatem
952 3309 1056 3368 sub
1079 3325 1187 3366 uno
1215 3310 2132 3386 articulo,comprehendunt„sicut
2175 3312 2489 3385 passionem
2524 3320 2582 3367 et

557 3404 831 3471 mortem.
860 3399 1141 3471 sicigitur
1168 3399 1223 3455 in
1250 3400 1526 3468 universo,
1557 3401 1856 3467 secundum
1903 3401 2580 3475 istamcomputationem,

576 3495 705 3545 sunt
727 3487 1017 3577 duodecim
1046 3488 1265 3546 articuli
1297 3507 1311 3546 :
1340 3496 1398 3546 et
1427 3490 1545 3547 baec
1568 3490 1636 3547 de
1663 3491 1772 3547 fide
1798 3490 2093 3559 sufficiant.
