2850 4517
534 351 653 412 264
1011 361 1063 406 s.
1108 360 1342 405 rsonae
1382 329 1710 412 sommus
1751 361 2062 408 censuum
2173 369 2184 378 ’

536 487 623 540 est
649 481 747 538 ita.
772 475 935 548 Item,
963 478 1255 551 injuriatur
1280 475 1404 534 eliis
1432 475 1758 534 hominibus.
1792 476 1955 534 Nulla
1983 477 2128 534 enim
2158 477 2303 537 inter
2329 480 2550 556 aliquos
2650 512 2660 521 -

532 568 771 626 societas
807 568 1005 623 durare
1034 570 1233 638 potest,
1266 564 1369 619 nisi
1412 563 1650 626 credent,
1683 564 1788 619 sibi
1831 564 2085 621 invicem.
2135 565 2315 623 Dubia
2357 576 2549 626 autem

524 654 857 731 juramentis
894 653 1304 720 confirmantur,
1333 652 1612 708 Hebraeor.
1645 667 1703 707 vi
1736 668 1749 707 z
1783 651 1969 709 Omnis
2005 653 2382 712 controversias
2413 656 2552 728 finis

532 745 603 802 ad
620 742 1073 815 confirmationem
1100 748 1173 798 est
1193 741 1592 814 juramentum.
1625 739 1925 811 Injuriutur
1954 756 2085 812 ergo
2125 741 2256 807 Deo,
2302 743 2550 802 crudelis

514 840 618 890 est
648 831 773 897 sibi,
805 839 861 887 et
894 829 1091 898 noxius
1118 839 1203 886 est
1245 827 1576 899 hominibus·
1607 827 1918 901 Aliquando
1953 827 2158 885 dicitur
2185 845 2388 886 vanum
2417 832 2549 889 inu-

533 921 649 986 tile,
701 918 843 976 Psal.
893 934 1035 976 xcm
1083 935 1097 974 ε
1142 916 1403 974 Dominus
1448 916 1550 973 scit
1576 915 1918 989 cogitationes
1964 915 2260 984 hominum,
2290 921 2548 991 quoniam

532 1026 686 1066 vanoe
704 1017 832 1066 sunt
859 1025 877 1064 .·
904 1017 959 1063 et
989 1007 1111 1064 ideo
1140 1005 1515 1063 confirmando
1550 1005 1852 1062 vanitatem
1891 1007 2190 1062 assumitur
2217 1023 2414 1065 nomen
2444 1010 2546 1065 Dei

534 1099 591 1155 in
621 1114 848 1154 vanum.·
876 1098 934 1151 In
964 1096 1140 1152 veteri
1178 1095 1322 1151 enim
1366 1093 1486 1166 iege
1509 1092 1845 1167 prohibitum
1882 1093 1988 1151 fuit
2017 1101 2076 1150 ut
2119 1111 2227 1150 non
2260 1097 2546 1168 juraretur

534 1189 755 1244 falsum.
786 1187 1086 1243 Deuteron.
1113 1199 1150 1240 v
1176 1201 1193 1240 :
1222 1183 1347 1242 Non
1373 1182 1659 1256 usurpabis
1699 1200 1887 1239 nomeu
1915 1183 2018 1240 Dei
2051 1183 2134 1239 tui
2167 1182 2386 1255 frustra
2429 1196 2541 1243 etc.

508 1277 632 1333 -sed
658 1275 909 1344 Christus
931 1271 1206 1346 prohibuit
1226 1287 1329 1328 non
1354 1273 1455 1326 nisi
1484 1272 1537 1326 in
1560 1278 1890 1328 necessitate
1911 1273 2102 1345 jurare
2133 1289 2145 1326 :
2173 1280 2227 1328 et
2252 1273 2377 1329 ideo
2400 1275 2546 1330 dici-

538 1373 649 1429 tur,
672 1363 864 1420 Matih.
886 1378 918 1417 v
948 1379 963 1416 z
989 1361 1240 1418 Audistis
1260 1360 1388 1432 quia
1406 1358 1608 1416 dictum
1631 1366 1706 1416 est
1733 1360 2004 1434 antiquis:
2021 1360 2149 1417 Nou
2163 1361 2402 1433 jurabis.
2425 1362 2545 1435 Eoo

536 1459 715 1510 autem
742 1451 856 1506 dico
883 1449 1026 1506 vobis
1051 1466 1070 1506 .·
1099 1448 1279 1505 Nolite
1298 1448 1498 1520 jurare
1537 1449 1774 1505 omniuo.
1801 1450 1870 1504 Et
1908 1448 2065 1520 hujus
2101 1449 2242 1504 ratio
2271 1457 2373 1517 est,
2407 1453 2545 1524 quia

534 1543 590 1598 in
622 1540 769 1598 nulla
794 1547 949 1613 parte
976 1539 1051 1596 ita
1074 1538 1295 1611 fragiles
1329 1553 1537 1606 sumus,
1571 1538 1714 1594 sicut
1752 1539 1808 1594 in
1838 1539 2040 1611 lingua,
2064 1537 2190 1610 quia
2212 1553 2328 1593 eam
2347 1540 2545 1596 nullus

535 1630 754 1685 domare
778 1629 975 1702 potuit,
1018 1629 1162 1683 sicut
1202 1626 1406 1682 dicitur
1446 1624 1634 1683 Jacob.
1687 1641 1778 1692 111,
1828 1633 1883 1682 et
1927 1626 2049 1683 ideo
2089 1625 2156 1682 de
2199 1625 2306 1682 levi
2351 1635 2543 1698 posset
2595 1681 2598 1686 .

528 1719 699 1792 ⁴homo
743 1717 1009 1790 dejerare,
1052 1715 1246 1776 Matth.
1279 1731 1314 1771 v
1347 1732 1360 1769 :
1390 1715 1472 1798 Sit
1516 1731 1686 1771 sermo
1713 1721 1905 1782 vester,
1946 1721 2022 1772 est
2062 1722 2157 1781 est,
2181 1731 2286 1770 non
2331 1731 2459 1782 vion,
2485 1723 2544 1772 et

536 1808 773 1863 iterum:
796 1805 913 1876 Eyo
932 1811 1109 1861 autem
1132 1803 1249 1860 dico
1267 1802 1411 1860 vobis
1430 1821 1448 1860 .·
1468 1803 1652 1862 Nolite
1665 1803 1865 1876 ⁸iurare
1891 1802 2125 1860 omnino.
2147 1803 2214 1861 Et
2239 1812 2366 1860 nota
2393 1804 2542 1877 quod

523 1897 903 1968 ·juramentum
930 1902 1014 1950 est
1041 1893 1186 1950 sicut
1216 1892 1506 1958 medicina,
1529 1907 1656 1964 quae
1679 1908 1786 1950 non
1811 1907 2027 1964 semper
2057 1892 2342 1964 accipitur,
2370 1893 2540 1950 sedin

537 1984 886 2050 necessitate,
920 1992 972 2039 et
1016 1982 1140 2039 ideo
1179 1989 1239 2038 ut
1282 1981 1488 2038 dicitur
1513 1982 1646 2037 Mat.
1676 1997 1712 2036 v
1745 1998 1758 2036 τ
1800 1980 1950 2047 Quod
1989 1980 2072 2036 his
2116 1982 2344 2054 amplius
2371 1988 2467 2047 est,
2504 1999 2540 2038 a

535 2073 675 2131 maio
698 2080 792 2129 est.
815 2071 1133 2128 Ecclesiast.
1160 2085 1314 2127 xxm
1343 2087 1357 2126 :
1385 2068 1670 2127 Iurationi
1686 2085 1794 2124 uon
1821 2075 2084 2126 assuescat
2104 2085 2161 2126 os
2188 2077 2359 2139 tuum,
2383 2070 2540 2127 multi

539 2161 683 2217 enim
706 2178 856 2217 casus
884 2161 941 2216 in
979 2161 1094 2216 illa.
1120 2158 1441 2216 Nomiuatio
1458 2156 1712 2220 veroDei
1745 2174 1851 2214 nou
1874 2157 1947 2216 sit
1970 2157 2188 2214 assidua
2215 2159 2278 2228 iu
2313 2175 2407 2215 ore
2429 2166 2538 2226 tuo,

536 2257 586 2305 et
614 2249 917 2306 nominibus
938 2233 1248 2302 sanctorum
1273 2262 1337 2302 ue
1361 2245 1726 2313 admiscearis,
1751 2245 2003 2319 quoniam
2029 2263 2137 2303 uon
2164 2247 2275 2304 eris
2292 2247 2542 2305 immunis

426 2331 431 2334 ’
533 2339 601 2395 ‚ab
631 2338 725 2394 eis.
760 2337 1069 2408 Aliquando
1096 2341 1282 2393 autem
1304 2335 1508 2392 dicitur
1543 2353 1764 2403 vanum,
1795 2343 2102 2410 peccatum,
2139 2338 2222 2394 vel
2249 2338 2538 2412 injustitia.

533 2426 679 2486 Psal.
708 2441 771 2481 xv
810 2442 825 2480 z
860 2423 999 2480 Filii
1040 2423 1312 2481 hominum
1346 2440 1612 2497 usquequo
1653 2425 1814 2498 aravi
1837 2426 2034 2482 eorde?
2060 2432 2123 2482 ut
2163 2426 2292 2500 quid
2316 2427 2542 2501 diliyitis

534 2513 877 2570 vanitatem?
904 2512 1009 2582 Qui
1036 2528 1166 2584 ergo
1204 2513 1359 2585 juret
1387 2528 1486 2586 pro
1513 2521 1743 2587 peccato
1780 2512 2051 2578 faciendo,
2085 2516 2314 2572 assumit
2342 2532 2543 2574 nomen

534 2603 639 2660 Dei
681 2601 764 2659 sui
802 2602 858 2658 in
903 2617 1127 2658 vanum.
1163 2601 1405 2660 Justitiae
1439 2617 1570 2660 vero
1608 2609 1794 2676 partes
1829 2607 1975 2670 sunt,
2016 2602 2197 2661 fucere
2237 2604 2460 2674 bonum,
2487 2613 2544 2662 et

536 2690 817 2750 dimittere
860 2689 1083 2746 malum.
1128 2690 1184 2747 Si
1211 2705 1343 2763 ergo
1372 2689 1543 2764 juras
1574 2690 1754 2747 facere
1781 2690 2006 2757 furtum,
2039 2693 2126 2748 vel
2155 2691 2302 2749 aliud
2350 2693 2544 2766 hujus-

535 2777 705 2845 modi,
730 2775 833 2834 hoc
860 2784 1053 2834 contra
1066 2777 1342 2850 justitiam
1362 2785 1446 2834 est
1475 2795 1488 2832 ε
1512 2785 1570 2834 et
1594 2777 1850 2851 quamvis
1867 2793 1975 2834 non
1999 2778 2420 2836 sitservandum
2443 2779 2546 2843 hoc

529 2869 927 2942 juramentum,
959 2873 1143 2924 tamen
1185 2867 1267 2924 sic
1300 2868 1495 2940 jurans
1528 2868 1780 2940 perjurus
1823 2873 1928 2923 est.
1966 2867 2114 2924 Talis
2146 2861 2261 2924 'fuit
2301 2869 2546 2926 Herodes

535 2962 730 3013 contra
772 2957 1058 3023 ioannem,
1100 2957 1235 3012 Mar.
1284 2972 1366 3012 vi.
1411 2953 1675 3012 Similiter
1713 2963 1905 3015 contra
1941 2956 2217 3028 justitiam
2258 2956 2416 3024 fucit,
2451 2957 2545 3032 qui

530 3045 684 3118 jurat
709 3060 814 3101 non
842 3044 1023 3102 facere
1047 3044 1271 3112 bonum,
1298 3045 1441 3102 sicut
1481 3060 1586 3100 non
1629 3045 1835 3102 intrare
1860 3045 2180 3113 Ecclesiam,
2210 3044 2296 3103 vel
2321 3047 2550 3119 religio·

537 3147 707 3188 nem:
747 3140 801 3210 et
839 3132 953 3212 hoc·
985 3133 1151 3189 etiam
1183 3133 1560 3205 juramentum
1602 3148 1709 3188 non
1751 3141 1836 3190 est
1881 3133 2231 3201 servandum,
2263 3139 2321 3190 et
2364 3142 2550 3193 tamen

538 3220 793 3291 perjurus
816 3225 901 3275 est
920 3222 1134 3292 jurans.
1160 3220 1280 3275 Non
1310 3228 1395 3276 est
1428 3235 1559 3290 ergo
1580 3220 1878 3292 jurandum
1903 3220 1973 3277 de
2001 3220 2158 3290 falso,
2186 3236 2293 3278 non
2321 3221 2393 3279 de
2423 3224 2551 3279 inu-

538 3307 647 3374 tili,
679 3322 787 3363 non
816 3309 985 3364 etiam
1020 3310 1089 3364 de
1119 3307 1388 3380 injustitia
1418 3325 1436 3364 ε
1463 3317 1520 3365 et
1557 3308 1680 3365 ideo
1707 3308 1911 3367 dicitur
1949 3311 2093 3372 Jere.
2125 3326 2182 3368 xv
2214 3327 2228 3366 :
2262 3310 2342 3368 Ee
2385 3312 2551 3378 iura-

536 3395 640 3462 bis,
672 3395 817 3454 Vivit
841 3397 1104 3453 Dominus
1127 3396 1183 3452 iu
1216 3398 1466 3462 veritate,
1486 3403 1535 3452 et
1566 3397 1872 3471 injudicio,
1900 3406 1953 3456 et
1977 3399 2034 3455 in
2062 3398 2302 3471 iustitia.
2335 3399 2550 3457 Vanum

539 3485 744 3542 dicitur
767 3484 1062 3559 aliquando
1085 3485 1319 3551 fatuum,
1345 3485 1567 3559 Sapien.
1588 3501 1703 3543 xm
1733 3503 1748 3542 ε
1781 3486 1920 3543 Vani
1944 3492 2069 3544 suut
2088 3497 2263 3543 omues
2289 3487 2550 3554 homines,

536 3573 599 3629 in
628 3574 816 3646 quibus
860 3589 968 3629 nou
1014 3579 1089 3630 est
1134 3572 1359 3650 scientia
1392 3573 1527 3632 Dei.
1573 3574 1677 3646 Qui
1717 3590 1847 3648 ergo
1888 3576 2168 3649 accipiunt
2215 3590 2414 3634 nomen
2451 3579 2553 3635 Dei

538 3660 726 3729 stulte,
763 3661 908 3718 sicut
954 3660 1275 3734 blasphemi,
1307 3668 1594 3719 assumunt
1622 3661 1818 3720 nomen
1861 3664 1958 3719 Dei
2001 3663 2057 3720 in
2100 3679 2322 3720 vanum.
2367 3665 2552 3721 Levit.

537 3763 688 3808 xxiv
714 3766 729 3808 z
756 3748 863 3817 Qui
890 3749 1329 3822 blasphemaverit
1354 3767 1544 3807 nomen
1571 3750 1788 3808 Domini
1801 3758 1970 3808 morte
1995 3751 2279 3813 morietur.

608 3838 737 3897 Nou
756 3855 984 3895 assumes
1011 3855 1195 3896 neuneu
1222 3837 1427 3896 domini
1469 3839 1570 3896 Dei
1607 3840 1690 3898 tui
1732 3840 1794 3898 iu
1817 3835 2037 3898 eanum.
2065 3840 2361 3898 Sciendum
2399 3841 2556 3908 quod

438 3925 443 3928 ’
538 3941 741 3986 nomen
765 3927 867 3985 Dei
894 3928 1131 4015 sumitur
1166 3928 1237 3988 ad
1270 3945 1386 3990 sex.
1427 3929 1608 3986 Primo
1635 3929 1877 4005 quidem,
1910 3931 1980 3988 ad
2009 3930 2144 3988 dicti
2170 3930 2557 3994 confirmatio·
