2850 4517
822 377 830 388 ··
863 365 906 407 1.
939 332 1447 409 —--00M1>Eun1um
1500 368 1859 417 'runonosm
1944 368 1949 375 ·
2250 354 2361 413 :89

322 481 660 557 —requiritur
679 479 828 553 quod
854 480 1002 535 Deus
1030 495 1152 541 esse
1184 479 1520 537 incessanter
1550 480 1761 537 tribuat.
1779 480 1965 549 rebuS,
1993 487 2049 537 et
2072 482 2153 542 sic
2177 484 2358 538 omnia

347 588 460 629 non
501 570 678 629 solum
705 568 760 624 in
790 575 1057 642 quantum
1084 578 1215 625 'esse
1256 568 1543 640 incipiunt,
1572 573 1667 626 sed
1708 570 1875 625 etiam
1916 569 2273 643 inquantum
2304 571 2359 627 in

347 670 473 719 esse
497 664 910 725 conservantur,
937 663 1322 730 comparantur
1343 657 1412 713 ad
1442 657 1615 715 Deum
1640 658 2000 715 sicutfactum
2022 660 2089 727 ad
2109 660 2317 718 faciens
2344 678 2356 715 ε

317 776 322 781 ·
349 752 559 807 faciens
580 755 764 806 autem
781 754 848 805 ‘et
875 747 1082 803 factum
1113 753 1330 819 oportet
1354 756 1488 804 esse
1516 746 1697 814 simul,
1724 748 1881 803 sicut·
1900 756 2209 807 movens'et
2236 764 2359 808 mo-

351 847 490 896 tum.
521 840 752 912 Oportet
779 837 950 907 igitur
973 836 1146 891 Deum
1169 835 1360 893 adesse
1385 834 1832 893 omnibus'rebus
1860 837 1915 893 in
1945 846 2213 910 quantum
2242 856 2360 897 esse

319 930 592 986 ‘habentz
623 943 744 983 esse
779 932 962 983 autem
1003 932 1086 981 est
1111 925 1166 981 id
1213 924 1360 997 quod
1401 925 1565 981 rebus
1594 925 1859 983 omnibus
1895 926 2143 1000 intimius
2180 929 2354 997 adest,

315 1054 322 1063 ·
350 1020 518 1090 igitur
534 1022 760 1089 ‘oportet
783 1016 958 1071 Deum
996 1014 1049 1069 in
1072 1013 1326 1073 omnibus
1355 1028 1494 1069 esse.
1530 1014 1687 1081 Item,
1716 1015 2049 1087 quicumque
2072 1020 2361 1090 exequitur

321 1124 467 1164 ‘suae
488 1105 848 1179 providentiae
877 1103 1123 1159 ordinem
1168 1118 1262 1166 ner
1292 1101 1504 1175 aliquas
1529 1103 1743 1161 'medias
1764 1118 1979 1171 causae,
2012 1112 2233 1162 'necesse
2274 1116 2359 1162 est

349 1196 496 1269 quod
527 1196 753 1250 effectus
781 1192 996 1250 illarum
1027 1191 1332 1247 mediarum
1358 1202 1649 1251 causarum
1688 1201 1981 1264 cognoscat
2022 1203 2095 1253 et·
2118 1195 2352 1263 ordinet,

317 1284 770 1357 ‘alioquin-extra
803 1282 1051 1337 ordinem
1093 1289 1222 1337 suae·
1247 1280 1605 1353 providentiae
1628 1282 1886 1338 caderent
1920 1300 1934 1337 ε
1964 1289 2021 1339 ει
2050 1292 2203 1341 tanto
2230 1302 2359 1356 per-

317 1373 547 1435 ,fectior
581 1378 666 1428 est
689 1370 1037 1443 providentia
1065 1360 1439 1441 gubernantis»,
1480 1376 1687 1442 quanto
1715 1373 1833 1443 ejus
1860 1371 2184 1443 cognitio'et
2210 1374 2357 1429 ordi-

315 1460 504 1517 -natio
525 1460 698 1532 magis
725 1459 1008 1515 descendit
1052 1459 1121 1515 ad
1159 1458 1476 1529 singularia,
1510 1460 1639 1531 quia
1680 1460 1727 1514 si
1766 1459 1972 1533 aliquid
2000 1460 2355 1534 singularium

346 1568 383 1607 a
403 1550 713 1622 cognitione
741 1548 1096 1621 gubernantis
1139 1546 1513 1612 subtrahatur,
1544 1547 1927 1605 determinatio
1966 1550 2137 1623 ipsius
2164 1552 2355 1623 singu·
2405 1555 2409 1560 “

321 1640 483 1697 ,Ιαῐίε
501 1640 618 1711 ejus
647 1637 1047 1712 providentiam
1069 1636 1340 1708 diffugiet.
1369 1636 1663 1693 ostensum
1688 1644 1975 1696 est'autem
2002 1653 2183 1713 supra,
2207 1641 2350 1713 quod

347 1744 573 1785 necesse
601 1736 688 1783 est
727 1728 907 1785 omnia
935 1726 1138 1787 divinae
1167 1725 1525 1798 providentiae
1554 1725 1711 1786 subdi
1741 1744 1754 1782 ι
1782 1733 1840 1783 et
1880 1727 2223 1785 manifestum
2270 1735 2353 1786 est

321 1818 499 1891 'quod
523 1817 706 1872 divina
743 1816 1091 1889 providentia·
1112 1814 1509 1888 perfectissima
1532 1824 1641 1882 est,
1692 1816 1822 1887 quia
1846 1817 2105 1889 quicquid
2134 1817 2203 1873 de
2240 1819 2351 1875 Deo

346 1907 574 1973 dicitur,
605 1905 899 1961 secundum
930 1904 1228 1960 maximum
1251 1905 1507 1959 convenit
1532 1904 1602 1958 ei.
1632 1904 2049 1976 Oportetiigitur
2088 1905 2230 1977 quod
2260 1922 2351 1962 or-

346 1994 564 2051 dinatio
594 1994 944 2067 providentias
970 1982 1141 2066 insius
1164 2009 1224 2048 se
1247 1992 1507 2047 extendat
1536 2008 1705 2065 usque
1729 1993 1798 2048 ad
1830 1992 2080 2049 minimos
2104 1995 2349 2050 effectuS.

975 2130 1312 2213 CAPUT
1359 2142 1667 2231 CXXXI.

492 2269 670 2345 and
693 2243 862 2333 Deas
891 2269 1088 2331 omnia
1115 2268 1386 2347 disponit
1413 2266 1769 2344 immediate,
1802 2283 1904 2331 aee
1927 2268 2217 2365 diminuit

1039 2362 1222 2419 saam
1266 2358 1647 2437 sapientiam.

343 2538 351 2543 .
418 2482 723 2539 Secundum
749 2480 852 2536 hoc
875 2478 1044 2551 igitur
1070 2484 1242 2553 patet,
1273 2480 1418 2553 quod
1460 2479 1587 2536 licet
1613 2492 1793 2536 rerum
1826 2480 2150 2553 gubernatio
2195 2482 2289 2539 fiat
2318 2502 2348 2541 a

341 2556 462 2625 ¹Deo
491 2568 857 2625 mediantibus
885 2568 1067 2625 causis
1095 2568 1368 2634 secundis,
1401 2578 1666 2642 quantum
1695 2570 1930 2642 pertinet
1958 2571 2027 2627 ad
2056 2570 2350 2643 providen-

310 2657 320 2664 '
341 2660 444 2715 tiae
474 2659 864 2724 executionem,
891 2666 1072 2713 tamen
1101 2648 1551 2730 ipsa³dispositio‚
1580 2674 1675 2717 seu
1700 2659 1969 2715 ordinatio
1997 2658 2197 2721 divinae
2226 2674 2352 2734 pro-

346 2746 610 2803 videntiae
631 2747 943 2825 immediate
971 2763 1032 2803 se
1060 2747 1303 2814 extendit
1334 2748 1402 2803 ad
1431 2746 1638 2813 omnia.⁴
1662 2748 1781 2803 Non
1810 2748 1956 2815 enim
1982 2747 2061 2804 sic
2092 2750 2267 2821 prima
2296 2756 2351 2805 et

346 2836 546 2893 ultima
602 2838 830 2904 ordinat,
873 2841 938 2914 ιιι
987 2836 1180 2891 ultima
1217 2842 1273 2890 et
1319 2834 1616 2905 singularia
1656 2833 1779 2889 aliis
1824 2836 2160 2907 disponenda
2197 2850 2351 2893 com-

349 2916 539 2981 mittat
571 2940 584 2979 :
617 2924 718 2991 hoc
747 2926 892 2981 enim
923 2925 1064 2997 apud
1094 2914 1344 2990 homines
1381 2924 1564 2995 agitur
1592 2929 1811 2993 propter
1848 2920 2185 2978 debilitatem
2216 2938 2351 2995 cog-

349 3014 574 3070 nitionis
619 3015 880 3087 ipsorum,
913 3030 1039 3088 quae
1081 3030 1188 3071 non
1229 3020 1412 3087 potest
1450 3010 1611 3077 simul
1648 3024 1843 3067 vacare
1888 3008 2132 3083 pluribus
2164 3030 2177 3067 :
2207 3013 2351 3069 undo

347 3104 654 3176 superiores
689 3105 1081 3176 gubernatores
1122 3092 1418 3177 disponunt
1460 3102 1529 3157 de
1571 3101 1799 3172 magni&
1846 3106 1902 3155 et
1955 3100 2177 3158 minima
2230 3102 2353 3159 aliis

311 3207 325 3219 ·
347 3194 700 3250 committunt
729 3193 1196 3267 disponenda,sed
1227 3182 1563 3257 Deussimul
1592 3190 1763 3246 multa
1792 3194 1973 3262 potest
1998 3200 2350 3261 cognoscere,

347 3290 410 3337 ut
439 3296 604 3353 supra
629 3290 908 3338 ostensum
932 3290 1057 3339 est.
1085 3282 1229 3339 unde
1258 3295 1364 3338 non
1395 3278 1692 3337 retrahitur
1710 3277 1780 3335 ab
1802 3276 2146 3339 ordinatione
2174 3280 2353 3337 maxi-

347 3384 564 3426 morum
590 3386 690 3455 per
716 3369 836 3439 hoc,
867 3370 1012 3443 quod
1042 3372 1320 3475 dispensat
1347 3370 1592 3427 minima.

1013 3519 1297 3590 CAPUT
1342 3474 1682 3590 CXXXII.

419 3644 722 3709 Rationes
750 3662 881 3725 qace
909 3645 1192 3708 videntur
1221 3642 1537 3719 ostendere,
1554 3645 1731 3725 qaod
1766 3642 1933 3707 Deae
1960 3661 2077 3707 noa
2104 3605 2276 3708 habet

813 3735 1254 3815 providentiam
1287 3732 1356 3796 de
1372 3732 1887 3814 particularibus.
1968 3790 1973 3797 .

421 3858 814 3915 Potest-tamen
855 3860 1016 3915 alicui
1047 3860 1242 3929 videri,
1269 3860 1416 3932 quod
1458 3858 1757 3929 singularia
1794 3874 1900 3915 non
1940 3836 2294 3931 disponantur
2323 3874 2355 3914 a

352 3946 488 4002 Dec.
519 3945 714 4013 Nullus
735 3948 883 4006 enim
910 3966 1006 4022 per
1031 3966 1188 4009 suam
1216 3948 1615 4022 providentiam
1645 3945 1905 4018 disponit,
1936 3948 2037 4005 nisi
2073 3956 2198 4021 quae
2223 3962 2353 4021 cog*
