2850 4517
616 324 734 385 468
1093 338 1144 381 s.
1191 336 1423 381 τιιοιιιιι
1466 318 1795 385 nnumin-is
1834 334 2147 381 ornacum

619 454 820 511 dicitur
869 452 1058 521 Filius,
1097 460 1154 509 et
1197 452 1436 527 Spiritus
1482 450 1850 509 essentialiter
1896 392 2213 525 procedere,
2256 452 2314 509 in
2358 461 2637 527 quantum

619 542 964 617 procedendo
987 541 1284 601 essentiam
1311 556 1344 599 a
1372 542 1536 599 Patre
1563 540 1861 615 accipiunt.

1383 712 1672 781 CAPUT
1733 711 1851 781 VI.

664 854 969 933 Quomodo
996 854 1398 934 intelliqitur,
1417 853 1594 936 quod
1612 871 1744 935 quae
1768 856 1917 917 runt
1930 854 2189 933 propria
2212 856 2596 922 naturaliter

1167 944 1408 1020 Patris,
1434 948 1581 1005 sunl
1600 942 1861 1023 propria
1881 942 2063 1005 Filii.

685 1030 872 1137 Potest
897 1093 1020 1135 esse
1045 1074 1290 1142 dubium,
1321 1074 1469 1149 quod
1492 1074 1765 1149 cyrillus
1750 1091 1809 1131 ιιι
1836 1074 2030 1133 eodem
2056 1074 2195 1131 libro
2217 1076 2631 1139 Thesauros-um

573 1152 580 1157 ’
614 1170 786 1227 dicit:
816 1189 844 1221 κ
877 1166 1074 1224 Omnia
1101 1180 1228 1239 quoe
1252 1164 1429 1222 Patris
1460 1170 1588 1220 sunt
1616 1164 1837 1239 propria
1862 1163 2211 1232 naturaliter,
2242 1174 2373 1223 sunt
2405 1166 2629 1241 propria

615 1266 672 1314 et
695 1257 836 1313 Filii.
867 1276 892 1309 ιι
929 1260 1038 1313 Aut
1060 1253 1206 1310 enim
1230 1252 1335 1309 hoe
1362 1252 1687 1325 intelligitur
1718 1252 1789 1310 de
1824 1252 2209 1310 essentialibus
2234 1253 2537 1322 attributis,
2571 1264 2629 1315 et

613 1348 896 1417 sieneque
926 1341 1282 1414 Patri,neque
1310 1339 1447 1397 Filio
1474 1347 1600 1396 sunt
1628 1340 1867 1414 propria,
1900 1341 1997 1399 sed
2028 1342 2247 1415 utrique
2270 1344 2623 1401 eommunia:

612 1436 682 1489 ‹le
707 1430 1101 1505 personalibus,
1127 1435 1184 1485 et
1209 1430 1290 1485 sic
1317 1443 1447 1503 quae
1473 1436 1602 1483 sunt
1626 1431 1847 1509 propria
1870 1428 2070 1497 Patris,
2096 1444 2205 1487 non
2248 1440 2377 1488 sunt
2401 1434 2627 1505 propria

614 1519 755 1587 Filii,
787 1519 930 1576 sieut
966 1516 1326 1575 inascibilitas
1353 1524 1411 1574 et
1449 1518 1754 1590 paternitas
1790 1516 1937 1574 nullo
1982 1518 2147 1576 modo
2188 1528 2317 1577 suut
2352 1519 2498 1588 Filii,
2524 1522 2624 1579 sed

615 1610 792 1665 solum
814 1608 1011 1664 Patris.
1042 1607 1198 1663 Patet
1220 1611 1408 1663 autem
1431 1621 1500 1661 ex
1526 1606 1823 1679 praemissis
1846 1605 1917 1663 ab
1940 1621 2025 1674 eo,
2052 1607 2203 1680 quod
2244 1608 2313 1664 de
2348 1612 2623 1667 essentia-

617 1697 758 1753 libus
808 1694 1113 1754 attributis.
1161 1694 1457 1753 Praemittit
1494 1693 1637 1751 enim
1686 1693 1833 1767 quod
1880 1709 2246 1768 quacumque
2296 1697 2625 1756 naturaliter

486 1786 496 1795 “
560 1858 564 1862 Δ
611 1786 869 1843 dicuntur
897 1785 1074 1854 inesse
1110 1785 1280 1850 Patri,
1309 1784 1495 1841 omnia
1532 1782 1626 1845 illa
1655 1783 1840 1841 insunt
1863 1782 2020 1853 Filio,
2052 1785 2197 1843 sicut
2222 1785 2365 1851 vitm
2390 1786 2620 1857 veritas,

615 1875 705 1931 lux
729 1882 786 1931 et
809 1874 1138 1947 hujusmodi.
1167 1873 1298 1931 Hoee
1325 1880 1512 1930 autem
1548 1872 1807 1929 dicuntur
1830 1888 1953 1930 esse
1983 1874 2207 1946 propria
2235 1874 2380 1933 Patri
2426 1890 2537 1934 non
2565 1875 2624 1935 in

615 1965 866 2039 respecti
895 1964 966 2020 ad
993 1962 1212 2033 Filium,
1239 1978 1418 2036 neque
1444 1960 1583 2018 Filio
1612 1962 1667 2019 in
1704 1968 1959 2035 respectu
1988 1963 2059 2019 ad
2085 1963 2321 2031 Patrem,
2348 1964 2447 2021 sed
2478 1965 2627 2023 utri-

613 2069 722 2126 que
749 2052 805 2109 in
834 2060 1086 2126 respectu
1110 2051 1181 2109 ad
1205 2060 1538 2117 creaturam,
1568 2050 1659 2107 cui
1682 2047 1739 2107 in
1780 2052 2189 2124 comparatione
2217 2052 2287 2109 ad
2314 2054 2489 2111 Deum
2512 2070 2623 2111 non

609 2141 832 2215 proprie
859 2141 1122 2214 praedicta
1159 2139 1493 2197 conveniunt
1524 2156 1538 2195 ι
1565 2138 1651 2195 vel
1690 2132 1990 2213 proprium,
2022 2154 2131 2197 non
2169 2141 2319 2214 quod
2363 2144 2623 2201 convenit

617 2230 708 2286 uni
733 2230 856 2297 soli,
879 2229 977 2286 sed
1003 2228 1151 2303 quod
1176 2229 1394 2302 proprie
1416 2234 1475 2303 et
1501 2244 1631 2285 vere
1660 2227 1824 2285 alicui
1852 2229 2111 2287 convenit
2136 2231 2443 2289 secundum
2466 2247 2551 2292 se.

1362 2394 1655 2463 CAPUT
1718 2394 1864 2465 v11.

730 2532 1034 2613 Quomodo
1062 2533 1459 2615 intelliyitur,
1490 2535 1653 2616 quod
1684 2536 1876 2599 Pater
1900 2552 2086 2617 neque
2114 2536 2303 2615 Filio,
2332 2556 2520 2623 nequ

767 2625 776 2633 “
891 2622 1141 2705 Spiritu
1166 2626 1372 2688 canoto
1401 2624 1636 2704 ἐπαίρει
1660 2625 1744 2687 ad
1768 2626 1873 2688 sui
1888 2628 2334 2706 perfectionem,

681 2760 820 2816 Item
841 2764 1022 2831 potest
1050 2774 1171 2815 esse
1195 2757 1445 2823 dubium,
1472 2758 1621 2831 quod
1644 2758 1978 2833 Athanasius
2007 2761 2141 2819 dicit
2185 2763 2242 2820 in
2272 2762 2521 2835 Epistola
2548 2766 2622 2824 ad

614 2849 985 2921 Serapionem,
1017 2846 1164 2920 quod
1194 2847 1354 2903 Pater
1381 2862 1479 2919 per
1504 2862 1565 2903 se
1591 2856 1649 2907 et
1693 2847 1747 2909 in
1772 2840 1834 2904 εό
1878 2849 1997 2906 sine
2038 2850 2270 2924 alicujus
2314 2852 2624 2925 indigentia

610 2938 821 3009 plenus,
854 2945 910 2993 et
957 2937 1232 3007 perfectus
1273 2936 1513 2992 existens
1549 2935 1716 3003 Deus,
1764 2936 1833 2993 ad
1878 2939 1960 2993 sui
2005 2936 2395 3011 perfectionem
2435 2957 2623 3015 neque

613 3024 768 3088 Filio,
799 3039 976 3097 neque
997 3024 1206 3097 Spiritu
1233 3029 1427 3081 sancto
1456 3023 1683 3095 indiget.
1700 3022 1855 3093 Quod
1879 3026 2025 3082 enim
2046 3027 2210 3084 Pater
2233 3042 2339 3083 non
2366 3029 2441 3085 sit
2464 3028 2623 3086 indi-

614 3128 764 3183 gens,
795 3111 1022 3167 dubium
1067 3126 1173 3167 non
1218 3118 1302 3167 est
1349 3128 1364 3167 ε
1402 3111 1486 3168 sic
1526 3111 1671 3167 enim
1724 3128 1899 3185 neque
1939 3113 2126 3182 Filius,
2158 3131 2339 3189 neque
2377 3117 2622 3189 Spiritus

610 3208 835 3256 sanctus
872 3199 1121 3271 indigens
1155 3205 1259 3256 est.
1289 3196 1429 3255 Illud
1473 3200 1620 3255 enim
1661 3201 1882 3273 proprie
1921 3207 2006 3257 est
2047 3201 2315 3275 indigene,
2340 3203 2433 3261 cui
2472 3206 2531 3261 in
2562 3223 2623 3263 se

610 3288 956 3364 considerato
982 3288 1192 3361 aliquid
1220 3288 1374 3344 deest
1409 3287 1480 3345 ad
1506 3304 1662 3345 suam
1690 3288 2098 3361 perfectionem,
2125 3290 2271 3364 quod
2300 3307 2408 3349 non
2433 3303 2624 3367 potest

609 3378 718 3433 dici
747 3391 926 3449 neque
953 3375 1024 3432 de
1050 3377 1231 3443 Patre,
1259 3391 1437 3448 neque
1458 3376 1527 3433 de
1555 3377 1709 3445 Filio,
1737 3393 1916 3436 neuue
1942 3384 2011 3435 de
2033 3379 2241 3445 Spiritu
2268 3388 2485 3437 sancto.
2512 3384 2619 3441 Sed

611 3474 795 3543 tamen
821 3470 994 3537 patet,
1023 3464 1170 3537 quod
1199 3480 1308 3520 non
1344 3470 1529 3536 posset
1570 3481 1691 3522 esse
1732 3466 1893 3523 Pater
1936 3465 2233 3539 perfectus,
2265 3470 2371 3525 uisi
2416 3470 2619 3537 Filium

609 3552 856 3621 haberet,
883 3555 1014 3627 quia
1038 3568 1136 3609 nec
1162 3553 1321 3611 Pater
1347 3553 1469 3611 sine
1495 3552 1631 3609 Filio
1659 3560 1805 3610 esset
1832 3555 1978 3611 Deus
2006 3555 2282 3629 perfectus
2309 3557 2415 3615 nisi
2442 3558 2623 3617 habe·

609 3648 695 3698 ret
718 3640 979 3708 Verbum,
1003 3648 1061 3698 et
1101 3641 1206 3697 nisi
1241 3640 1466 3707 liaberet
1500 3657 1776 3715 spiramen
1820 3643 1967 3711 vitae,
2002 3652 2145 3711 sieut
2181 3646 2327 3702 idem
2363 3649 2623 3707 Athana·

607 3728 722 3785 sius
745 3726 880 3793 dicit
906 3728 960 3783 in
990 3728 1156 3785 tertio
1183 3743 1431 3801 sermone
1456 3736 1736 3799 gestorum
1762 3730 1971 3787 Nicaeni
1998 3731 2237 3798 concilii,
2253 3732 2335 3789 sic
2360 3735 2622 3809 inquiens

607 3813 677 3877 de
693 3815 938 3883 Arianis,
967 3815 1066 3887 qui·
1102 3816 1375 3888 negabant
1402 3815 1599 3889 Filium
1628 3826 1685 3873 et
1710 3817 1977 3891 Spiritum
2020 3829 2273 3891 sanctum
2314 3836 2441 3879 esse
2482 3838 2622 3881 oon-

607 3898 994 3983 substantiales
1019 3904 1169 3961 Patri
1193 3921 1206 3959 :
1230 3924 1258 3957 α
1280 3904 1482 3961 Dicunt
1509 3904 1753 3963 sterilem
1774 3920 1915 3975 esse,
1941 3916 1999 3964 et
2021 3906 2426 3983 infruetuosam
2452 3920 2623 3971 natu-
