2850 4517
588 391 673 432 ιν.
702 404 779 418 --
807 390 883 432 nn
928 390 1346 430 runFnc‘rionn
1389 389 1557 431 vrrAE
1611 391 1984 435 srmrrunms
2170 377 2290 437 345

282 505 423 562 aedit
476 504 547 558 ad
588 519 833 566 usurum,
882 510 936 557 et
982 509 1105 574 post
1158 503 1298 560 hanc
1337 504 1786 576 constitutionem
1831 506 2012 576 magni
2071 507 2289 563 concilii

280 592 650 658 soeneraverit,
693 589 778 648 vel
825 591 1181 648 centesimam
1228 593 1491 663 exegerit,
1533 598 1630 648 aut
1679 609 1749 648 ex
1786 593 2031 666 quolibet
2071 596 2290 668 negotio

280 683 566 740 inhonesto
604 680 780 752 turpis
810 663 944 736 lucri
993 680 1294 754 quaesierit,
1342 685 1440 736 aut
1480 697 1577 753 per
1615 681 1862 737 diversas
1903 683 2112 754 species
2155 684 2286 754 vini,

278 771 365 828 vel
394 771 585 841 hugis,
625 767 711 824 vei
746 768 1035 841 cujuslibet
1060 769 1137 823 rei
1168 767 1417 834 emend0‚
1446 769 1532 825 vel
1561 769 1844 826 vendendo
1883 770 2068 844 aliqua
2110 771 2292 828 incre-

278 867 464 918 menta
506 858 829 931 susceperit,
880 857 949 912 de
991 857 1165 928 gradu
1214 872 1314 914 suo
1361 857 1628 930 dejectus,
1674 857 1885 914 alienus
1946 858 2212 915 habeatur
2258 875 2292 916 a

278 952 425 1006 clero
452 968 501 1005 ιο.
531 949 650 1004 Non
678 962 807 1016 ergo
835 962 932 1018 per
971 945 1076 1002 hoc
1104 945 1321 1018 probari
1353 953 1535 1018 potest
1563 962 1596 1004 a
1623 947 1898 1004 contrario
1927 963 2115 1017 sensu,
2145 949 2289 1021 quod

278 1037 479 1096 habeat
500 1043 724 1102 statum,
753 1034 847 1090 sed
886 1035 1137 1106 gradum.
1175 1034 1246 1090 Et
1279 1034 1382 1100 hoo
1410 1050 1632 1107 necesse
1665 1042 1766 1103 est,
1798 1033 1927 1110 quia
1958 1037 2290 1110 ubicumque

276 1136 363 1184 est
392 1127 545 1193 orde,
593 1124 681 1180 vel
727 1123 1084 1196 superioritas
1130 1122 1338 1196 aliqua,
1380 1123 1456 1180 ibi
1499 1129 1584 1180 est
1623 1124 1826 1196 aliquis
1865 1127 2089 1198 gradus.
2134 1126 2288 1196 Quod

276 1233 411 1274 vero
444 1212 687 1270 secundo
716 1221 800 1269 est
829 1213 1187 1284 propositum,
1222 1228 1387 1284 quam
1410 1213 1486 1269 sit
1518 1212 1791 1279 frivolum,
1826 1204 2056 1285 quiiibet
2085 1215 2292 1270 intelli·
2373 1255 2380 1262 .

274 1322 413 1377 gens
440 1304 727 1359 advertere
750 1306 950 1374 potest.
980 1299 1125 1356 Nuui
1151 1301 1297 1355 enim
1320 1300 1547 1361 dubium
1572 1309 1655 1358 est
1683 1307 1890 1357 statum
1913 1301 2291 1375 multipliciter

273 1395 410 1451 dici.
453 1393 593 1447 Nam
629 1390 717 1446 iiie
744 1389 838 1464 qui
882 1389 1131 1460 erigitur,
1172 1397 1321 1444 stare
1360 1389 1582 1457 dicitur,
1627 1395 1684 1444 et
1722 1391 2039 1461 magnitudo
2085 1397 2290 1447 statum

269 1483 431 1549 facit,
462 1480 761 1537 secundum
790 1478 935 1552 quod
974 1477 1330 1549 distinguitur
1356 1485 1538 1535 status
1566 1478 1962 1551 incipientium,
1996 1481 2290 1552 proficien-

272 1573 437 1636 tium,
482 1578 537 1625 et
588 1568 975 1643 perfectorum.
1018 1568 1175 1622 Stare
1199 1568 1376 1637 ‘etiam
1409 1567 1727 1622 firmitatem
1771 1569 2050 1640 importat,
2089 1584 2290 1624 secun·
2357 1629 2371 1638 „

271 1660 411 1716 dum
448 1658 579 1713 illud
623 1662 848 1729 Apost0.
889 1655 1064 1710 ICor.
1111 1671 1190 1710 xv
1222 1671 1235 1708 ε
1273 1653 1494 1709 stabiles
1533 1660 1691 1709 estote
1719 1662 1770 1712 et
1798 1655 2087 1710 immobiles
2112 1656 2290 1713 abun-

268 1750 465 1804 dantes
500 1747 560 1802 in
598 1745 743 1801 omni
782 1759 937 1816 opere
968 1741 1207 1796 Domini.
1236 1742 1359 1797 Non
1404 1750 1591 1797 autem
1633 1741 1714 1797 sic
1744 1743 1984 1815 loquitur
2011 1744 2080 1799 de
2116 1752 2283 1812 statu,

266 1837 371 1894 sed
398 1835 697 1892 secundum
726 1831 873 1903 quod
900 1831 1101 1915 dicitur
1140 1835 1317 1884 status
1361 1828 1650 1893 libertatiS,
1693 1831 1776 1884 vel
1809 1831 2110 1897 servitutis,
2147 1834 2291 1888 sicut

266 1925 570 1996 accipitur,
604 1925 658 1977 2.
691 1936 784 1991 qu.
819 1922 871 1973 6.
902 1918 956 1974 Si
988 1917 1205 1990 quando
1234 1916 1289 1971 in
1326 1932 1493 1972 causa
1521 1916 1766 1988 capituli,
1797 1915 1880 1972 vel
1909 1933 2076 1975 causa
2113 1926 2293 1977 status

266 2009 691 2084 interpellatum
733 2005 916 2072 suerit,
962 2021 1069 2060 non
1115 2019 1213 2077 per
1255 2004 1646 2076 explorator-ee,
1691 2004 1786 2060 sed
1831 2022 1928 2077 per
1972 2007 2181 2078 seipsos
2207 2016 2291 2065 est

266 2100 575 2174 agendum.
615 2096 681 2150 Et
712 2093 793 2149 sic
838 2091 1157 2164 accipiendo
1187 2097 1411 2158 statum,
1446 2091 1524 2146 illi
1567 2099 1774 2147 statum
1811 2091 2159 2164 perfectionis
2195 2110 2293 2152 ac-

265 2190 510 2264 cipiunt,
538 2183 633 2257 qui
658 2198 717 2237 se
742 2197 935 2238 servos
962 2181 1302 2237 constituunt
1327 2181 1393 2236 ad
1427 2196 1592 2253 opera
1619 2181 1974 2253 perfectionis
1994 2180 2286 2254 implenda,

266 2287 329 2335 ut
362 2291 532 2349 supra
574 2273 785 2329 dictum
823 2279 906 2326 est
941 2288 951 2324 ι
1000 2270 1101 2325 hoc
1148 2277 1333 2325 autem
1358 2264 1482 2325 'non
1510 2270 1780 2340 contingit
1823 2269 1929 2325 nisi
1973 2287 2066 2344 per
2104 2281 2292 2328 votum

267 2363 629 2436 obligationis
652 2369 948 2434 perpetuae,
987 2358 1117 2430 quia
1142 2359 1382 2414 servitus
1409 2356 1652 2414 libertati
1681 2359 1988 2431 opponitur.
2021 2360 2292 2429 Quamdiu

268 2457 449 2528 igitur
476 2453 529 2508 in
558 2465 656 2507 sua
688 2448 939 2504 libertate
974 2447 1173 2518 aliquis
1199 2445 1365 2504 habet
1392 2447 1646 2502 recedere
1671 2463 1703 2503 a
1732 2447 2083 2520 perfectionis
2107 2461 2289 2521 opere,

270 2551 487 2602 statum
513 2539 859 2613 perfectionis
888 2552 994 2593 non
1023 2535 1207 2602 habet,
1240 2536 1383 2590 sicut
1408 2543 1466 2590 et
1497 2551 1664 2608 supra
1687 2543 1966 2592 ostensum
1994 2547 2100 2593 est.
2136 2537 2293 2607 Quod

270 2646 413 2689 vero
443 2629 606 2683 tertio
645 2625 985 2699 propositum
1029 2622 1154 2686 suit,
1188 2627 1301 2676 tam
1340 2620 1596 2677 frivolum
1638 2637 1758 2677 esse
1786 2623 2024 2694 videtu-r,
2067 2631 2126 2678 ut
2173 2641 2293 2685 res-¹

269 2718 543 2795 pensione
569 2730 673 2770 non
700 2720 880 2793 egeat.
912 2713 971 2766 ln
1001 2714 1103 2765 hoc
1127 2708 1273 2762 enim
1301 2709 1449 2781 quod
1474 2707 1676 2763 dicitur
1704 2726 1718 2762 :
1759 2708 1863 2774 Qui
1884 2709 2027 2766 ,ὁεηο
2048 2719 2296 2783 proesunt

268 2803 599 2882 presbyteri,
620 2812 729 2868 etc,
751 2817 853 2856 nee
877 2800 944 2855 de
959 2797 1311 2872 perfectione.
1338 2795 1529 2851 net-..de
1549 2803 1699 2852 statu
1723 2796 1784 2852 fit
1804 2799 2028 2852 menti0.
2053 2800 2294 2855 Praeesse

270 2897 429 2954 enim
453 2910 561 2948 non
590 2907 721 2949 cons
725 2889 874 2945 tituit
898 2892 1123 2952 statum,
1151 2883 1249 2940 sed
1277 2883 1558 2954 gradum:
1586 2896 1688 2937 nec
1724 2882 1896 2939 honor
1924 2884 2155 2940 debetur
2193 2885 2296 2940 soli

271 2980 623 3060 perfectioni,
655 2979 751 3035 sed
783 2965 1165 3032 universaliter
1193 2970 1445 3028 omnibus
1472 2970 1594 3042 qui
1605 2969 1744 3026 bene
1771 2978 2114 3044 operantur.
2148 2974 2295 3047 quod

272 3073 603 3144 designatur
650 3069 706 3123 in
752 3066 875 3132 hoc,
924 3062 1072 3136 quod
1117 3059 1363 3116 dicitur.
1405 3060 1549 3116 Bene
1588 3067 1856 3131 praesunt.
1905 3061 2120 3117 Dicitur
2151 3061 2295 3118 enim

272 3165 444 3220 Rom.
474 3174 564 3214 n·
595 3154 801 3219 Gloria,
825 3159 877 3209 et
916 3152 1107 3217 honor,
1141 3155 1192 3206 et
1223 3165 1339 3222 pax
1378 3146 1524 3203 omni
1563 3147 1810 3219 operanti
1850 3148 2060 3205 bonum.
2104 3151 2164 3206 ln
2193 3150 2298 3208 hoc

273 3265 415 3307 vero
454 3245 601 3320 quod
649 3252 844 3317 quarto
888 3239 1225 3314 propositum
1254 3243 1357 3306 est,
1390 3235 1679 3292 manifeste
1724 3236 1937 3293 falsitas
1962 3239 2292 3307 continetur,

275 3335 612 3395 ubidicitur
654 3331 800 3406 quod
844 3338 1087 3401 tempore
1127 3327 1313 3382 Hiero.
1357 3333 1413 3380 et
1455 3329 1597 3397 Aug.
1645 3340 1751 3381 non
1794 3334 1912 3382 erat
1941 3327 2089 3382 aliud
2142 3345 2298 3401 pres-

171 3463 177 3468 -
276 3429 449 3503 byter
478 3431 533 3480 et
578 3423 887 3495 episcopus,
933 3418 1105 3490 Hujus
1141 3415 1286 3472 enim
1313 3414 1650 3471 contrarium
1697 3431 1950 3488 expresse
1989 3416 2125 3472 dicit
2153 3422 2297 3488 Aug.

278 3517 338 3572 in
370 3514 551 3586 Epist.
584 3511 653 3566 ad
678 3509 863 3565 Hiero.
890 3507 1117 3563 dicens:
1154 3525 1179 3557 α
1205 3503 1468 3573 Quamvis
1495 3504 1796 3560 secundum
1833 3504 2096 3561 honorum
2129 3519 2299 3561 voca-

277 3603 437 3668 buia,
485 3615 611 3673 quae
654 3599 770 3670 jam
812 3593 1060 3652 ecclesiae
1096 3606 1227 3648 usus
1273 3590 1532 3658 obtinuit,
1582 3591 1931 3665 episcopatus
1976 3591 2298 3665 presbytero

277 3693 465 3763 major
494 3691 586 3756 sit,
621 3694 803 3743 tamen
844 3685 899 3739 in
928 3681 1113 3738 multis
1149 3679 1311 3735 rebus
1344 3679 1521 3735 minor
1549 3687 1632 3737 est
1657 3699 1706 3734 n.
1737 3680 1842 3736 Sed
1870 3695 1938 3736 ne
1967 3679 2168 3753 aliquis
2200 3695 2300 3736 ca-

278 3778 589 3838 lumnietur
621 3776 724 3832 hoc
765 3773 905 3829 citra
950 3779 1163 3842 tempus
1206 3767 1514 3840 Hierony.
1501 3784 1556 3823 in
1584 3784 1744 3823 usum
1777 3769 2012 3834 venisse,
2051 3777 2112 3824 ut
2149 3770 2294 3841 epis-

275 3884 463 3942 copus
505 3864 825 3939 presbytero
852 3861 1044 3934 ,major
1070 3857 1163 3923 sit,
1208 3854 1526 3929 accipienda
1568 3862 1654 3912 est
1693 3857 1997 3914 auotoritas
2027 3857 2295 3931 Dionysii,

279 3960 385 4040 qui
411 3954 635 4028 scripsit
661 3951 908 4010 ordinem
937 3945 1323 4006 ecclesiasticae
1346 3943 1667 4004 hierarchiae
1687 3945 1986 4002 secundum
2010 3946 2157 4020 quod
2181 3954 2301 4004 erat
