2850 4517
1490 502 1596 576 IV

594 689 726 768 DE
806 684 1475 767 PERFECTIONE
1565 681 1826 761 vlTAE
1911 676 2503 762 SPIRITUALts

1140 859 1247 923 (κα.
1276 859 1409 906 που».
1443 859 1730 916 opusc-am
1752 852 1944 916 17111.)

908 1134 1165 1207 Primo
1178 1134 1488 1242 ponitur
1510 1129 1826 1204 auctoris
1849 1103 2178 1220 inientio.

609 1289 881 1360 Quoniam
902 1289 1131 1362 quidam
1154 1287 1508 1360 perfectionis
1531 1287 1730 1358 ignari,
1755 1287 1826 1344 de
1849 1286 2211 1360 perfectionis
2225 1291 2379 1342 statu
2407 1302 2550 1343 vana

541 1378 795 1452 quaedam
818 1378 1003 1433 dicere
1031 1383 1518 1450 praesumpserunt,
1537 1376 1876 1450 propositum
1897 1383 2104 1432 nostrae
2126 1375 2449 1432 intentionis
2467 1382 2552 1431 est

540 1468 611 1523 de
654 1465 986 1539 perfectione
1024 1472 1284 1533 tractare,
1316 1465 1450 1539 quid
1494 1465 1569 1520 sit
1609 1480 1731 1521 esse
1776 1464 2101 1538 perfectum,
2131 1463 2368 1540 qualiter
2415 1480 2552 1540 per-

546 1555 711 1610 fectio
745 1555 1070 1628 acquiritur,
1101 1555 1225 1629 quis
1268 1555 1341 1610 sit
1380 1553 1732 1638 perfectionis
1753 1559 1956 1624 statue,
1981 1563 2039 1612 et
2074 1568 2192 1626 quae
2225 1558 2551 1623 competant

545 1644 949 1702 assumentibus
972 1643 1324 1718 perfectionis
1347 1649 1576 1699 statum.

1346 1815 1631 1883 CAPUT
1693 1815 1749 1882 Ι.

652 1905 832 2032 ιίὶτιοιί
845 1957 1136 2037 perfectio
1166 1956 1524 2036 spiritualis
1549 1956 1693 2019 vitoe
1720 1955 2063 2018 attenditur
2088 1953 2452 2034 simpliciter

1180 2047 1507 2109 secundem
1533 2045 1910 2108 charitatem.

615 2179 855 2235 Primum
882 2179 1049 2250 igitur
1073 2179 1423 2235 considerare
1448 2184 1683 2252 oportet,
1707 2177 1858 2251 quod
1897 2175 2198 2250 perfectum
2231 2175 2543 2249 multiplici-

546 2274 633 2324 ter
660 2266 885 2323 dicitur.
904 2267 1001 2321 Est
1034 2267 1180 2321 enim
1222 2266 1432 2340 aliquid
1467 2268 1792 2340 simpliciter
1828 2266 2154 2339 perfectum,
2180 2265 2392 2339 aliquid
2422 2277 2545 2321 vero

545 2354 749 2411 dicitur
776 2354 1079 2427 perfectum
1108 2355 1405 2412 secundum
1429 2358 1596 2429 quid;
1625 2355 1948 2430 simpliciter
1975 2355 2198 2429 quidem
2243 2354 2545 2428 perfectum

546 2448 651 2509 est,
677 2442 825 2514 quod
849 2443 1070 2514 attingit
1095 2444 1168 2500 ad
1192 2444 1355 2501 finem
1382 2448 1502 2518 ejus
1529 2449 1677 2520 quod
1711 2446 1763 2502 ei
1789 2446 2056 2518 competit
2091 2443 2395 2501 secundum
2417 2458 2546 2517 pro·

546 2531 724 2601 priam
775 2531 1064 2588 rationem.
1108 2534 1419 2590 Secundum
1464 2535 1596 2607 quid
1633 2541 1820 2592 autem
1863 2533 2166 2607 perfectum
2192 2532 2299 2589 dici
2344 2539 2546 2606 potest,

548 2619 692 2690 quod
724 2619 946 2692 attingit
987 2621 1055 2678 ad
1103 2622 1266 2678 finem
1310 2623 1541 2695 alicujus
1577 2640 1766 2680 eorum
1813 2640 1940 2698 quae
1974 2623 2393 2680 committantur
2419 2637 2549 2694 pro-

547 2703 723 2781 priam
749 2709 1036 2777 rationem,
1064 2711 1208 2768 sicut
1231 2713 1433 2770 animal
1473 2713 1796 2786 simpliciter
1825 2713 2026 2768 dicitur
2067 2727 2188 2769 esse
2224 2710 2544 2784 perfectum,

549 2797 767 2869 quaudo
795 2798 865 2854 ad
889 2799 1032 2864 hunc
1060 2800 1221 2856 finem
1248 2802 1520 2875 perducit,
1546 2807 1609 2857 ut
1638 2801 1771 2857 nihil
1796 2801 1846 2856 ei
1875 2801 2017 2857 desit
2045 2817 2112 2856 ex
2135 2800 2222 2856 his
2250 2816 2378 2874 quae
2407 2800 2562 2856 iute-·

547 2883 806 2956 gritatem
828 2888 961 2945 vitae
988 2889 1239 2946 animalis
1278 2892 1620 2947 constituunt
1650 2907 1665 2945 :
1693 2897 1845 2963 puta,
1877 2906 2005 2946 cum
2049 2888 2183 2944 nihil
2219 2889 2273 2945 ei
2313 2889 2460 2945 desit
2486 2905 2550 2944 ex

548 2989 774 3032 numero
818 2983 876 3033 et
911 2977 1269 3050 dispositione
1314 2980 1700 3046 membrorum,
1729 2988 1785 3035 et
1826 2978 2013 3036 debita
2041 2979 2286 3051 corporis
2323 2978 2550 3051 quanti-

549 3069 681 3132 tate,
705 3071 761 3119 et
788 3066 1104 3134 virtutibuS,
1136 3067 1335 3140 quibus
1363 3070 1710 3142 operationes
1735 3072 1865 3127 vitae
1895 3067 2146 3126 animalis
2171 3066 2548 3140 perficiuntur.

548 3152 855 3209 Secundum
884 3156 1015 3228 quid
1036 3164 1220 3214 autem
1242 3157 1541 3230 perfectum
1567 3157 1768 3214 animal
1791 3157 1900 3214 dici
1931 3163 2128 3230 potest,
2156 3157 2203 3212 si
2232 3157 2303 3212 sit
2335 3158 2553 3229 perfec-

550 3247 667 3296 tum
695 3241 750 3296 in
781 3241 963 3316 aliquo
1000 3246 1420 3315 concomitante,
1448 3255 1601 3318 puta,
1633 3247 1678 3302 si
1721 3246 1794 3302 sit
1838 3247 2142 3319 perfectum
2181 3245 2238 3300 in
2273 3243 2548 3312 albedine,

551 3329 725 3386 autin
759 3330 945 3400 odore,
978 3341 1073 3390 aut
1101 3335 1156 3389 in
1187 3333 1371 3407 aliquo
1399 3334 1731 3406 hujusmodi.
1757 3336 1848 3392 Sic
1876 3336 2042 3406 igitur
2087 3342 2141 3390 et
2185 3334 2240 3388 in
2277 3333 2551 3406 spirituali

550 3419 684 3489 vita,
710 3420 1033 3494 simpliciter
1076 3422 1295 3494 quidem
1338 3421 1497 3478 homo
1535 3423 1810 3496 perfectus
1847 3424 2067 3490 dicitur,
2098 3423 2310 3478 ratione
2351 3423 2476 3492 ejus
2499 3423 2550 3478 in

549 3523 658 3579 quo
698 3508 1073 3582 principaliter
1114 3509 1415 3582 spiritualis
1464 3512 1577 3567 vita
1618 3512 1888 3580 consistit,
1939 3512 2035 3569 sed
2075 3510 2378 3567 secundum
2419 3511 2550 3584 quid

550 3595 825 3665 perfectus
857 3597 966 3652 dici
1014 3603 1210 3669 potest,
1237 3597 1447 3654 ratione
1491 3614 1884 3673 cujuscumque
1928 3598 2074 3671 quod
2118 3596 2393 3671 spirituali
2426 3599 2553 3653 vitae

552 3682 886 3756 adjungitur.
918 3685 1177 3742 Consistit
1207 3691 1391 3741 autem
1421 3687 1792 3760 principaliter
1831 3686 2135 3760 spiritualis
2162 3687 2280 3743 vita
2319 3686 2380 3741 in
2416 3687 2552 3743 cha-

554 3770 916 3843 ritate,quam
939 3774 1031 3846 qui
1060 3788 1164 3829 non
1184 3773 1365 3842 habet,
1396 3775 1528 3830 nihil
1556 3791 1674 3831 esse
1700 3775 2061 3849 spiritualiter
2082 3783 2391 3847 reputatur,
2407 3776 2586 3832 unde‘

552 3860 742 3928 Apost.
774 3860 1067 3918 ICorinth.
1104 3877 1237 3919 xm.
1269 3863 1404 3920 dicit
1437 3881 1450 3920 ε
1477 3863 1536 3920 Si
1561 3864 1790 3920 habuero
1824 3864 2187 3939 prophetiam,
2213 3871 2265 3920 et
2309 3863 2551 3922 noverim

547 3947 808 4037 mysteria
854 3950 1054 4016 omnia,
1079 3959 1132 4009 et
1166 3969 1369 4036 omnem
1402 3952 1700 4039 scientium,
1728 3960 1780 4024 et
1799 3956 1849 4020 εἰ
1879 3954 2111 4015 habuero
2137 3953 2340 4008 omnem
2370 3952 2546 4025 fidem,
