2850 4517
787 395 894 440 vn.
923 411 1003 429 --
1038 397 1116 441 nr.
1159 398 1435 443 samono
1485 398 1919 445 Aroswonoatm
2235 383 2354 442 427

345 522 480 584 ergo
525 516 697 585 patet,
745 511 892 583 quod
927 526 1024 585 per
1064 512 1307 587 quinque
1334 514 1689 572 Sacramenta
1730 528 1856 588 quae
1896 514 2163 588 praedicta
2203 522 2349 579 sunt,

276 646 286 653 .
337 598 581 657 babetur
601 598 866 674 perfectio
888 598 1038 657 vitae.
1069 600 1178 658 Sed
1203 602 1335 675 quia
1359 602 1727 661 necessarium
1757 610 1843 660 est
1868 604 2012 676 quod
2042 599 2353 676 hujusmodi

343 689 701 747 Sacramenta
739 687 1088 746 conferantur
1145 707 1242 765 per
1295 689 1699 749 determinatos·
1731 693 2029 759 ministros,
2075 693 2199 749 ideo
2250 692 2354 747 suit

340 778 720 835 necessarium
763 778 1174 837 Sacramentum
1216 780 1455 850 ordinis,
1493 782 1651 855 cujus
1693 781 1999 839 ministerio
2042 780 2381 853 hujusmodi*
2482 804 2487 808 ·

343 868 700 926 Sacramenta
743 866 1190 941 dispensarentur
1227 887 1241 925 ε
1275 885 1378 927 nec
1421 877 1505 929 est
1546 866 1880 930 attendenda
1922 871 1991 930 ad
2019 872 2125 929 hoc
2164 887 2351 928 eorum

344 956 480 1023 vita,
507 955 554 1013 si
582 955 874 1029 aliquando
899 956 971 1013 ad
996 957 1139 1016 mala
1159 958 1457 1030 declinant,
1483 959 1581 1017 sed
1604 959 1782 1019 virtus
1805 960 2026 1027 Christi,
2057 976 2156 1035 per
2187 976 2350 1034 quam

343 1046 466 1119 ipsa
505 1045 858 1104 Sacramenta
899 1043 1200 1104 efficaciam
1238 1047 1461 1115 habent,
1508 1045 1741 1121 qnorum
1788 1048 1893 1122 ipsi
1941 1047 2349 1122 dispensatores

345 1140 494 1190 sunt.
526 1136 716 1205 Apost.
747 1133 771 1188 1
798 1132 1040 1189 Corinth.
1075 1150 1138 1191 iv
1179 1152 1199 1191 t
1230 1135 1314 1192 Sic
1349 1151 1446 1193 nos
1476 1135 1743 1194 existimet
1774 1136 1945 1203 homo,
1982 1144 2047 1195 ut
2079 1137 2353 1194 ministros

349 1220 576 1287 Christi,
619 1228 670 1278 et
713 1220 1098 1293 dispensatores
1135 1224 1511 1295 mysteriorum
1555 1224 1658 1282 Dei
1700 1243 1720 1283 .·
1760 1232 1817 1283 et
1859 1226 1963 1282 hoc
2006 1232 2090 1282 est
2136 1232 2351 1282 sextum

345 1311 776 1374 Sacramentum,
819 1309 1030 1367 scilicet
1065 1311 1292 1368 ordinis·
1330 1312 1635 1386 Septimum
1671 1313 2083 1370 Sacramentum
2118 1319 2203 1369 est
2231 1328 2351 1368 ma-

349 1397 684 1467 trimonium,
712 1399 769 1453 in
788 1413 898 1470 quo
921 1399 968 1455 si
987 1401 1190 1456 munde
1206 1401 1400 1458 vivunt
1421 1402 1688 1469 homines,
1716 1401 2019 1467 salvantur,
2044 1409 2100 1459 et
2124 1409 2355 1475 possunt

346 1488 465 1544 sine
503 1493 728 1560 peccato
768 1485 984 1544 mortali
1012 1488 1216 1545 vivere.
1255 1487 1325 1545 Et
1361 1490 1638 1547 interdum
1664 1488 1939 1548 declinant
1967 1489 2246 1563 conjugati
2284 1488 2351 1545 ad

347 1574 601 1641 venialia,
650 1576 868 1648 quando
909 1591 1100 1634 eorum
1149 1578 1593 1651 concupiscentia
1634 1593 1741 1636 non
1788 1578 1961 1635 fertur
2015 1586 2172 1635 extra
2211 1578 2352 1635 bona

343 1662 699 1733 matrimonii,
745 1669 801 1719 et
827 1663 874 1719 si
903 1663 1161 1719 efferatur
1183 1670 1359 1729 extra,
1392 1670 1527 1721 tunc
1552 1663 1830 1721 declinant
1866 1664 1935 1720 ad
1963 1665 2214 1721 mortale.
2254 1666 2351 1720 Per

346 1751 467 1811 haec
493 1758 676 1808 autem
717 1760 928 1826 septem
953 1752 1308 1810 Sacramenta
1335 1754 1725 1827 consequimur
1759 1760 2111 1826 peccatorum
2154 1753 2350 1809 remis-

345 1842 574 1908 sionem,
619 1850 675 1897 et
718 1840 842 1901 ideo
882 1841 972 1898 bic
998 1843 1188 1899 statim
1230 1841 1529 1898 subditur:
1573 1834 1955 1898 Remissionein
1990 1840 2348 1913 peecatorum.

347 1931 448 1987 Per
485 1930 588 1986 boc
623 1931 790 1991 etiam
829 1930 1022 1987 datum
1062 1937 1148 1987 est
1186 1930 1463 2003 Apostolis
1490 1929 1770 1986 dimittere
1809 1936 2038 2001 peccata
2085 1944 2099 1983 t
2132 1935 2187 1984 et
2228 1928 2353 1995 ideo

346 2018 678 2076 credendum
719 2024 822 2085 est,
875 2018 1022 2092 quod
1063 2018 1298 2075 ministri
1345 2018 1624 2085 Ecclesiae,
1673 2017 1743 2074 ad
1788 2031 1927 2090 quos
1972 2016 2221 2074 derivata
2270 2026 2352 2072 est

345 2105 654 2177 hujusmodi
704 2110 946 2177 potestas
989 2104 1062 2161 ab
1087 2104 1396 2177 'ApostoliS,
1436 2112 1493 2161 et
1537 2104 1607 2161 ad
1643 2103 1933 2177 Apostolos
1960 2119 1993 2160 a
2021 2102 2257 2170 Christo,
2300 2103 2352 2158 in

344 2194 590 2251 Ecclesia
626 2193 864 2252 habeant
903 2199 1230 2267 potestatem
1272 2192 1475 2265 ligandi
1523 2200 1687 2266 atque
1730 2190 1974 2249 solvendi
2010 2200 2065 2249 et
2112 2191 2257 2263 quod
2300 2190 2355 2246 in

345 2282 592 2339 Ecclesia
637 2282 710 2338 sit
755 2281 918 2355 plena
969 2285 1214 2355 potestas
1258 2280 1573 2338 dimittendi
1620 2287 1866 2354 peccata,
1915 2279 2011 2337 sed
2037 2279 2349 2351 ⁸gradatim,

347 2370 556 2428 scilicet
585 2385 618 2427 a
645 2371 790 2443 Papa
834 2370 887 2427 in
916 2369 1054 2427 alios
1085 2369 1358 2443 praelatos.
1401 2370 1694 2438 Sciendum
1732 2376 1816 2426 est
1852 2369 2041 2436 etiam,
2072 2368 2219 2442 quod
2248 2386 2352 2427 non

346 2458 523 2517 solum
566 2459 742 2517 virtus
770 2458 1061 2531 passionis
1099 2459 1300 2517 Christi
1341 2457 1995 2525 communicatur'nobis,
2032 2458 2144 2514 'sed
2186 2458 2353 2516 etiam

349 2548 607 2604 meritum
651 2548 781 2605 vitae
821 2548 1137 2614 Christi,·et
1176 2548 1447 2621 quidquid
1488 2548 1615 2605 honi
1661 2548 1907 2606 fecerunt
1947 2562 2139 2604 omnes
2174 2548 2351 2605 sancti

345 2635 780 2695 communicatur
807 2635 866 2689 in
900 2633 1166 2691 charitate
1194 2636 1573 2703 existentibus,
1613 2635 1745 2708 quia
1771 2649 1959 2691 omnes
1987 2650 2158 2691 unum
2202 2644 2350 2693 sunt.

347 2722 551 2783 Psalm.
591 2734 730 2776 cvm
767 2737 780 2775 ε
810 2720 1088 2792 Pae-ticeps
1124 2737 1216 2793 090
1251 2738 1368 2779 sum
1407 2722 1644 2778 omnium
1671 2722 1977 2779 timentium
2022 2729 2090 2779 te.
2121 2723 2190 2780 Et
2227 2725 2355 2781 inde

347 2819 453 2882 est,
500 2808 652 2883 quod
675 2808 767 2881 qui
815 2807 871 2863 in
911 2807 1180 2864 charitate
1222 2809 1375 2877 vivit,
1407 2811 1684 2883 particeps
1722 2816 1808 2867 est
1849 2809 2185 2867 omnisboni'
2208 2812 2356 2885 quod

349 2901 412 2957 fit
436 2901 494 2957 in
520 2904 635 2954 toto
659 2895 882 2963 mundo,
905 2894 1020 2953 sed
1050 2903 1233 2953 tamen
1257 2896 1549 2968 specialius
1576 2897 1674 2966 illi,
1700 2912 1805 2970 pro
1838 2898 2039 2972 quibus
2064 2900 2357 2971 specialius

350 2989 413 3049 fit
441 2985 662 3061 aliquod
692 2984 894 3043 honum
932 3002 946 3041 ε
996 2999 1123 3041 nam
1157 2999 1298 3041 unus
1334 2990 1517 3058 potest
1557 2986 1876 3043 satisfacere
1906 3000 2002 3058 pro
2041 2985 2168 3053 alio,
2211 2987 2354 3044 sicut

351 3083 504 3150 patet
533 3077 591 3132 in
621 3074 918 3141 heneficiiS,
959 3074 1029 3132 ad
1072 3088 1197 3147 quae
1222 3072 1407 3147 plures
1433 3075 1885 3147 congregationes
1914 3075 2211 3132 admittunt
2249 3074 2353 3133 ali·-

351 3179 509 3238 quos.
547 3164 638 3220 Sic
673 3177 820 3235 ergo·
840 3178 935 3236 per
966 3161 1106 3219 banc
1138 3162 1578 3218 communionem
1604 3162 1989 3235 consequimur
2024 3164 2153 3229 duo,
2186 3178 2355 3219 unum

351 3250 562 3308 scilicet
585 3249 732 3323 quod
759 3248 1014 3309 meritum
1030 3249 1236 3307 -Cbristi
1262 3250 1699 3307 communicatur
1719 3249 1971 3306 omnibus
1997 3267 2012 3306 ε
2038 3249 2182 3308 aliud
2210 3250 2354 3323 quod

351 3339 553 3395 honum
577 3338 750 3395 unius
777 3339 1210 3417 communicatur
1250 3339 1431 3407 alteri,
1462 3339 1605 3397 unde
1633 3339 2090 3396 excommunicati
2128 3355 2225 3411 per
2251 3336 2355 3393 hoc

351 3428 497 3504 quod
541 3434 670 3485 sunt
710 3436 866 3485 extra
906 3425 1224 3494 Ecclesiam,
1268 3426 1506 3501 perdunt
1551 3437 1763 3502 partem
1808 3427 2049 3487 omnium
2092 3426 2355 3497 bonorum

352 3532 478 3595 quae
505 3516 845 3589 fiunt‚.quod
875 3526 956 3571 est
993 3516 1171 3587 majus
1197 3516 1477 3580 damnum,
1519 3532 1685 3589 quam
1713 3516 1973 3573 damnum
2006 3514 2236 3588 alicujus
2275 3515 2353 3571 rei

352 3604 687 3678 temporalis.
719 3603 815 3660 Est
845 3602 1187 3661 etiamaliud
1215 3604 1534 3675 periculum,
1563 3606 1694 3678 quia
1718 3610 1937 3662 constat
1956 3601 2103 3677 quod
2133 3619 2229 3677 per
2253 3602 2355 3657 hu-

347 3694 586 3767 jusmodi
613 3692 870 3765 suffragia
900 3692 1194 3763 impeditur
1217 3691 1485 3761 diabolus,
1512 3710 1583 3751 ne
1603 3693 1901 3767 possit-nos
1928 3697 2142 3749 tentare
2171 3708 2184 3746 r
2212 3691 2356 3747 unde

351 3782 572 3859 quando
599 3783 724 3855 quis
745 3781 1052 3838 excluditur
1077 3780 1147 3837 ab
1171 3779 1481 3853 hujusmodi
1516 3783 1809 3853 suffragiis,
1848 3779 2099 3837 diabolus
2139 3778 2353 3835 facilius

284 3945 288 3949 Ι
352 3872 523 3931 vincit
561 3888 704 3928 eum.
740 3871 808 3929 Et
843 3871 971 3928 inde
1005 3870 1261 3945 estquod
1297 3870 1355 3929 in
1389 3869 1669 3943 primitiva
1706 3868 1967 3937 Ecclesia,
2000 3884 2127 3925 cum
2155 3867 2355 3942 aliquis

352 3960 948 4032 excommunicabatur,
971 3960 1162 4019 statim
1187 3957 1439 4041 diabolus
1461 3958 1694 4017 vexabat
1719 3974 1843 4017 eum
1867 3956 2244 4035 corporaliter.
