2850 4517
742 354 872 403 vm.
904 371 985 387 -
1010 358 1075 399 m
1118 360 1472 405 ommonem
1524 364 1868 409 oommoau
2189 356 2299 415 441

299 464 504 523 niendo
526 479 643 531 εοε,
668 472 728 523 ει
750 464 853 523 hoc
875 465 1041 549 faciet
1064 470 1446 541 peccatoribus
1472 478 1528 528 et
1550 472 1788 530 inimicis
1815 476 1949 544 suis,
1975 484 2033 533 et
2062 477 2171 551 ⁵hoc
2198 483 2302 538 erit

297 556 358 611 in
382 554 491 611 fine
519 554 726 621 mundi,
759 554 961 611 Psalm.
991 570 1089 613 c1x
1116 574 1137 625 ε,
1160 558 1337 614 Donec
1368 575 1566 640 penum
1593 561 1839 619 inimicos
1865 571 2003 631 tuos,
2030 564 2302 640 scabellum

292 643 489 717 pedum
514 649 751 708 tuorum,
781 652 842 699 ut
872 644 995 700 ideo
1016 644 1223 701 sanctis
1246 652 1331 701 εει
1366 647 1556 705 datum
1579 665 1827 721 quaerere
1860 654 2006 725 quod
2047 657 2303 715 adveniat

297 734 548 803 Regnum
572 732 693 797 Dei,
726 731 936 789 scilicet
963 734 1106 805 quod
1134 734 1237 807 ipsi
1269 735 1514 793 totaliter
1541 737 1900 810 subjiciantur
1939 744 2012 811 ei,
2043 746 2139 801 sed
2171 764 2303 819 pec-
2330 741 2335 746 ’

297 808 581 891 εειοιίὶιιιε
595 828 679 877 εει
702 819 979 889 horribile,
1003 822 1132 895 quia
1156 821 1291 879 nihil
1319 823 1470 879 aliud
1493 832 1578 883 est
1605 842 1853 908 quaerere
1878 831 2024 907 quod
2045 828 2304 903 adveniat

212 949 220 958 .
294 910 549 983 Regnum
588 909 709 977 Dei,
748 908 851 965 nisi
890 910 1037 984 quod
1086 911 1155 967 de
1200 910 1484 987 voluntate
1530 915 1630 971 Dei
1685 916 2060 998 subjiciantur!
2102 927 2296 997 poenis.

296 1004 467 1057 Amos
492 1014 527 1055 v
560 1015 573 1054 :
612 996 703 1055 Voe
729 998 1152 1075 desiderantibus
1173 1000 1313 1057 diem
1341 1002 1576 1059 Domini.
1607 1003 1714 1062 Sed
1739 1012 1796 1062 et
1829 1023 1898 1065 ex
1930 1009 2034 1067 hoc
2057 1013 2302 1073 destrui-

300 1094 387 1143 tur
417 1104 585 1155 more,
616 1104 741 1161 quae
776 1094 861 1145 est
902 1084 1033 1145 vitae
1070 1090 1367 1159 contraria,
1412 1092 1538 1147 ideo
1581 1092 1804 1163 dicitur,
1835 1098 1860 1153 1
1898 1098 2144 1159 Corinth.
2171 1120 2252 1160 xv
2282 1124 2296 1161 ι

295 1176 597 1235 Nouissime
624 1185 800 1234 autem
824 1175 1045 1234 inimica
1073 1178 1381 1236 destruetur
1403 1196 1567 1247 more,
1597 1190 1652 1239 et
1681 1182 1781 1240 hoc
1805 1186 1910 1242 erit
1935 1187 1990 1243 in
2017 1204 2300 1250 resurrec-

298 1267 467 1322 tione.
494 1265 685 1338 Philip.
717 1280 785 1323 111
814 1282 826 1319 ε
853 1264 1192 1337 Refer-mabit
1210 1284 1398 1339 corpus
1425 1269 1754 1329 humilitatis
1779 1283 1997 1333 nostrae.
2029 1280 2296 1352 Secundo,

296 1356 543 1426 Regnum
572 1354 833 1411 coelorum
862 1354 1064 1410 dicitur
1092 1355 1265 1427 gloria
1293 1357 1559 1427 Paradisi,
1595 1377 1694 1417 nec
1741 1364 1937 1445 mirum
1969 1380 1985 1421 τ
2015 1384 2142 1425 nam
2173 1388 2301 1443 reg·

297 1460 427 1513 num
455 1443 585 1499 nihil
612 1442 759 1499 aliud
783 1442 984 1499 dicitur
1010 1444 1112 1499 nisi
1132 1444 1400 1516 regimen.
1420 1446 1501 1502 lbi
1527 1457 1712 1507 autem
1745 1458 1828 1507 est
1853 1456 2119 1528 optimum
2148 1462 2300 1533 regi-

295 1548 441 1598 men,
476 1531 566 1588 ubi
593 1531 726 1588 nihil
765 1530 1041 1587 invenitur
1080 1541 1272 1590 contra
1317 1534 1657 1593 voluntatem
1703 1540 1982 1612 Regentis.
2031 1544 2302 1607 Voluntas

297 1630 481 1678 autem
510 1620 609 1677 Dei
644 1626 729 1676 est
766 1619 915 1676 salus
954 1618 1253 1687 hominum,
1287 1623 1416 1693 quia
1445 1624 1563 1678 vult
1603 1641 1791 1681 omnes
1830 1628 2080 1689 homines
2117 1638 2300 1696 salvos

294 1711 415 1767 fieri
444 1728 457 1765 :
490 1717 544 1766 et
572 1708 675 1765 hoc
713 1708 994 1780 potissime
1023 1709 1127 1764 erit
1156 1708 1213 1763 in
1238 1709 1520 1776 Pal-adise,
1554 1712 1644 1768 ubi
1669 1712 1803 1769 nihil
1845 1718 1952 1774 erit
1988 1720 2156 1779 saluti
2197 1726 2298 1783 ho-

296 1798 505 1855 minum
527 1812 854 1870 repugnans.
884 1794 1079 1852 Matth.
1110 1810 1224 1853 xm
1252 1814 1266 1851 :
1297 1798 1638 1870 Auferemur
1673 1801 1736 1857 de
1773 1820 1936 1877 raquo
1967 1809 2082 1879 ejus
2117 1816 2298 1872 omnia

291 1888 565 1946 scaudala.
589 1886 651 1941 In
678 1883 882 1941 mundo
912 1890 1097 1941 autem
1122 1884 1229 1941 isto
1263 1892 1393 1941 sunt
1429 1886 1600 1944 multa
1634 1896 1824 1949 contra
1852 1894 2089 1953 salutem
2115 1904 2298 1960 homi-

293 1994 450 2034 num.
483 1976 621 2031 Cum
662 1989 791 2045 ergo
839 1973 1121 2046 petimus:
1165 1974 1438 2031 Adveniat
1492 1993 1716 2049 requum
1771 1988 1941 2051 tuum,
1970 2000 2189 2047 oramus
2237 2000 2298 2050 ut
2383 2042 2388 2047 .

292 2067 469 2125 simus
491 2064 786 2139 participes
810 2064 962 2134 regni
994 2062 1252 2131 coelestis,
1282 2070 1340 2120 et
1376 2063 1570 2136 gloriae
1599 2068 1865 2126 paradisi.
1895 2072 2048 2143 Quod
2075 2078 2296 2151 quidem

292 2145 525 2228 regnum
552 2161 637 2210 est
658 2151 817 2211 valde
839 2151 1262 2209 desiderandum
1285 2159 1509 2226 propter
1538 2152 1664 2213 tria.
1683 2158 1882 2227 Primo,
1899 2174 2120 2236 propter
2143 2184 2296 2227 sum-

292 2260 444 2302 mam
464 2242 738 2316 justitiam
766 2258 892 2314 quae
914 2241 1074 2297 estin
1098 2256 1183 2296 eo.
1212 2241 1320 2298 lsa.
1348 2257 1408 2299 v¹
1442 2260 1455 2298 :
1488 2242 1720 2318 Populus
1757 2254 1882 2305 tuus
1909 2268 2098 2312 -omnes
2133 2259 2294 2331 jemai,

295 2330 399 2390 Hic
426 2334 570 2388 enim
596 2331 723 2389 mali
748 2337 876 2388 sunt
898 2330 1055 2387 mixti
1070 2329 1249 2397 boniS,
1266 2332 1361 2387 sed
1387 2330 1464 2388 ibi
1491 2332 1675 2405 nullus
1700 2337 1875 2395 malus
1897 2342 2022 2412 erit,
2041 2353 2098 2402 et
2111 2349 2319 2407 nullus.

298 2426 571 2497 peccator.
599 2422 758 2486 Item,
791 2426 1013 2493 propter
1040 2416 1498 2491 perfectissimam
1522 2422 1853 2494 libertatem.
1879 2430 1981 2488 Hic
2015 2435 2159 2493 enim
2189 2456 2294 2497 non

296 2520 381 2569 ost
431 2510 673 2577 libertae,
704 2524 1020 2581 quanquam
1057 2522 1247 2565 omnes
1287 2510 1612 2569 naturaliter
1657 2514 1968 2576 desiderent
1995 2538 2118 2582 eam
2147 2544 2161 2581 ε
2194 2529 2293 2585 sed

295 2600 370 2657 ibi
396 2598 501 2655 erit
524 2597 835 2652 omnimoda
860 2595 1086 2652 libertas
1112 2601 1305 2653 contra
1331 2613 1548 2655 omnem
1575 2602 1917 2664 servitutem.
1947 2609 2107 2668 Rom.
2139 2632 2246 2674 vm
2270 2633 2286 2675 z

294 2688 421 2761 Ipsa
460 2690 714 2741 creatura
742 2682 1060 2739 liberabitur
1093 2699 1131 2737 a
1164 2686 1526 2756 corruptione.
1556 2686 1625 2743 Et
1655 2705 1762 2746 non
1808 2694 1983 2751 solum
2027 2711 2190 2759 erunt
2216 2705 2291 2763 ibi

294 2791 486 2833 omnes
514 2772 688 2839 liberi,
714 2771 812 2828 sed
858 2775 1019 2827 erunt
1056 2782 1233 2841 reges,
1282 2775 1452 2843 Apoc.
1485 2790 1521 2831 v
1554 2774 1798 2835 :Fecisti
1837 2798 1930 2839 nos
1973 2784 2083 2843 Deo
2109 2802 2294 2851 nostro

298 2881 537 2937 regnum.
569 2862 735 2933 Cujus
776 2860 918 2917 ratio
964 2864 1066 2926 est,
1100 2859 1231 2931 quia
1270 2874 1461 2917 omnes
1505 2871 1665 2919 erunt
1706 2868 1950 2939 ejusdem
1993 2876 2292 2938 voluntatis

298 2960 425 3011 cum
448 2953 581 3017 Dec,
606 2956 663 3007 et
682 2948 829 3005 Deus
853 2946 1000 3005 volet
1021 2946 1289 3019 quidquid
1311 2949 1490 3006 sancti
1513 2951 1718 3024 volent,
1737 2962 1794 3012 et
1821 2962 1998 3017 sancti
2025 2962 2296 3040 quidq‘uid

299 3043 445 3098 Deus
474 3038 742 3112 voluerit:
776 3036 919 3093 unde
955 3052 1080 3093 cum
1114 3035 1393 3093 voluntate
1433 3039 1534 3095 Dei
1577 3040 1672 3097 fiet
1713 3044 1966 3106 voluntas
2004 3067 2214 3123 eorum,
2237 3068 2294 3115 et

298 3131 422 3189 ideo
468 3143 657 3185 omnes
696 3126 1021 3199 regnabunt,
1052 3126 1181 3200 quia
1224 3127 1468 3183 omnium
1511 3128 1764 3190 voluntas
1789 3134 1903 3203 fiet,
1937 3146 1992 3196 et
2028 3144 2294 3205 Dominus

298 3220 404 3275 erit
426 3232 628 3274 corona
655 3216 917 3273 omnium.
948 3216 1055 3271 Isa.
1082 3230 1275 3273 xxvm
1304 3233 1317 3271 :
1348 3216 1417 3273 In
1459 3216 1544 3274 die
1571 3217 1668 3275 illa
1707 3223 1814 3279 erit
1852 3226 2110 3289 Dominus
2135 3252 2292 3293 emer-

298 3308 499 3363 cituum
526 3320 722 3361 corona
758 3304 965 3378 qlor‘ioe,
996 3311 1045 3360 et
1085 3311 1289 3361 sertum
1334 3306 1680 3382 exultationis
1721 3312 1935 3372 residuo
1969 3324 2157 3394 populi
2181 3325 2291 3383 mi.

296 3398 455 3462 Item,
488 3400 709 3467 propter
734 3391 1040 3449 mirabilem
1068 3392 1427 3451 affluentiam.
1451 3397 1556 3453 Isa.
1583 3413 1720 3457 Lxlv
1753 3400 1978 3463 :Oculus
2005 3426 2112 3467 uon
2131 3413 2290 3480 uidit,

298 3485 458 3548 Deus,
484 3483 672 3556 absque
693 3489 763 3549 te,
793 3498 909 3554 quce
930 3481 1263 3555 proeparasti
1286 3487 1679 3556 eoepectamibus
1707 3496 1776 3547 te.
1806 3494 2007 3555 Psalm:
2041 3516 2115 3557 cu
2144 3518 2159 3563 ε
2193 3496 2296 3571 ραι

299 3573 464 3645 replet
486 3573 545 3627 iu
572 3572 720 3629 bouis
745 3570 1064 3627 desiderium
1092 3578 1265 3637 tuum,
1282 3579 1389 3629 etc.
1417 3572 1486 3631 Et
1511 3582 1658 3645 nota;
1687 3570 1833 3653 quod
1860 3582 2020 3643 homo
2057 3590 2299 3649 inveniet

296 3663 479 3719 omnia
518 3663 573 3716 in
615 3660 731 3718 solo
768 3662 882 3717 Deo
918 3660 1290 3728 excellentius,
1318 3670 1374 3718 et
1416 3666 1710 3734 perfectius
1755 3673 1901 3729 omni
1944 3692 2009 3733 eo
2051 3682 2195 3752 quod
2241 3681 2298 3739 in

299 3750 499 3805 mundo
530 3751 815 3823 quaeritur.
847 3750 902 3807 Si
933 3748 1351 3807 delectationem
1380 3755 1602 3825 quaeris,
1635 3773 1907 3819 summam
1932 3764 2198 3825 'invenies
2243 3772 2298 3829 in

298 3840 431 3896 Deo.
458 3840 513 3897 Si
535 3839 778 3906 divitiae,
811 3839 886 3895 ibi
916 3852 1132 3896 omnem
1174 3838 1557 3901 sufficientiam
1594 3843 1856 3919 invenies,
1887 3861 2108 3929 propter
2133 3848 2300 3931 qur-m

298 3934 427 3985 sunt
460 3928 690 3996 divitiae,
724 3934 779 3985 ει
807 3929 889 3985 sic
914 3930 985 3987 de
1024 3927 1168 3986 aliis.
1210 3933 1444 4003 August.
1477 3932 1533 3990 in
1561 3934 1958 4000 confessionib.
1995 3960 2011 3999 ε
2042 3964 2072 4000 e
2101 3950 2300 4008 Imma
