2850 4517
463 353 584 412 472
942 367 994 409 s.
1039 365 1272 408 THoMAE
1313 363 1641 412 sommus
1684 349 2039 406 ornacum}

463 484 583 556 ejus
599 483 757 554 eujus
779 480 938 537 estin
968 479 1236 544 munima,
1253 478 1350 535 sed
1365 477 1471 534 hoe
1498 477 1555 533 in
1578 475 1777 550 spiritu
1794 475 1896 534 Dei
1916 474 2237 536 verificatur
2250 485 2474 554 propter

465 571 670 628 divinae
697 569 952 627 essentias
977 569 1242 625 unitatem
1288 574 1345 624 et
1372 565 1803 639 simplicitatem,
1827 583 1896 624 ex
1930 581 2041 642 qua
2070 574 2291 641 oportet
2329 570 2476 642 quod

430 704 438 711 .
463 649 733 733 quidquid
763 649 846 715 est
874 659 928 713 in
956 655 1092 724 Deo,
1122 658 1194 714 sit
1225 657 1389 713 Deus.
1421 657 1537 712 Neo
1560 655 1745 712 obstat
1773 656 1843 712 ad
1882 655 2153 713 rationem
2192 655 2475 730 imaginis,

462 749 609 820 quod
631 748 868 820 Spiritus
893 751 1116 804 sanetus
1143 761 1252 802 non
1271 745 1529 800 convenit
1550 759 1678 800 oum
1705 745 1867 801 Patre
1892 744 1945 798 in
1973 745 2161 822 aliqua
2196 747 2475 819 personali

463 837 816 909 proprietate,
845 835 974 908 quia
1007 832 1308 890 similitudo
1337 839 1394 890 et
1424 831 1717 905 aeqnalitas
1760 833 2123 888 Personarum
2162 827 2479 890 divinarum

463 939 570 979 non
599 923 902 979 attenditur
939 921 1247 978 secundum
1273 911 1635 994 proprietates
1674 919 2006 992 personales.
2038 920 2134 976 sed
2174 911 2478 980 secundnm
2576 927 2583 930 ’

465 1012 730 1068 attributa
755 1010 1089 1066 essentialia.
1127 1011 1320 1081 Neque
1349 1007 1495 1062 enim
1535 1007 1939 1078 inaequalitates
1980 1013 2037 1063 et
2083 1007 2478 1069 dissimilitudo
2522 1083 2525 1086 ⁴

463 1101 763 1158 secundum
789 1090 1154 1173 personalium
1195 1097 1593 1170 proprietatum
1629 1095 1994 1152 differentiam
2037 1097 2090 1152 in
2128 1097 2331 1154 divinis
2365 1100 2478 1155 dici

461 1188 644 1254 debet,
673 1189 814 1244 sicut
843 1179 1131 1258 Angustia.
1159 1186 1297 1242 dicit
1328 1186 1381 1240 in
1407 1185 1545 1240 libro
1573 1191 1763 1240 contra
1804 1184 2123 1241 Maximum.
2154 1187 2296 1242 Cum
2329 1188 2477 1244 enim

462 1275 569 1332 dici
580 1283 664 1331 tur
685 1275 854 1332 Filius
879 1291 910 1330 a
936 1277 1095 1331 Patre
1119 1265 1357 1346 genituS,
1376 1289 1481 1329 non
1504 1273 1811 1329 ostenditur
1838 1273 2187 1348 inaequalitas
2208 1275 2477 1332 substan·

462 1364 578 1427 tiae,
612 1363 705 1418 sed
737 1363 870 1418 ordo
899 1369 1130 1419 naturae.
1161 1361 1425 1419 Similiter
1460 1361 1628 1416 etiam
1654 1377 1760 1417 non
1801 1361 2007 1429 obstat,
2036 1363 2183 1436 quod
2232 1365 2479 1438 Spiritus
2518 1397 2529 1404 ·

462 1456 688 1506 sanctus
705 1457 788 1505 est
817 1467 850 1506 a
874 1451 1107 1506 duobus.
1135 1449 1234 1506 Est
1260 1450 1405 1506 enim
1431 1466 1464 1506 a
1490 1449 1702 1506 duobus
1736 1451 1799 1506 in·
1834 1458 2099 1523 quantum
2124 1459 2249 1508 sunt
2276 1469 2473 1524 unum,

463 1555 589 1599 oum
615 1540 778 1596 Pater
802 1543 858 1596 et
883 1539 1050 1596 Filius
1069 1540 1180 1596 sint
1202 1555 1371 1597 unum
1397 1539 1732 1612 principium*
1749 1539 2203 1612 Spiritus-sancti.

1227 1709 1511 1779 CAPUT
1591 1710 1713 1778 XI.

677 1849 982 1926 Quomodo
1023 1850 1422 1930 intezziqitum
1454 1850 1617 1930 quoa
1642 1849 1855 1947 Filios
1881 1821 1975 1914 sii
1994 1851 2062 1914 in
2084 1853 2281 1916 Patre

1121 1939 1283 2002 siout
1305 1940 1372 2001 in
1392 1955 1507 2000 sua
1534 1939 1817 2018 imaqine.

537 2072 728 2130 Adhuc
772 2077 957 2128 autem
993 2071 1212 2129 videtur
1257 2086 1378 2126 esse
1408 2069 1585 2142 magis
1627 2069 1883 2141 dubium,
1932 2072 2081 2145 quod
2136 2071 2471 2133 Athanasius

464 2155 600 2218 dicit
624 2160 677 2216 in
707 2159 951 2232 Epistola
976 2159 1046 2216 ad
1067 2159 1420 2232 Serapionem
1453 2175 1467 2213 ε
1502 2178 1529 2211 α
1556 2157 1725 2214 Filius
1772 2165 1867 2216 est·
1897 2160 1953 2216 in
1998 2177 2099 2218 suo
2142 2164 2307 2221 Patre
2344 2174 2475 2222 tan-

466 2265 632 2322 quam
657 2251 711 2304 in
739 2249 957 2322 propria
985 2263 1085 2304 sua
1114 2249 1371 2320 imagine.
1408 2266 1435 2300 »
1461 2248 1584 2305 Non
1608 2248 1754 2304 enim
1794 2249 1957 2307 Pater
1996 2257 2079 2306 est
2117 2252 2299 2324 imago
2322 2253 2469 2320 Filii,

467 2339 562 2392 sed
595 2339 770 2408 magis
793 2335 962 2394 Filius
985 2345 1070 2393 est
1099 2336 1280 2408 imago
1307 2335 1507 2393 Patris·
1527 2335 1634 2393 Sed
1664 2337 1975 2404 dicendum,
2003 2340 2149 2412 quod
2180 2340 2361 2413 imago
2388 2342 2480 2399 hic

465 2425 765 2497 improprie
800 2425 1034 2480 sumitur
1083 2440 1181 2496 pro
1214 2423 1533 2498 exemplari.
1563 2425 1655 2482 Sie
1700 2426 1846 2482 enim
1878 2429 2209 2502 quandoque
2244 2429 2476 2487 abusive

469 2513 758 2584 accipitur.

1209 2659 1493 2751 CAPUT
1570 2684 1723 2775 ΧΠ.
1762 2633 1765 2638 ’

717 2821 1022 2898 Quomodo
1058 2823 1455 2904 intelliq-itur,
1488 2826 1663 2905 quod.
1687 2824 1965 2908 Spiritus
1988 2833 2241 2893 sanctus

1173 2912 1259 2973 sit
1303 2911 1552 2978 Verbum
1588 2911 1771 2978 Filii.

537 3045 674 3100 Item
704 3045 918 3101 videtur
945 3059 1066 3100 esse
1101 3043 1315 3111 falsum,
1341 3045 1489 3117 quod
1518 3045 1748 3103 Basilius
1784 3047 1921 3104 dicit
1948 3048 2005 3104 in
2039 3049 2202 3107 tertio
2225 3065 2483 3109 sermone

467 3133 536 3190 de
565 3133 768 3206 Spiritu
797 3141 989 3189 sancto
1027 3139 1216 3187 eontra
1246 3131 1571 3189 Eunomium
1600 3132 1920 3192 haereticum
1961 3152 1975 3193 ε
2008 3158 2035 3191 α
2068 3138 2242 3209 Sicut,
2274 3140 2479 3215 inquit,

419 3275 426 3278 .
463 3222 636 3279 Filius
669 3238 728 3276 se
757 3221 920 3277 habet
948 3220 1017 3276 ad
1045 3221 1276 3288 Patrem,
1309 3220 1502 3277 eodem
1532 3223 1692 3281 modo
1717 3223 2199 3296 Spiritussanetus
2225 3246 2286 3284 se
2314 3231 2485 3288 habet

469 3311 538 3367 ad
580 3309 796 3366 Filium.
851 3328 876 3360 »
921 3310 988 3364 Et
1026 3317 1248 3382 propter
1281 3307 1391 3365 'hoc
1436 3309 1656 3379 dieitur,
1708 3314 1853 3384 quod
1898 3313 2135 3371 Verbum
2178 3318 2359 3375 Patris
2396 3327 2485 3374 est

466 3399 654 3469 Filius,
698 3396 937 3455 Verbum
981 3406 1166 3454 autem
1205 3397 1326 3454 Filii
1360 3397 1586 3471 spiritus
1634 3416 1649 3454 ε
1686 3399 1902 3467 Portat,
1942 3403 2122 3476 inquit
2161 3402 2480 3479 Apostolus·²

467 3487 648 3549 omnia
674 3487 833 3563 oerba
855 3486 1076 3544 virtutis
1098 3502 1230 3542 suoe.
1262 3486 1503 3546 Verbum
1522 3486 1691 3556 enim,
1726 3495 1788 3544 ut
1816 3493 2047 3563 August.
2080 3493 2218 3551 dicit
2250 3493 2304 3550 iu
2341 3493 2484 3551 libro

468 3577 537 3632 de
566 3576 855 3641 Trinitate‚
899 3575 1046 3632 solus
1077 3575 1245 3632 Filius
1283 3583 1386 3632 est.
1415 3575 1572 3634 Unde
1600 3582 1656 3633 et
1678 3578 1916 3636 loannes
1955 3595 2152 3638 nomen
2189 3570 2351 3638 Verbi
2380 3599 2486 3655 pro

467 3665 687 3721 nomine
709 3662 828 3719 Filii
856 3663 1030 3736 ponit.
1053 3663 1196 3720 Nam
1220 3663 1276 3720 in
1305 3664 1574 3738 principio
1602 3665 1685 3721 sui
1710 3664 1990 3740 Evangelii
2016 3667 2152 3726 dicit
2185 3687 2198 3724 z
2226 3669 2293 3727 In
2310 3671 2488 3744 prin-

467 3751 612 3826 cipio
651 3759 770 3808 erat
817 3750 1062 3809 Verbum.
1094 3750 1199 3821 Qui
1229 3750 1396 3810 etiam
1433 3752 1489 3809 in
1528 3769 1628 3808 sua
1666 3753 1940 3814 Canonioa
1968 3757 2107 3815 dioit
2144 3775 2157 3812 ε
2200 3758 2329 3816 Tres
2355 3767 2487 3818 sunt

468 3841 562 3911 qui
587 3840 943 3898 testimonium
971 3839 1102 3896 dant
1129 3840 1190 3896 in
1215 3840 1374 3908 Goelo,
1402 3841 1592 3910 Pater,
1630 3841 1879 3911 Verbum,
1907 3853 1961 3904 et
1982 3846 2221 3920 Spiritus
2242 3854 2483 3906 sanetus.

467 3927 587 3984 Neo
615 3927 800 3996 refert,
831 3928 879 3985 si
918 3929 1043 4002 quis
1066 3929 1481 3989 translationem
1528 3935 1723 4000 mutet,
1762 3938 1825 3988 ut
1853 3932 1973 3991 loeo
2007 3935 2159 3992 verbi
2202 3935 2489 4012 eloquium
