2850 4517
536 346 651 409 154
982 364 1064 411 ,8.
1108 364 1341 407 'rnomAE
1382 363 1712 413 AQUINA'rtS
1753 362 2062 405 ornacum

534 481 713 537 tiones
753 480 947 553 gratiae
990 479 1206 554 penitus
1244 486 1515 552 separatae
1557 487 1703 534 sunt.
1745 478 1823 533 Ex
1870 494 1934 533 eo
1963 476 2110 533 enim
2145 474 2351 547 aliquid
2381 473 2546 531 alteri

533 570 707 642 gratis
748 570 928 636 datur,
957 569 1087 643 quia
1115 569 1163 627 is
1196 569 1283 624 cui
1312 569 1496 635 datur,
1529 574 1718 639 gratus
1764 574 1850 623 est
1888 566 2043 623 danti
2080 563 2167 621 vel
2195 563 2542 637 simpliciter,

534 659 621 715 vel
644 657 941 714 secundum
970 658 1124 732 quid.
1154 657 1764 729 Simpliciter-quidem,
1791 656 2011 729 quando
2043 654 2111 709 ad
2141 652 2244 710 hoc
2273 652 2546 725 recipiens

534 753 725 819 gratus
749 755 831 803 est
872 747 1045 814 danti,
1079 755 1141 803 ut
1168 763 1295 803 eum
1330 746 1436 803 sibi
1465 747 1762 818 conjungat
1799 744 2099 801 secundum
2140 743 2383 817 aliquem
2421 756 2548 797 mo·-

534 837 683 893 dum.
716 837 827 892 Hos
858 836 1003 892 enim
1031 851 1171 909 quos
1198 841 1385 908 gratos
1417 835 1699 902 habemuS,
1735 834 1892 891 nobis
1917 848 2177 907 proposse
2213 832 2547 889 attrahimus

534 926 835 983 secundum
861 926 1227 1000 quantitatem
1265 930 1321 981 et
1349 925 1590 993 modum,
1623 940 1732 997 quo
1775 923 1932 980 nobis
1959 920 2408 999 grati-existunt.
2439 922 2548 978 Se-

534 1015 773 1073 cundum
794 1016 924 1089 quid
954 1024 1158 1083 autem,
1186 1015 1404 1087 quando
1427 1015 1494 1071 ad
1521 1014 1624 1070 hoc
1652 1013 1921 1087 recipiens
1953 1010 2143 1085 gratus
2171 1017 2256 1067 est
2284 1008 2459 1078 danti,
2485 1016 2548 1067 ut

536 1102 746 1177 aliquid
783 1103 854 1159 ab
880 1119 945 1160 eo
973 1103 1221 1176 recipiat,
1251 1120 1357 1160 non
1394 1110 1579 1161 autem
1606 1103 1674 1158 ad
1707 1100 1808 1158 hoc
1838 1108 1901 1157 ut
1930 1108 2243 1158 assumatur
2267 1099 2338 1156 ab
2374 1100 2494 1172 ipso
2527 1114 2545 1155 t

536 1193 681 1250 unde
716 1197 871 1266 patet
914 1193 1059 1265 quod
1086 1191 1260 1249 omnis
1301 1193 1396 1267 qui
1435 1192 1600 1269 habet
1635 1190 1892 1265 gratiam,
1937 1188 2144 1263 aliquid
2186 1188 2354 1247 habet
2395 1188 2549 1262 quod

537 1284 710 1355 gratis
724 1283 920 1351 datur,
953 1298 1058 1339 non
1100 1289 1286 1339 autem
1312 1282 1506 1357 'omnis
1539 1281 1634 1355 qui
1663 1280 1828 1337 habet
1869 1280 2077 1352 aliquid
2113 1278 2288 1351 gratis
2328 1278 2545 1345 datum,

538 1379 728 1445 gratus
752 1372 907 1428 danti
948 1372 1155 1435 existit,
1202 1378 1257 1427 et
1300 1371 1422 1427 ideo
1461 1370 1660 1443 duplex
1707 1369 1886 1441 gratia
1933 1368 2198 1439 distingui
2231 1366 2392 1435 solet,
2439 1366 2550 1422 una

538 1461 749 1518 scilicet
777 1478 903 1535 quae
926 1462 1101 1517 solum
1130 1460 1301 1533 gratis
1338 1467 1423 1516 est
1451 1460 1581 1516 data
1615 1475 1628 1514 :
1668 1458 1774 1514 alia
1797 1474 1921 1531 quae
1945 1458 2112 1514 etiam
2139 1462 2360 1529 gratum
2389 1455 2550 1511 facit.

538 1551 732 1607 Gratia
760 1560 944 1607 autem
972 1550 1090 1605 dari
1119 1549 1340 1615 dicitur,
1370 1547 1518 1621 quod
1553 1562 1898 1621 nequaquam
1937 1554 2021 1602 est
2049 1544 2316 1601 debitum.
2353 1543 2552 1617 Dupli-

538 1639 679 1696 citer
702 1648 885 1696 autem
914 1637 1122 1712 aliquid
1146 1637 1393 1695 debitum
1424 1638 1633 1695 existit.
1659 1638 1779 1693 Uno
1809 1636 2030 1710 quidem
2057 1635 2218 1690 modo
2243 1632 2551 1691 secundum

539 1735 795 1783 naturam
826 1746 840 1783 z
868 1727 975 1783 alio
1000 1727 1179 1795 mode,
1208 1727 1507 1783 secundum
1537 1726 1930 1800 operationem.
1957 1724 2266 1783 Secundum
2293 1730 2552 1779 naturam

542 1819 761 1891 quidem
790 1817 1037 1874 debitum
1078 1823 1163 1875 est
1191 1818 1289 1886 rei,
1317 1818 1464 1892 quod
1509 1816 1641 1873 ordo
1671 1814 1939 1873 naturalis
1980 1814 2057 1871 rei
2101 1813 2370 1887 exposcit,
2403 1814 2551 1869 sicut

541 1900 785 1965 debitum
829 1912 912 1963 est
945 1906 1149 1963 homini
1192 1907 1340 1981 quod
1380 1906 1580 1963 habeat
1609 1906 1899 1974 rationem,
1933 1910 1986 1961 et
2029 1920 2245 1973 manus,
2273 1911 2329 1959 et
2354 1903 2548 1975 pedes·

541 1988 849 2054 Secundum
892 1996 1267 2069 operationem
1314 2004 1519 2065 autem,
1568 1994 1714 2052 sicut
1756 2010 1967 2051 merces
2007 1994 2252 2066 operanti
2291 1992 2551 2048 debetur.

540 2086 636 2142 llla
661 2101 789 2157 ergo
821 2085 964 2143 dona
988 2090 1117 2141 sunt
1148 2084 1461 2142 hominibus
1487 2085 1753 2141 divinitus
1781 2084 1955 2156 gratis
1977 2082 2128 2152 data,
2156 2097 2281 2155 quae
2309 2086 2367 2135 et
2397 2080 2554 2136 ordi-

542 2190 666 2231 nem
690 2180 903 2231 naturae
930 2174 1219 2240 excedunt,
1249 2180 1303 2229 et
1333 2173 1545 2229 meritis
1574 2189 1680 2230 non
1710 2174 2088 2247 acquiruntur,
2118 2170 2373 2244 quamvis
2404 2178 2460 2227 et
2489 2185 2552 2226 ea

541 2279 667 2335 quae
686 2279 793 2341 pro
820 2262 1030 2319 meritis
1060 2261 1322 2317 divinitus
1359 2260 1558 2317 dantur
1588 2261 1860 2318 interdum
1883 2261 2079 2335 gratiae
2112 2275 2308 2316 nomen
2339 2258 2428 2315 vel
2459 2276 2555 2317 ra·
2631 2264 2640 2273 ‘

544 2353 746 2407 tionem
773 2366 880 2407 non
909 2350 1185 2417 amittant,
1211 2357 1329 2406 tum
1353 2349 1484 2423 quia
1511 2351 1837 2424 principium
1868 2349 2114 2407 merendi
2138 2350 2242 2405 fuit
2267 2364 2299 2405 a
2324 2349 2508 2421 gratia
2537 2364 2551 2404 ι

545 2448 661 2497 tum
692 2440 858 2497 etiam
886 2438 1015 2511 quia
1052 2439 1588 2511 superabundantius
1625 2440 1844 2509 dantur,
1877 2456 2043 2514 quam
2085 2440 2283 2495 merita
2310 2438 2555 2495 humana

545 2529 826 2601 requirant
850 2528 992 2585 sicut
1020 2527 1222 2585 dicitur
1253 2530 1413 2587 Rom.
1442 2546 1502 2587 v1
1533 2547 1547 2587 ε
1576 2530 1772 2586 Gratia
1808 2528 1907 2586 Dei
1941 2530 2057 2587 vita
2084 2535 2306 2587 aelerna.
2342 2529 2556 2600 Hujus-

545 2618 691 2673 modi
736 2626 921 2674 autem
961 2618 1227 2675 donorum
1252 2620 1505 2692 quaedam
1531 2619 1753 2693 quidem
1777 2626 1833 2675 et
1854 2625 2065 2677 naturae
2095 2619 2350 2675 humanae
2374 2618 2556 2674 sacul-

547 2714 716 2763 tatem
744 2707 1034 2776 excedunt,
1063 2716 1118 2765 et
1145 2709 1353 2766 meritis
1383 2726 1485 2765 non
1516 2709 1835 2771 redduntur,
1866 2724 1972 2764 non
1999 2714 2183 2765 tamen
2208 2723 2275 2763 ex
2303 2707 2409 2763 hoc
2435 2706 2556 2781 ipso

545 2795 693 2869 quod
722 2794 880 2852 homo
910 2812 975 2855 ea
994 2796 1160 2854 habet
1183 2798 1433 2855 redditur
1457 2800 1570 2855 Deo
1591 2806 1799 2870 gratae,
1827 2797 1971 2854 sicut
1990 2797 2195 2853 donum
2218 2796 2552 2869 Prophetiae‚

544 2884 935 2941 miraculorum
972 2886 1323 2959 operationiS,
1356 2887 1621 2955 scientiae,
1664 2894 1719 2943 et
1747 2885 2032 2953 doctrinae,
2076 2884 2164 2943 vel
2202 2884 2247 2939 si
2277 2900 2389 2958 qua
2419 2884 2558 2941 talia

545 2972 811 3031 divinitus
854 2974 1230 3032 conferuntur.
1271 2977 1374 3031 Per
1418 2975 1536 3031 haec
1577 2972 1742 3041 enim,
1775 2982 1832 3031 et
1877 2974 2210 3046 hujusmodi,
2242 2972 2405 3029 homo
2448 2989 2556 3029 non

546 3063 895 3134 conjungitur
934 3064 1070 3133 De0,
1114 3064 1219 3119 nisi
1264 3063 1402 3118 forte
1448 3080 1544 3136 per
1587 3063 1999 3120 similitudinem
2041 3062 2360 3136 quamdam,
2389 3068 2558 3135 prout

476 3214 481 3226 Ι
546 3149 756 3222 aliquid
781 3151 849 3207 de
877 3151 1005 3223 ejus-
1023 3150 1269 3208 bonitate
1303 3152 1614 3225 participat,
1645 3169 1742 3225 per
1774 3168 1939 3226 quem
1974 3152 2196 3209 modum
2226 3152 2411 3229 omnia
2437 3152 2559 3207 Deo

478 3239 483 3250 '
548 3236 877 3294 similantur.
922 3238 1185 3308 Quaedam
1213 3255 1342 3296 vero
1386 3240 1662 3297 hominem
1705 3242 1814 3297 Deo
1851 3249 2069 3313 gratum
2112 3240 2368 3307 reddunt,
2402 3248 2464 3296 et
2507 3238 2557 3296 ei

548 3327 903 3399 conjungunt.
932 3328 1001 3383 Et
1028 3327 1335 3401 hujusmodi
1364 3329 1507 3386 dona
1531 3346 1636 3386 non
1663 3330 1836 3386 solum
1863 3332 2058 3403 gratiae
2087 3330 2364 3397 dicuntur,
2395 3345 2468 3385 ex
2493 3345 2559 3385 eo

548 3416 696 3488 quod
723 3416 893 3487 gratis
911 3416 1129 3484 dantur,
1159 3418 1255 3474 sed
1279 3435 1346 3473 ex
1366 3434 1430 3475 eo
1461 3420 1606 3492 quod
1629 3419 1901 3475 hominem
1930 3418 2139 3476 faciunt
2166 3420 2280 3474 Deo
2307 3426 2558 3489 gratum.

502 3524 509 3533 ·
548 3506 870 3575 Conjunctio
894 3513 1081 3563 autem
1106 3505 1340 3563 hominis
1376 3507 1445 3563 ad
1481 3509 1654 3564 Deum
1679 3516 1761 3565 est
1789 3508 2007 3581 duplex.
2038 3510 2159 3565 Una
2201 3512 2428 3581 quidem
2462 3526 2588 3582 per,

549 3611 595 3649 a.
658 3601 913 3659 ctionem,
946 3600 1003 3649 et
1040 3592 1159 3650 haec
1188 3600 1272 3649 est
1318 3612 1413 3667 per
1441 3594 1783 3662 charitatem,
1817 3610 1942 3669 quae
1975 3594 2379 3667 quodammodo
2419 3594 2562 3652 facit

547 3699 644 3753 per
701 3679 1047 3735 affectionem
1100 3679 1371 3737 hominem
1431 3698 1600 3736 unum
1653 3692 1775 3738 cum
1827 3683 1971 3747 Dee,
2029 3682 2329 3737 secundum
2393 3682 2559 3738 illud.

546 3769 573 3823 1
601 3770 807 3824 Corint.
840 3784 901 3824 vt
930 3784 945 3823 ι
976 3768 1079 3835 Qui
1100 3768 1336 3826 adhaeret
1364 3767 1494 3845 Deo,
1518 3786 1657 3826 unus
1683 3769 1912 3842 spiritus
1951 3777 2045 3825 ese.
2083 3771 2185 3826 Per
2214 3769 2354 3825 hanc
2382 3772 2560 3827 etiarn

550 3856 697 3912 Deus
720 3856 991 3914 hominem
1020 3857 1307 3926 inhabitat,
1333 3860 1634 3915 secundum
1663 3860 1793 3915 illud
1822 3860 1976 3917 Joan.
2003 3876 2110 3935 xiv
2131 3859 2234 3938 τιδι’
2263 3856 2383 3931 quis
2419 3859 2564 3916 dili-

550 3949 635 4015 ρει
666 3960 770 4010 me,
793 3962 1083 4003 sermonem
1122 3964 1295 4005 meum
1330 3946 1584 4013 servabit,
1615 3954 1667 4005 et
1696 3955 1854 4020 pater
1889 3964 2035 4005 meus
2079 3947 2267 4019 diliyet
2313 3962 2458 4014 eum,
2513 3957 2565 4006 et
