2850 4517
526 416 641 477 162
998 434 1048 476 s.
1094 432 1327 477 'monus
1368 430 1695 482 Aeumms
1737 430 2048 475 croscum

522 546 784 615 ex‘bibita,
805 541 1003 606 animae
1030 540 1237 606 Christi¹
1259 565 1385 624 quae
1412 556 1498 605 est
1526 554 1904 605 creaturarum
1923 544 2398 614 excellentissima,
2429 544 2530 603 de-

522 636 770 708 neganda
794 644 896 705 est,
929 638 1314 695 convenienter
1343 644 1545 711 praeter
1567 638 1954 711 cognitionem,
1975 628 2092 711 qua'
2111 635 2208 692 Dei
2231 636 2528 692 essentiam

522 726 689 795 videt,
716 734 773 783 et
814 726 995 784 omnia
1039 729 1093 784 in
1124 727 1259 801 ipsa,
1292 727 1488 801 triplex
1515 727 1624 784 alia
1669 726 1910 800 cognitio
1951 734 2036 782 est
2061 726 2111 783 ei
2154 725 2526 782 attribuenda.

519 815 639 871 Una
672 815 894 889 quidem
922 832 991 873 ex
1008 816 1399 889 perimentalis,
1445 817 1587 873 sicut
1624 816 1746 872 aliis
1786 809 2115 884 hominibus,
2161 814 2214 871 in
2261 820 2532 888 quantum

522 904 705 978 aliqua
732 922 831 980 per
852 921 1044 963 sensus
1067 905 1324 979 cognovit
1346 911 1406 964 ut
1433 906 1697 979 competit
1715 904 1972 963 humanae
2001 912 2232 961 naturae.
2254 902 2376 960 Alia
2395 920 2533 959 vero

519 994 786 1051 divinitus
824 995 1023 1061 infusa,
1075 995 1160 1073 ad*
1185 996 1563 1069 cognoscenda
1604 988 1787 1052 omnia
1826 994 1943 1063 illa,
1988 993 2058 1051 ad
2099 1010 2225 1067 qnae
2259 992 2535 1049 naturalis

520 1084 763 1155 cognitio
806 1081 1046 1141 hominis
1087 1100 1147 1140 se
1180 1085 1447 1153 extendit,
1489 1084 1575 1141 vel
1619 1084 1913 1141 extendere
1959 1091 2160 1156 potest.
2190 1082 2535 1138 Conveniens

522 1173 669 1228 enim
697 1172 818 1240 fuit,
848 1180 909 1231 ut
937 1173 1173 1231 humana
1216 1180 1413 1231 natura
1460 1190 1493 1231 a
1538 1174 1638 1229 Dei
1685 1172 1852 1230 verbo
1895 1178 2176 1245 assumpta
2215 1172 2272 1227 in
2313 1170 2459 1228 nullo
2499 1187 2534 1227 a

485 1302 492 1308 .
529 1260 859 1333 perfectione
883 1262 1161 1331 deficeret,
1191 1269 1379 1336 utpote
1407 1279 1506 1336 per
1535 1278 1700 1337 quam
1737 1269 1854 1319 tota
1901 1261 2138 1317 humana
2184 1266 2378 1318 natura
2408 1274 2536 1316 res-

524 1351 792 1409 tauranda
830 1360 995 1409 esset.
1014 1352 1110 1409 Est
1149 1360 1334 1409 autem
1375 1340 1756 1425 imperfectum
1799 1366 1958 1407 omne
2001 1340 2155 1423 quod
2192 1350 2244 1406 in
2284 1349 2534 1422 potentia

524 1442 709 1498 existit
733 1436 1029 1515 antequam
1057 1442 1351 1499 reducatur
1380 1440 1434 1499 in
1465 1449 1672 1499 actum.
1696 1440 2017 1498 Intellectus
2043 1445 2226 1497 autem
2256 1436 2534 1495 humanus

524 1532 684 1587 estin
719 1532 964 1604 potentia
990 1532 1057 1587 ad
1092 1530 1474 1602 intelligibilia,
1505 1546 1630 1605 quae
1660 1530 1984 1587 naturaliter
2020 1529 2180 1585 homo
2229 1527 2536 1599 intelligere

524 1625 724 1695 potest.
750 1620 1007 1677 Omnium
1033 1620 1203 1691 igitur
1242 1620 1436 1677 horum
1481 1619 1769 1677 scientiam
1807 1618 2074 1675 divinitus
2115 1618 2298 1675 anima
2323 1617 2530 1675 Christi

526 1726 624 1781 per
662 1704 873 1784 species
910 1709 1143 1768 inflexas
1183 1711 1396 1783 accepit
1432 1726 1529 1782 per
1569 1710 1692 1777 hoc,
1726 1708 1873 1783 quod
1914 1717 2032 1766 tota
2075 1709 2319 1781 potentia
2361 1707 2535 1765 intel-

528 1798 702 1856 lectus
733 1800 952 1857 humani
983 1798 1087 1855 fuit
1125 1798 1352 1856 reducta
1394 1799 1463 1855 ad
1499 1804 1707 1857 actum.
1735 1798 1840 1856 Sed
1888 1799 2018 1873 quia
2059 1798 2305 1854 Christus
2329 1813 2534 1855 secun-

524 1889 657 1946 dum
694 1889 989 1947 humanam
1018 1896 1283 1947 ¹naturam
1328 1906 1436 1947 non
1473 1890 1648 1945 solum
1691 1888 1795 1944 fuit
1841 1894 2125 1962 reparator
2171 1894 2400 1956 naturae,
2432 1889 2532 1944 sed

528 1986 585 2035 et
623 1981 817 2051 gratiae
848 1986 1190 2053 prorogator,
1224 1971 1380 2036 affuit
1416 1979 1467 2035 ei
1505 1980 1674 2035 etiam
1704 1976 2157 2057 tertia·cogniti0,
2187 1995 2296 2052 qua
2324 1976 2534 2052 plenis-

532 2070 669 2125 sime
714 2070 970 2143 cognovit
1019 2068 1287 2143 quidquid
1340 2068 1410 2125 ad
1457 2070 1722 2143 mysteria
1766 2068 1961 2139 gratiae
2001 2074 2182 2143 potest
2231 2067 2533 2141 pertinere,

528 2174 652 2231 quae
673 2159 978 2216 naturalem
1006 2158 1241 2214 hominis
1276 2157 1644 2229 cognitionem
1667 2156 1958 2218 excedunt.
1990 2158 2096 2214 Sed
2130 2165 2536 2237 cognoscuntur

532 2248 602 2304 ab
626 2248 932 2304 hominibus
969 2263 1067 2319 per
1092 2248 1294 2303 donum
1328 2246 1632 2318 sapientiae,
1679 2245 1765 2302 vel
1792 2262 1890 2319 per
1913 2246 2166 2319 spiritum
2204 2234 2534 2319 Prophetiae.

444 2384 450 2389 .
524 2338 666 2392 Nam
703 2336 771 2391 ad
800 2335 1109 2408 hujusmodi
1138 2335 1516 2407 cognoscenda
1540 2342 1624 2393 est
1661 2336 1717 2391 in
1741 2336 1987 2409 potentia
2014 2334 2325 2392 intellectus
2350 2334 2539 2393 huma·
2643 2358 2660 2375 ·

527 2438 650 2491 nuS,
697 2422 823 2480 licet
852 2422 1033 2479 altiori
1076 2430 1271 2495 agente
1310 2412 1604 2482 re'ducatur
1647 2425 1701 2481 in
1732 2430 1934 2481 actum.
1977 2426 2118 2483 Nam
2161 2425 2232 2481 ad
2261 2424 2538 2482 naturalia

528 2517 902 2583 cognoscenda
934 2513 1211 2569 reducitur
1250 2512 1303 2569 in
1348 2520 1531 2571 actum
1572 2531 1670 2587 per
1708 2513 1890 2571 lumen
1917 2514 2231 2571 intellectus
2275 2515 2534 2586 agentis:

525 2599 721 2655 horum
744 2606 928 2657 autem
952 2590 1316 2673 cognitionem
1346 2603 1702 2675 consequitur
1726 2620 1820 2674 per
1851 2602 2030 2659 lumen
2071 2602 2334 2658 divinum.
2375 2602 2540 2657 Patet

526 2688 696 2760 igitur
718 2706 785 2745 ex
810 2690 1103 2763 praedictiS,
1138 2692 1282 2765 quod
1312 2692 1496 2749 anima
1523 2691 1724 2748 Christi
1751 2694 2023 2748 summum
2049 2690 2372 2765 cognitionis
2402 2708 2540 2763 gra-

526 2778 657 2835 dum
699 2780 841 2836 inter
874 2788 1102 2838 caeteras
1130 2790 1410 2839 creaturas
1439 2782 1676 2838 obtinuit
1714 2788 1980 2855 quantum
2007 2782 2078 2837 ad
2119 2780 2219 2837 Dei
2247 2780 2536 2848 visionem,

523 2886 634 2943 qua
660 2870 761 2927 Dei
789 2873 1024 2929 essentia
1050 2872 1283 2942 videtur,
1316 2881 1369 2929 et
1400 2871 1508 2929 alia
1533 2872 1585 2927 in
1619 2872 1755 2945 ipsa.
1783 2872 1962 2927 Etiam
1990 2869 2242 2926 similiter
2265 2876 2542 2945 quantum

531 2960 601 3016 ad
629 2960 995 3033 cognitionem
1022 2964 1406 3036 mysteriorum
1434 2963 1647 3035 gratiae,
1681 2977 1782 3018 nec
1817 2977 1926 3017 non
1953 2967 2217 3033 quantum
2247 2960 2315 3017 ad
2341 2962 2544 3033 cogni-

532 3050 737 3105 tionem
774 3051 1103 3107 naturalium
1144 3052 1415 3109 scibilium
1449 3069 1462 3105 :
1495 3052 1636 3107 unde
1665 3051 1719 3106 in
1745 3049 1893 3107 nulla
1929 3050 2123 3107 harum
2152 3051 2316 3107 trium
2341 3051 2544 3123 cogni-

534 3139 743 3194 tionum
780 3140 1025 3196 Christus
1052 3141 1315 3213 proficere
1342 3140 1543 3214 potuit.
1571 3140 1677 3197 Sed
1718 3140 2064 3197 manifestum
2107 3146 2210 3209 est,
2259 3138 2409 3214 quod
2450 3154 2546 3197 res

534 3226 816 3283 sensibiles
862 3246 961 3301 per
1002 3229 1263 3302 temporis
1306 3229 1706 3285 successionem
1747 3230 1922 3302 magis
1966 3246 2033 3286 ac
2071 3230 2245 3302 magis
2286 3228 2546 3285 sensibus

530 3316 775 3390 corporis
802 3318 1127 3397 experiendo
1162 3318 1438 3389 cognovit.
1468 3318 1537 3373 Et
1567 3318 1689 3375 ideo
1736 3319 1910 3375 solum
1938 3329 2204 3393 quantum
2234 3320 2303 3375 ad
2342 3320 2548 3392 cogni—

528 3397 732 3463 tionem
756 3408 1234 3481 experimentalem
1260 3408 1507 3465 Christus
1536 3410 1712 3481 potuit
1742 3410 2020 3480 proficere,
2049 3410 2348 3466 secundum
2376 3408 2546 3465 illud.

430 3500 439 3507 “
526 3496 660 3552 Luc.
702 3511 745 3553 η
776 3514 789 3551 :
824 3496 982 3553 Puer
1002 3496 1312 3568 proficiebat
1352 3497 1639 3569 sapientia,
1671 3506 1720 3553 et
1764 3505 1918 3555 aetate
1943 3514 1963 3555 .·
1993 3500 2246 3572 quamvis
2271 3504 2454 3572 posset
2483 3508 2550 3555 et

526 3586 631 3641 hoc
656 3586 814 3641 aliter
842 3578 1091 3657 intelligi,
1124 3592 1182 3641 ut
1208 3586 1483 3660 profectus
1507 3587 1791 3660 sapientiae
1817 3588 2018 3645 Christi
2043 3589 2258 3645 dicatur
2283 3604 2390 3645 non
2429 3607 2552 3663 quo

528 3675 645 3748 ipse
676 3676 735 3729 fit
758 3672 1077 3749 sapientior,
1108 3675 1203 3731 sed
1234 3694 1341 3749 quo
1367 3677 1634 3749 sapientia
1671 3678 1987 3749 proficiebat
2017 3676 2072 3733 in
2099 3678 2240 3745 aliie,
2268 3680 2399 3751 quia
2424 3680 2552 3735 sci-

528 3765 656 3820 licet
699 3780 799 3837 per
838 3766 958 3837 ejus
985 3764 1309 3838 sapientiam
1350 3768 1527 3839 magis
1573 3782 1637 3823 ac
1684 3767 1856 3839 magis
1898 3766 2332 3835 instruebantur.
2379 3766 2552 3837 Quod

531 3854 898 3923 dispensative
936 3854 1140 3911 factum
1182 3863 1283 3923 est,
1313 3863 1374 3912 ut
1396 3874 1456 3913 se
1500 3856 1621 3911 aliis
1661 3856 1973 3913 hominibus
2000 3856 2335 3916 conformem
2363 3865 2560 3917 osten·

532 3941 705 4007 deret,
738 3960 805 4007 ne
827 3945 873 3998 si
906 3945 961 4000 in
987 3946 1179 4017 puerili
1220 3953 1385 4003 aetate
1409 3946 1705 4020 perfectam
1729 3946 2056 4020 sapientiam
2082 3948 2553 4021 demonstrasset,

534 4030 925 4090 incarnationis
951 4036 1269 4108 mysterium
1297 4036 1698 4109 phantasticum
1723 4036 2022 4097 videretur.
