2850 4517
529 315 646 379 144
1003 330 1057 379 s.
1100 327 1334 373 ‘monas
1375 321 1702 377 munzuns
1742 321 2054 370 croscum

527 450 643 523 pati
671 464 779 505 non
805 445 1095 521 potuisset,
1126 444 1337 510 scilicet
1360 444 1505 517 quod
1546 441 1859 499 traderetur
1902 440 1958 495 in
2001 454 2194 496 manus
2229 439 2538 512 hominum,

528 538 674 611 quod
730 539 1141 609 conspueretur,
1198 531 1586 604 flagellaretur,
1645 530 2082 601 crucifigeretur.
2146 529 2344 585 Dicere
2409 545 2540 602 ergo

528 628 805 684 Christum
836 639 1021 681 veram
1045 638 1267 679 carnem
1294 637 1404 678 non
1430 620 1705 685 habuisse,
1726 635 1829 674 nec
1854 618 2167 690 hujusmodi
2198 617 2252 673 in
2277 617 2538 683 veritate,

530 716 627 773 sed
652 714 826 771 solum
850 713 905 770 in
923 713 1212 789 phantasia
1237 727 1363 767 eum
1386 709 1556 766 fuisse
1581 724 1917 782 perpessum,
1933 713 2016 763 est
2041 706 2229 763 Chrito
2261 708 2542 780 imponere

529 803 846 861 falsitatem.
873 787 1086 868 Adhuc,
1117 816 1305 856 veram
1328 799 1640 872 opinionem
1665 814 1695 855 a
1724 796 1983 853 cordibus
2021 796 2304 853 hominum
2354 812 2542 852 remo-

530 910 676 961 vere,
708 899 794 949 est
816 890 1051 949 hominis
1076 889 1287 945 fallacis
1320 906 1332 943 :
1360 888 1610 945 Christus
1635 893 1822 943 autem
1843 886 1986 943 banc
2011 886 2326 959 opinionem
2351 900 2384 943 a
2413 902 2544 942 cor-

529 982 691 1038 dibus
718 979 1110 1052 discipulorum
1141 978 1395 1033 removit.
1429 977 1565 1033 Cum
1601 975 1748 1031 enim
1774 980 1903 1048 post
1934 974 2394 1031 resurrectionem
2423 974 2545 1029 dis-

530 1069 726 1143 cipulis
755 1068 1027 1142 apparuit,
1060 1066 1154 1139 qui
1187 1081 1311 1121 eum
1335 1064 1609 1137 spiritum,
1643 1064 1728 1121 vel
1753 1064 2075 1137 phantasma
2103 1078 2222 1120 esse
2250 1063 2545 1119 existima-

529 1160 682 1227 bant,
707 1158 775 1215 ad
814 1156 1124 1229 hujusmodi
1166 1156 1534 1228 suspicionem
1589 1155 1658 1210 de
1692 1154 1950 1210 cordibus
1997 1168 2186 1209 eorum
2240 1152 2543 1209 tollendam

531 1248 669 1305 dixit
700 1265 713 1303 2
740 1247 981 1318 Palpate,
1009 1252 1058 1301 et
1095 1244 1282 1309 videte,
1310 1243 1438 1315 quia
1479 1242 1707 1315 spiritus
1733 1258 1950 1297 carnem
1995 1248 2045 1297 et
2083 1258 2203 1297 ossa
2237 1258 2344 1297 non
2387 1240 2543 1298 habet

532 1338 667 1393 sicut
697 1335 986 1391 me‘videtis
1012 1334 1220 1399 habere,
1239 1341 1295 1389 et
1326 1333 1382 1388 in
1407 1333 1516 1389 alio
1550 1332 1669 1388 loco
1694 1322 1820 1387 cum
1844 1347 2010 1403 supra
2032 1346 2185 1387 mare
2210 1329 2540 1399 ambularet,

534 1424 974 1481 existimantibus
1010 1439 1135 1479 eum
1166 1421 1449 1494 discipulis
1487 1436 1607 1477 esse
1638 1420 1982 1493 phantasma,
2007 1424 2062 1474 et
2105 1418 2178 1474 ob
2217 1418 2322 1473 hoc
2363 1418 2441 1473 eis
2486 1418 2542 1471 in

534 1516 732 1572 timore
769 1512 1083 1569 constitutis
1124 1511 1385 1567 Dominus
1435 1510 1574 1565 dixit
1606 1526 1619 1565 ε
1650 1510 1767 1580 E90
1816 1524 1955 1575 sum,
2009 1507 2171 1564 nolite
2219 1506 2431 1563 timere.
2477 1506 2538 1563 Si

533 1605 701 1675 igitur
738 1602 855 1659 haec
900 1600 1084 1675 opinio
1128 1616 1256 1657 vera
1293 1603 1650 1665 est„necesse
1693 1602 1778 1653 est
1819 1597 2002 1652 dicere
2044 1596 2322 1651 Christum
2373 1595 2544 1650 fuisse

534 1690 816 1759 fallacem;
850 1690 1099 1747 Christus
1138 1697 1324 1745 autem
1368 1689 1570 1745 veritas
1611 1694 1714 1754 est,
1749 1691 1810 1741 ut
1852 1686 1968 1757 ipse
2009 1684 2078 1741 de
2117 1700 2180 1741 se
2223 1685 2388 1753 dicit;
2423 1683 2545 1741 haec

446 1808 451 1813 ·
535 1780 705 1851 igitur
732 1779 917 1853 opinio
946 1787 1029 1836 est
1056 1778 1215 1851 falsa.

1233 1948 1520 2017 CAPUT
1565 1946 1850 2015 CCVIII.

730 2096 907 2172 Quod
938 2095 1221 2160 Christus
1249 2113 1455 2158 verum
1482 2109 1705 2171 corpus.
1725 2092 1938 2155 habuit
1968 2108 2088 2154 non
2114 2089 2186 2155 de
2212 2090 2355 2154 coelo

1198 2188 1410 2245 contra
1473 2181 1878 2249 Valentinum.

568 2298 583 2324 ⁰
608 2316 929 2373 Valentinus
957 2320 1140 2371 autem
1169 2314 1274 2372 etsi
1309 2330 1502 2370 verum
1529 2329 1728 2387 corpus
1755 2312 2033 2370 Christum
2063 2312 2319 2369 habuisse
2368 2315 2546 2378 confi-

538 2411 767 2470 teretur,
802 2401 1020 2459 dicebat
1058 2407 1239 2458 tamen
1266 2418 1392 2459 eum
1420 2418 1643 2460 carnem
1671 2417 1776 2458 non
1805 2403 2166 2475 assumpsisse
2199 2404 2268 2458 de
2296 2403 2544 2474 Virgine,

536 2493 634 2549 sed
676 2491 925 2548 attulisse
966 2506 1165 2564 corpus
1191 2491 1261 2546 de
1286 2490 1428 2548 coelo
1455 2490 1767 2559 formatum,
1799 2490 1947 2564 quod
1992 2481 2246 2548 transivit
2273 2508 2370 2563 per
2417 2493 2553 2549 Vir-

538 2582 740 2654 ginem,
788 2579 922 2636 nihil
950 2596 1019 2636 ex
1058 2595 1126 2637 ea
1168 2581 1462 2653 accipienS,
1509 2580 1653 2637 sicut
1693 2596 1838 2653 aqua
1877 2582 2075 2637 transit
2102 2596 2200 2653 per
2247 2581 2497 2637 canalem
2530 2600 2544 2637 z

537 2670 641 2726 hoc
664 2669 831 2726 etiam
849 2668 1070 2727 veritati
1086 2667 1373 2741 scripturae
1390 2668 1740 2726 contradicit.
1767 2668 1912 2725 Dicit
1930 2670 2076 2726 enim
2091 2672 2283 2743 Apost.
2301 2671 2460 2727 Rom.
2483 2687 2504 2727 1
2530 2688 2544 2727 ε

538 2758 645 2825 Qui
665 2759 840 2831 factus
863 2765 937 2815 est
964 2758 1015 2815 ei
1028 2774 1093 2815 eoe
1114 2758 1307 2814 semine
1330 2758 1507 2815 David
1523 2758 1804 2815 secundum
1823 2774 2056 2823 carnem,
2079 2765 2135 2815 et
2163 2759 2233 2815 ad
2250 2758 2433 2816 Galat.
2463 2775 2546 2817 ιν.

538 2848 673 2905 dicit
718 2864 733 2903 ε
778 2846 931 2907 Misit
958 2848 1101 2905 Deus
1134 2847 1341 2905 Filium
1368 2864 1526 2913 suum
1565 2846 1900 2921 unigenitum
1937 2846 2142 2919 factum
2185 2864 2252 2904 ex
2301 2848 2546 2906 muliere.

537 2938 670 2994 Mat.
703 2943 888 2995 autem
924 2936 1061 2995 dicit
1089 2953 1103 2994 τ
1132 2938 1211 2995 Et
1246 2936 1407 2993 Jacob
1445 2936 1630 3011 yenuit
1656 2936 1847 3009 Ioseph
1879 2935 2060 2993 virum
2083 2936 2301 3003 Martae,
2343 2937 2407 2993 de
2441 2954 2553 3011 qua

538 3034 699 3083 natus
738 3033 815 3085 est
855 3028 1026 3104 jesar,
1073 3026 1166 3099 qui
1192 3034 1414 3083 vocatur
1461 3026 1731 3092 Christus,
1777 3032 1834 3083 et
1885 3026 2234 3099 postmodum
2261 3042 2386 3083 eam
2431 3028 2552 3099 ejus

538 3122 773 3171 matrem
795 3116 1041 3171 nominat
1060 3113 1297 3171 subdens
1330 3132 1342 3169 :
1371 3113 1507 3170 Cum
1533 3122 1663 3171 esset
1688 3114 2002 3186 desponsata
2024 3122 2198 3173 mater
2224 3115 2341 3188 ejus
2363 3116 2554 3172 Maria

537 3203 730 3275 Ioseph
758 3219 775 3261 .·
804 3204 923 3260 haec
951 3210 1135 3260 autem
1165 3219 1293 3260 vera
1321 3218 1431 3259 non
1459 3211 1662 3270 essent,
1703 3203 1752 3259 si
1780 3202 2030 3260 Christus
2073 3203 2144 3259 de
2172 3204 2395 3276 Virgine
2422 3218 2553 3261 car-

541 3307 666 3348 nem
696 3306 802 3349 non
827 3292 1229 3367 assumpsisset,
1259 3291 1457 3369 falsum
1493 3301 1574 3349 est
1604 3292 1772 3364 igitur
1799 3291 1946 3366 quod
1975 3308 2176 3366 corpus
2203 3292 2430 3349 coeleste
2458 3301 2554 3350 at-

542 3380 749 3438 tulerit.
775 3380 881 3439 Sed
923 3381 1071 3455 quod
1112 3383 1302 3454 Apost.
1328 3382 1371 3437 1.
1404 3382 1474 3450 ad
1502 3382 1745 3438 Corinth.
1772 3397 1871 3438 xv.
1905 3381 2062 3438 dicit.
2097 3380 2367 3438 Secundus
2403 3381 2552 3439 homo

534 3469 605 3527 de
632 3471 754 3527 coelo
781 3470 1017 3535 caelestis,
1044 3469 1456 3541 intelligendum
1485 3474 1735 3543 estquod
1761 3470 1831 3526 de
1858 3470 1998 3527 coelo
2027 3470 2313 3527 descendit
2349 3486 2554 3528 secun-

542 3561 676 3617 dum
720 3559 1086 3626 divinitatem,
1134 3573 1241 3614 non
1290 3566 1474 3615 autem
1520 3558 1818 3615 secundum
1869 3558 2236 3639 substantiam
2281 3560 2554 3633 corporis.

539 3650 752 3718 Adhuc,
784 3648 933 3707 nulla
957 3649 1099 3710 ratio
1123 3653 1268 3705 esset
1292 3663 1464 3722 quare
1488 3664 1687 3721 corpus
1710 3639 1778 3703 de
1802 3648 1941 3704 coel‘o
1971 3648 2204 3704 afferens
2233 3648 2332 3704 Dei
2361 3649 2551 3717 Filius,

543 3746 760 3796 uterum
789 3738 1029 3811 Virginis
1066 3736 1390 3803 introiisset,
1410 3737 1458 3792 si
1486 3753 1554 3792 ex
1577 3752 1644 3793 ea
1671 3735 1746 3792 nil
1770 3742 2093 3795 assumeret.
2123 3737 2232 3793 Sed
2259 3738 2436 3807 magis
2465 3738 2554 3791 vi-

543 3828 765 3887 deretur
814 3844 936 3885 esse
980 3826 1131 3885 fictio
1156 3825 1428 3899 quaedam,
1461 3826 1592 3881 dum
1619 3841 1687 3881 ex
1726 3831 1884 3881 utero
1913 3825 2108 3881 matris
2136 3826 2423 3897 egrediens
2449 3824 2558 3879 de·-

440 3916 459 3943 ⁸
544 3924 902 3975 monstrasset
926 3932 990 3975 se
1016 3916 1089 3977 ab
1114 3932 1180 3975 ea
1203 3915 1478 3988 accepisse
1501 3929 1723 3995 carnem
1747 3929 1914 3991 quam
1943 3929 2058 3991 non¹
2079 3918 2388 3992 acceperat.
2415 3913 2556 3969 Cum
