2850 4517
554 321 675 380 282
1026 332 1079 378 s.
1124 297 1359 376 ‘rnoujn
1397 329 1728 384 ,teutsinus
1767 329 2080 377 censuum

555 449 794 523 vectiqal,
835 447 1074 521 vectiyal.
1118 449 1391 528 Tenemur
1434 446 1580 503 enim
1621 447 1841 519 regibus
1881 446 2326 506 custodientibus
2371 464 2581 522 pacem

556 545 796 595 nostram
822 538 954 595 dare
981 537 1309 594 mercedem.
1331 537 1561 607 Quarto,
1592 536 1841 593 fraudem
1868 537 1924 594 in
1951 537 2384 594 mercationibus
2409 554 2574 597 com-

556 627 840 694 mittendo,
869 627 1013 684 unde
1057 627 1281 694 dicitur,
1311 627 1474 682 Deut.
1515 641 1646 683 xxu
1675 642 1688 680 ε
1713 623 1838 683 Non
1881 624 2090 682 habebis
2128 625 2188 682 in
2225 627 2434 684 sacculo
2476 627 2576 683 di-

554 731 705 772 versa
721 715 984 788 pondera,
1010 722 1064 772 et
1083 732 1152 773 ex
1175 716 1327 773 Levi.
1358 729 1470 772 xtx
1491 714 1704 774 :Nolite
1728 712 1908 786 facere
1933 714 2182 788 iniquum
2207 715 2358 772 aliud
2385 715 2449 772 in
2467 719 2572 788 ju-

554 803 710 868 dicio,
741 803 802 858 in
843 803 1047 876 reputa,
1072 803 1134 859 in
1168 802 1424 876 pondere,
1455 801 1518 857 in
1556 816 1828 857 mensura.
1859 801 2075 859 Statera
2099 803 2276 874 justa,
2312 810 2361 859 et
2416 820 2574 876 oequa

554 891 661 947 sint
690 891 953 963 pondera,
974 893 1155 963 justus
1186 892 1416 958 modius,
1447 905 1724 964 oequusque
1750 889 2044 946 sextarius.
2070 890 2237 947 Prov.'
2259 893 2346 947 xx
2375 909 2390 946 τ
2417 891 2574 948 Aba·

555 980 783 1037 minatio
812 987 887 1036 est
918 980 1065 1052 apud
1084 981 1252 1037 Deum
1290 980 1500 1053 pondus
1533 984 1582 1036 et
1612 977 1841 1052 pondus,
1865 984 2072 1035 statera
2115 979 2293 1035 dolosa
2339 995 2447 1036 non
2489 988 2574 1037 est

556 1070 710 1125 bona.
741 1069 859 1126 Hoc
881 1075 966 1126 est
1001 1070 1169 1125 etiam
1200 1078 1394 1126 contra
1421 1083 1716 1140 caupones,
1747 1067 1842 1140 qui
1891 1068 2124 1123 miscent
2161 1082 2364 1140 aquam
2414 1069 2568 1125 vino.

559 1161 616 1216 ln
640 1159 745 1214 hoc
767 1157 937 1215 etiam
965 1157 1285 1230 prohibetur
1306 1171 1492 1214 usura.
1520 1155 1662 1212 Psal.
1695 1159 1797 1212 xiv
1829 1173 1842 1209 ε
1871 1153 2000 1220 Quis
2023 1154 2281 1212 habitabit
2311 1155 2371 1211 in
2395 1155 2572 1212 taber·

556 1247 745 1303 viuculo
771 1252 862 1304 tuo
888 1251 996 1302 etc.
1026 1245 1095 1303 Et
1135 1253 1259 1318 post
1292 1262 1305 1300 ε
1336 1244 1442 1312 Qui
1482 1243 1762 1316 pecuniam
1797 1249 1952 1300 suam
1983 1259 2090 1299 non
2129 1244 2274 1301 dedit
2318 1245 2390 1300 ad
2429 1260 2568 1300 usu·

559 1351 697 1400 ram,
718 1341 827 1390 etc.
850 1335 965 1390 Hoc
1006 1324 1089 1392 est
1119 1334 1286 1390 etiam
1312 1340 1506 1390 contra
1545 1347 1874 1406 campsaim,
1908 1333 2003 1405 qui
2054 1332 2251 1390 multas
2291 1332 2570 1390 falsitates

560 1423 930 1488 committunt,
961 1428 1019 1477 et
1044 1428 1247 1493 ,contra
1285 1421 1600 1478 venditores
1633 1435 1957 1494 pannorum,
1985 1427 2042 1476 et
2083 1419 2310 1476 aliarum
2353 1435 2568 1477 rerum.

560 1511 666 1576 Sed
718 1509 871 1570 dices
917 1509 1148 1566 forsitan
1178 1527 1191 1565 ε
1228 1509 1410 1582 Quare
1465 1503 1574 1566 non
1623 1524 1846 1582 possum
1890 1509 2021 1566 dare
2073 1507 2356 1582 pecuniam
2411 1508 2570 1564 sicut

560 1615 781 1670 equum,
812 1598 896 1655 vel
933 1598 1200 1654 domum?
1229 1598 1551 1666 Dicendum,
1580 1598 1727 1671 quod
1759 1599 1815 1654 in
1849 1597 1957 1653 illis
1983 1604 2065 1654 est
2103 1603 2410 1670 peccatum,
2434 1612 2570 1668 quae

561 1686 645 1742 bis
671 1687 983 1744 venduntur
1016 1705 1029 1743 z
1063 1688 1119 1743 in
1144 1687 1305 1743 domo
1346 1698 1532 1744 autem
1573 1694 1702 1743 sunt
1742 1687 1870 1754 duo,
1901 1686 2112 1742 scilicet
2152 1685 2482 1752 substantia,
2509 1690 2570 1740 et

561 1791 711 1831 usus,
739 1776 901 1833 Aliud
929 1783 1114 1833 autem
1156 1784 1239 1833 est
1266 1775 1470 1834 habere
1500 1775 1760 1846 domum,
1784 1780 1840 1831 et
1881 1773 2033 1832 aliud
2065 1776 2143 1831 uti
2185 1774 2348 1830 domo
2381 1791 2394 1828 ε
2422 1773 2569 1829 unde

564 1864 858 1937 separatim
887 1880 1105 1939 possum
1131 1879 1290 1923 usum
1330 1864 1567 1923 vendere
1591 1865 1708 1920 sine
1733 1865 1928 1923 domus
1957 1863 2290 1930 venditione,
2317 1872 2377 1919 et
2406 1864 2484 1919 ita
2511 1863 2566 1919 in

567 1954 822 2013 omnibus
843 1954 1175 2028 hujusmodi,
1206 1955 1349 2012 unde
1384 1955 1434 2010 si
1462 1953 1646 2028 aliqua
1675 1959 1803 2010 sunt
1843 1968 1970 2026 quae
2007 1953 2311 2012 consistant
2354 1951 2411 2008 in
2449 1951 2565 2022 ipso

565 2042 667 2113 usu
693 2049 1001 2111 tantum‚et
1025 2058 1158 2102 usus
1182 2057 1374 2100 eorum
1402 2044 1508 2099 etsi
1531 2042 1837 2110 distractio,
1853 2057 1960 2098 non
1983 2049 2166 2115 potest
2193 2039 2312 2098 fieri
2337 2040 2391 2096 id
2422 2041 2566 2114 quod

567 2131 635 2188 de
656 2131 837 2189 dome.
871 2132 1122 2192 Denariis
1146 2133 1289 2190 enim
1316 2133 1522 2189 utimur
1551 2131 1926 2199 distrahendo,
1958 2137 2016 2187 et
2057 2131 2330 2186 frumento
2369 2145 2568 2186 consu-

566 2223 783 2290 mendo,
817 2231 873 2278 et
910 2221 1035 2278 ideo
1090 2221 1137 2276 si
1186 2235 1344 2276 usum
1396 2221 1608 2292 vendiS,
1642 2221 1724 2277 bis
1773 2219 1984 2276 vendis.
2017 2219 2219 2289 Quinto
2275 2219 2567 2290 dignitates

566 2309 796 2366 emendo
837 2309 953 2364 sive
1000 2309 1347 2380 temporales„
1380 2311 1498 2366 sive
1543 2309 1878 2383 spirituales·
1908 2310 1987 2364 De
2031 2309 2227 2380 primo,
2250 2308 2390 2362 doh.
2442 2322 2561 2362 xx:

566 2395 802 2460 Divitias
840 2411 969 2468 quas
1016 2395 1313 2461 devoravit,
1340 2403 1556 2462 evomet,
1585 2403 1636 2453 et
1677 2396 1739 2453 de
1779 2403 1964 2453 ventre
1999 2396 2153 2454 illius
2189 2396 2434 2452 extrahet
2483 2411 2568 2449 eae

567 2484 727 2540 Deus.
754 2482 957 2542 Omnes
984 2485 1129 2544 enim
1167 2485 1383 2557 tyranni
1412 2487 1508 2558 qui
1553 2487 1606 2544 vi
1635 2492 1824 2543 tenent
1864 2501 2050 2557 regna,
2079 2485 2164 2542 vel
2207 2484 2562 2558 provinciam,

569 2577 649 2627 vel
681 2571 919 2640 seudum,
955 2573 1101 2634 sures
1129 2581 1277 2640 sunt,
1304 2581 1360 2631 et
1404 2590 1594 2630 omnes
1623 2582 1878 2631 tenentur
1924 2574 1991 2631 ad
2030 2574 2456 2632 restitutionem.
2487 2574 2565 2628 De

568 2659 825 2728 secunde,
840 2660 995 2718 Joan.
1014 2676 1083 2716 x:
1106 2662 1301 2728 Amen,
1320 2678 1476 2720 amen
1497 2661 1612 2718 dico
1637 2662 1800 2728 vobis,
1815 2663 1906 2735 qui
1924 2679 2030 2718 non
2060 2663 2236 2719 intrat
2250 2677 2356 2732 per
2377 2661 2568 2717 ostium

567 2749 783 2804 movile
810 2749 1008 2816 ovium,
1032 2750 1121 2806 sed
1155 2751 1399 2808 ascendit.
1436 2751 1673 2816 aliunde,
1700 2751 1787 2808 itte
1822 2751 2019 2825 fures-t
2057 2757 2108 2808 et
2141 2741 2332 2808 latre:
2365 2760 2423 2808 et
2453 2749 2570 2806 ideo

571 2836 853 2894 simoniaci
881 2839 1029 2894 sures
1052 2844 1199 2898 sunt.

636 2926 759 2983 Non
781 2925 997 2996 furtum
1016 2927 1198 3000 facies,
1220 2931 1458 2986 etc.Hoc
1483 2937 1834 3002 praeceptum,
1863 2930 2006 2986 sicut
2033 2929 2240 2986 dictum
2265 2934 2374 2994 est,
2405 2928 2573 3002 prohi-

572 3017 665 3072 bet
690 3032 849 3072 omne
889 3016 1033 3080 male
1057 3017 1301 3080 ablatum
1332 3035 1345 3074 ε
1378 3024 1435 3074 et
1463 3019 1664 3075 debent
1689 3034 1790 3076 nos
1816 3019 2074 3074 inducere
2101 3018 2289 3074 multae
2331 3019 2572 3075 rationes

574 3103 641 3158 ad
682 3102 788 3158 hoc
831 3103 1153 3160 cavendum.
1194 3105 1391 3170 Prima,
1447 3105 1682 3162 sumitur
1725 3123 1793 3161 ex
1843 3106 2114 3176 gravitate
2169 3122 2181 3158 :
2237 3104 2572 3161 assimilatur

570 3191 711 3262 enim
756 3194 857 3246 hoc
901 3200 1188 3263 peecatum
1230 3191 1544 3261 homicidia,
1594 3193 1802 3250 EccleS.
1834 3209 2021 3250 xxxiv
2066 3191 2283 3248 :Panis
2308 3193 2575 3264 eyentium

565 3278 679 3334 vita
698 3279 955 3349 pauperis
976 3287 1073 3345 est,
1098 3280 1192 3352 qui
1218 3280 1509 3352 defraudat
1537 3282 1710 3354 illum,
1739 3283 1829 3338 iair
1849 3281 2131 3355 sanguinis
2151 3287 2246 3336 est.
2272 3279 2342 3336 Et
2375 3283 2574 3338 iterum

567 3365 767 3422 ibidem
800 3383 813 3422 :
846 3366 950 3432 Qua·
968 3367 1195 3438 effundit
1226 3370 1554 3440 sanquinem,
1585 3379 1637 3428 et
1662 3373 1754 3444 qui
1780 3370 2028 3443 fraudem
2053 3369 2190 3442 facit
2211 3371 2574 3435 mercenario,
2645 3391 2653 3398 ·

563 3449 766 3525 fratres
786 3461 929 3512 sunt.
960 3456 1229 3524 Secunda,
1260 3472 1327 3514 ex
1355 3458 1582 3530 periculi
1611 3459 1878 3534 qualitate
1911 3478 1923 3514 :
1951 3459 2160 3516 nullum
2183 3459 2329 3515 enim
2371 3474 2577 3532 pecca-

568 3548 685 3597 tum
723 3549 809 3598 est
836 3544 913 3600 ita
950 3543 1332 3616 periculosum,
1370 3545 1576 3604 nullum
1605 3548 1749 3604 enim
1783 3553 2066 3622 peccatum
2112 3546 2415 3605 remittitur
2457 3546 2578 3604 sine

567 3631 939 3688 satisfactione
962 3639 1020 3689 et
1050 3633 1393 3706 poenitentia.
1423 3634 1505 3691 De
1542 3637 1793 3693 omnibus
1837 3638 1947 3694 cito
1991 3637 2222 3708 poenitet
2249 3635 2398 3708 quis,
2429 3636 2579 3693 sicut

568 3726 721 3793 patet
746 3722 814 3777 de
841 3721 1135 3786 homicidio
1173 3731 1422 3780 cessante
1467 3725 1568 3791 ira,
1599 3726 1678 3784 ita
1706 3735 1762 3783 et
1812 3724 1879 3780 de
1921 3724 2278 3781 fornicatione
2318 3732 2580 3782 cessante

571 3811 819 3880 passione
850 3812 1325 3884 concupiscentiae,
1364 3821 1422 3871 et
1457 3814 1539 3870 sic
1564 3813 1634 3871 de
1672 3814 1815 3870 aliis.
1857 3816 1937 3872 De
1971 3813 2077 3870 hoc
2117 3821 2302 3871 autem
2341 3823 2580 3884 peccato

570 3896 699 3951 licet
726 3897 1018 3970 aliquando
1047 3902 1307 3973 poeniteat
1348 3903 1494 3975 quis,
1539 3917 1646 3958 non
1690 3910 1868 3959 tamen
1907 3903 1975 3960 de
2011 3902 2158 3961 sacili
2187 3901 2487 3972 satisfacit,
2523 3909 2581 3960 et
