2850 4517
865 299 922 357 11.
955 316 1034 330 —
1064 301 1463 346 compnnmuu
1516 304 1879 347 ‘rnnonoem
2264 287 2381 348 ‘107

374 429 440 470 ex
469 415 654 472 anima
686 421 744 471 et
781 430 1028 489 corpore,
1057 417 1134 472 ita
1172 417 1218 472 si
1261 418 1447 474 Sortes
1488 417 1831 486 diffiniretur,
1882 418 2022 475 ratio
2074 420 2193 490 ejus
2234 427 2383 478 esset

374 501 522 578 quo'd
545 509 692 560 esset
719 506 1055 577 compositus
1077 522 1146 562 ex
1169 505 1238 562 iis
1265 507 1543 574 carnibus,
1565 507 1702 562 etiis
1729 502 2153 575 ossibus,ethac
2177 505 2379 564 anima.
2464 563 2480 574 ,

373 594 510 650 Cum
559 592 727 664 igitur
763 593 1078 652 humanitas
1114 611 1222 652 non
1245 596 1320 651 sit
1353 595 1539 668 aliqua
1582 594 1690 652 alia
1722 595 1896 652 forma
1921 605 2119 670 praeter
2143 596 2382 653 animam

373 689 430 738 et
470 697 690 754 σοι-ρας,
719 677 815 738 sed
866 673 940 739 sit
981 683 1189 758 aliquid
1231 670 1598 758 compositum
1633 701 1707 742 ex
1741 692 1995 758 utroque,
2034 685 2381 741 manifestum

375 779 458 840 est
489 768 638 845 quod
681 773 874 832 ,eodem
915 787 1142 846 corpore
1187 780 1465 846 reparato,
1496 780 1553 830 et
1594 774 1786 830 eadem
1826 774 2009 841 anima
2046 782 2383 843 remanente,

373 861 570 916 eadem
615 877 840 920 numero
880 861 1192 920 humanitas
1233 863 1360 920 erit.
1385 863 1577 936 Neque
1620 863 1793 919 etiam
1828 862 2101 935 praedicta
2125 862 2387 918 identitas

375 950 677 1006 secundum
729 966 1012 1006 numerum
1063 950 1360 1025 impeditur
1415 967 1489 1008 ex
1533 951 1639 1008 hoc
1689 950 1836 1024 quod
1889 950 2227 1022 corporeitas
2278 966 2385 1006 non

375 1040 568 1094 redeat
597 1038 792 1094 eadem
817 1055 1059 1108 numero,
1087 1056 1214 1096 cum
1246 1047 1504 1114 corrupto
1537 1055 1765 1114 corpore
1806 1045 2213 1112 corrumpatur.
2240 1040 2383 1095 Nam

376 1129 419 1187 si
441 1144 540 1200 per
561 1130 984 1200 corporeitatem
1001 1131 1339 1202 intelligatur
1361 1131 1537 1188 forma
1557 1131 1951 1198 substantialiS,
1972 1147 2068 1204 per
2094 1145 2262 1203 quam
2280 1130 2388 1187 ali-

377 1217 510 1288 quid
531 1217 588 1271 in
609 1233 809 1288 genere
837 1218 1160 1276 substantiae
1187 1230 1465 1293 corporeae
1486 1210 1827 1288 ordinantur,
1842 1235 1968 1276 cum
1994 1235 2103 1276 non
2127 1219 2199 1275 sit
2222 1219 2385 1275 unius

375 1306 482 1362 nisi
530 1323 638 1363 una
695 1306 867 1364 forma
913 1308 1321 1376 substantialis„
1377 1309 1504 1366 talis
1555 1310 1893 1382 corporeitas
1943 1323 2051 1364 non
2088 1316 2191 1365 ‘est
2230 1307 2379 1364 aliud

377 1411 543 1468 quam
585 1397 787 1454 anima.
837 1397 978 1454 Nam
1022 1397 1123 1454 hoc
1162 1397 1364 1454 animal
1417 1415 1515 1470 per
1552 1397 1697 1454 hanc
1743 1398 1983 1454 animam
2028 1413 2135 1455 non
2202 1396 2380 1452 solum

377 1493 460 1541 est
494 1485 715 1552 animal,
747 1484 842 1541 sed
873 1487 1179 1546 animatum
1213 1493 1515 1560 corpusset
1542 1502 1757 1561 corpus,
1786 1493 1842 1542 et
1874 1487 2043 1543 etiam
2080 1485 2242 1542 homo
2277 1483 2387 1540 ali·-

378 1574 507 1646 quid
555 1574 612 1629 in
652 1591 850 1646 genere
885 1575 1210 1644 substantiae
1257 1577 1499 1632 existens
1540 1593 1555 1632 z
1586 1576 1829 1650 alioquin
1867 1576 2069 1632 anima.
2100 1573 2387 1631 adveniret

377 1661 591 1734 corpori
616 1663 870 1718 existenti
897 1664 951 1719 in
981 1651 1213 1731 actu,'et
1255 1665 1336 1720 sic
1362 1672 1511 1721 esset
1546 1664 1720 1722 forma
1745 1663 2122 1721 accidentalis,
2152 1662 2385 1732 Subjec-

379 1757 494 1805 tum
519 1751 664 1806 enim
694 1751 1044 1811 subtantialis
1070 1751 1262 1809 formae
1290 1769 1398 1810 non
1428 1761 1513 1809 est
1542 1760 1669 1808 actu
1695 1753 1799 1809 hoc
1827 1753 2055 1826 aliquid,
2084 1750 2179 1808 sed
2204 1759 2391 1823 poten·

377 1839 454 1895 tia
475 1837 703 1895 tantum
729 1856 744 1894 ε
771 1840 914 1894 unde
943 1855 1068 1894 cum
1091 1841 1292 1912 accipit
1322 1841 1556 1896 formam
1584 1841 2021 1904 substantialem,
2054 1855 2161 1895 non
2185 1838 2388 1921 dicitur

373 1933 597 1985 tantum
635 1927 884 1998 generari
927 1929 1225 1984 secundum
1269 1930 1402 2000 quid
1444 1929 1570 1994 hoc,
1596 1935 1691 1984 aut
1725 1928 1881 1997 illud,
1912 1928 2055 1983 sicut
2086 1927 2289 1983 dicitur
2333 1925 2389 1981 in

375 2017 572 2074 formis
600 2015 1053 2082 accidentalibus,
1075 2015 1171 2072 sed
1191 2015 1394 2071 dicitur
1420 2015 1745 2088 simpliciter
1776 2015 2047 2088 generari,
2070 2014 2229 2088 quasi
2254 2013 2390 2068 sim-

377 2106 596 2178 pliciter
621 2120 743 2161 esse
773 2105 1068 2176 accipienS,
1092 2111 1149 2160 et
1191 2105 1272 2160 sic
1299 2103 1639 2177 corporeitas
1667 2111 1895 2177 accepta
1933 2104 2127 2161 eadem
2166 2117 2391 2159 numero

377 2183 591 2261 manet,
621 2193 897 2252 rationali
945 2193 1126 2250 anima
1165 2193 1358 2250 eadem
1399 2193 1692 2249 existente.
1722 2191 1788 2252 Si
1837 2208 1969 2249 vero
2006 2189 2390 2265 corporeitatis

380 2283 597 2339 nomine
639 2281 814 2344 forma
845 2282 1100 2354 quaedam
1134 2281 1491 2352 intelligatur,
1518 2297 1551 2338 a
1588 2297 1696 2354 qua
1738 2267 2123 2336 denominatur
2148 2295 2383 2352 corpus,

378 2372 524 2444 quod
547 2372 768 2443 ponitur
795 2372 850 2426 in
876 2387 1074 2442 genere
1102 2371 1449 2444 quantitatis„
1481 2371 1564 2426 sic
1591 2377 1676 2426 est·
1717 2369 1972 2443 quaedam
2019 2369 2200 2426 forma·
2232 2369 2387 2425 acci-

378 2461 795 2527 dentaliS‚'cum
835 2459 968 2516 nihil
1011 2459 1156 2515 aliud
1200 2459 1677 2533 significetquam
1720 2460 1918 2516 tri-nam
1966 2459 2385 2516 dimensionem.

377 2549 530 2606 Unde
561 2549 691 2609 licet
712 2564 822 2604 non
846 2547 1038 2604 eadem
1061 2565 1288 2606 numero
1324 2549 1537 2614 redeat,
1569 2547 1831 2604 identitas
1860 2547 2095 2620 subjecti
2125 2561 2231 2602 non
2279 2546 2389 2600 im-

378 2639 617 2712 peditur,
631 2637 700 2694 ad
726 2652 892 2710 quam
921 2636 1120 2695 sufficit
1140 2637 1321 2694 unitas
1341 2636 1716 2694 essentialium
1742 2633 2387 2708 principiorum..Eadem

380 2728 522 2794 ratio
544 2732 630 2783 est
658 2726 726 2783 de
745 2726 996 2783 omnibus
1024 2725 1420 2790 accidentibuS,
1452 2740 1686 2797 quorum
1724 2723 2016 2780 diversitas
2038 2721 2387 2780 identitatem

379 2815 684 2873 secundum
708 2831 995 2872 numerum
1022 2829 1130 2868 non
1157 2799 1319 2867 tollit.
1344 2811 1501 2866 Unde
1524 2825 1653 2864 cum
1685 2811 1811 2865 unio
1840 2812 1913 2866 sit
1950 2810 2207 2882 quaedam
2239 2809 2386 2864 rela-

383 2906 477 2972 tio,
513 2919 580 2961 ac
606 2920 703 2977 per
739 2903 844 2969 hoc
869 2902 943 2958 sit
977 2898 1253 2964 accidens,
1280 2899 1400 2968 ejus
1442 2895 1735 2972 diversitas
1778 2895 2078 2950 secundum
2103 2909 2390 2950 numerum

382 3009 487 3053 uon
516 2992 657 3049 tollit
686 2993 1034 3050 identitatem
1062 2986 1315 3059 subjecti.
1347 2983 1619 3042 Similiter·
1640 2999 1741 3054 nec
1785 2982 2079 3040 diversitas
2110 2983 2390 3054 potentia-

383 3098 503 3146 rum
545 3081 847 3139 secundum
873 3094 1162 3136 numerum
1205 3076 1402 3134 animae
1429 3074 1709 3131 sensitivae
1732 3081 1789 3130 et
1816 3071 2107 3143 negativae,
2130 3071 2176 3126 si
2206 3077 2387 3127 tamen

383 3172 656 3244 corrumpi
685 3175 976 3244 ponantur.
998 3170 1134 3226 Sunt
1155 3167 1299 3223 enim
1326 3167 1381 3222 in
1404 3180 1603 3238 genere
1626 3159 1927 3219 accidentis
1950 3160 2209 3234 potentiae
2237 3169 2389 3216 natu-

386 3261 524 3317 rales
553 3261 830 3332 conjuncti
859 3259 1175 3324 existenteS,
1207 3271 1310 3312 nec
1339 3271 1371 3312 a
1411 3270 1575 3311 sensu
1612 3251 1847 3308 sumitur
1886 3249 2389 3318 sensibile,secun-

384 3349 511 3406 dum
541 3350 700 3424 quod·
719 3357 803 3406 est
825 3348 1131 3406 differentia
1154 3344 1511 3404 constitutiva
1541 3341 1811 3409 animaliS‚
1843 3339 1940 3396 sed
1977 3339 2049 3395 ab
2089 3337 2207 3410 ipsa
2253 3337 2389 3393 sub-

386 3441 588 3502 stantia
637 3438 835 3496 animae
881 3437 1178 3504 sensitivae‚
1211 3451 1336 3508 quae
1378 3435 1435 3489 in
1469 3432 1829 3490 homineiest·
1854 3428 2049 3486 eadem
2088 3427 2389 3484 secundum

387 3528 751 3586 substantiam
780 3543 906 3584 cum
933 3525 1207 3584 rationali.
1697 3547 1703 3552 ¹
1932 3514 1943 3524 '
