2850 4517
533 406 656 465 422
1012 420 1064 465 s.
1109 417 1347 462 monae
1387 413 1717 469 Aoum-ns
1756 413 2070 459 causeum

533 538 729 604 Deum,
757 536 882 593 ideo
900 538 1081 609 juvat.
1108 530 1306 591 Ezech.
1338 532 1525 591 xxxvi
1559 552 1573 588 ε
1604 532 1755 590 Dabo
1775 531 1923 587 vobis
1950 546 2041 587 cor
2061 546 2279 597 novum,
2309 538 2359 587 et
2380 530 2539 603 spiri-

535 631 652 681 tum
691 626 886 679 nouum
918 638 1118 697 ponam
1146 623 1206 678 in
1245 621 1416 679 medio
1442 620 1611 678 vestri
1635 636 1655 677 .·
1678 626 1731 678 et
1758 618 2011 693 auferam
2048 635 2142 674 cor
2158 654 2165 663 ·
2181 618 2455 691 lapideum
2488 617 2545 674 ds

535 730 699 769 carne
720 718 922 778 vestra,
946 720 998 769 et
1027 711 1163 768 dabo
1195 711 1337 768 vobis
1373 726 1468 767 cor
1490 725 1763 776 carneum,
1789 716 1841 766 et
1866 707 2127 783 spiritam
2143 724 2323 765 meum
2354 724 2545 781 ponam

537 804 596 858 ia
619 801 790 858 medio
813 800 998 858 vestri.
1023 800 1100 858 Et
1123 798 1322 871 faciam
1352 806 1415 855 ut
1446 798 1503 855 in
1523 797 1808 873 proeceptis
1837 798 1969 854 meis
1995 796 2297 863 ambuletis,
2326 803 2381 855 et
2393 795 2548 869 judi-

535 892 621 947 cia
659 906 776 947 mea
815 888 1128 946 custodiatis
1162 895 1216 945 et
1257 886 1575 959 operemini.
1616 886 1846 957 Quarta,
1877 886 2170 943 confirmat
2218 900 2381 958 spem
2419 886 2546 942 vitae

535 990 776 1046 aeternae,
807 979 938 1053 quia
966 986 1052 1034 est
1093 977 1237 1033 sicut
1274 978 1472 1050 pignus
1513 975 1855 1033 haereditatis
1898 975 2067 1031 illius.
2090 978 2264 1049 Apoc.
2305 974 2449 1047 Eph.
2473 992 2542 1033 1:

535 1067 747 1139 signati
766 1066 892 1123 estis
913 1064 1116 1137 spiritu
1139 1063 1515 1137 promissionis
1539 1071 1743 1130 sancto,
1772 1062 1866 1136 qai
1893 1069 1973 1120 cst
1992 1063 2187 1136 pignus
2218 1062 2553 1121 haereditatis

536 1162 752 1212 nostra.
774 1152 872 1210 Est
895 1154 1041 1209 enim
1069 1153 1226 1225 quasi
1258 1152 1420 1209 arrha
1461 1152 1593 1209 vitae
1620 1159 1865 1218 aeternae,
1896 1152 2057 1224 cujus
2084 1153 2230 1209 ratio
2258 1160 2345 1209 est
2376 1170 2391 1207 :
2424 1153 2551 1227 quia

536 1259 605 1298 ex
628 1242 732 1298 hoc
753 1241 984 1297 debetur
1007 1242 1121 1297 vita
1146 1250 1355 1298 aeterna
1375 1240 1603 1309 homini,
1622 1241 1678 1297 in
1702 1246 1973 1314 quantum
1992 1239 2231 1297 efficitur
2254 1241 2405 1299 filius
2433 1242 2563 1307 Dei,-

537 1339 594 1386 et
620 1330 725 1387 hoc
754 1330 814 1385 fit
839 1346 937 1403 per
959 1330 1062 1387 hoc
1085 1330 1232 1403 quod
1263 1329 1323 1385 fit
1365 1328 1561 1385 similis
1584 1327 1820 1386 Christo.
1848 1329 2200 1386 Assimilatur
2225 1338 2418 1387 autem
2446 1330 2547 1388 ali-

536 1418 662 1491 quis
689 1417 906 1474 Christo
929 1434 1027 1491 per
1049 1417 1170 1482 hoc,
1197 1416 1343 1491 quod
1367 1416 1534 1473 habet
1563 1418 1817 1490 spiritum
1845 1416 2067 1484 Christi,
2099 1418 2195 1490 qui
2236 1428 2339 1476 est·
2370 1420 2547 1492 Spiri-

539 1517 630 1563 tus
651 1506 904 1562 Sanctus·
931 1510 1122 1579 Apost.
1154 1506 1314 1563 Rom.
1341 1520 1452 1562 vm
1479 1524 1493 1561 ε
1520 1505 1649 1564 Non
1670 1506 1811 1561 enim
1835 1506 2111 1579 accepistis
2144 1506 2410 1579 spiritam
2436 1525 2551 1564 ser-

537 1592 729 1651 vitatis
752 1594 952 1649 iterum
966 1594 1027 1649 ia
1055 1594 1268 1660 timore,
1284 1593 1374 1649 secl
1391 1594 1667 1668 accepistis
1687 1594 1942 1667 spiritum
1962 1594 2266 1667 adoptionis
2291 1594 2549 1668 filiorum,

541 1684 602 1739 in
617 1679 719 1755 qua
733 1682 1055 1740 clamamus:
1080 1683 1248 1750 Abba,
1257 1690 1439 1756 pater.
1452 1684 1571 1756 Ipse
1588 1683 1730 1739 enim
1744 1682 1973 1756 spiritus
1991 1683 2359 1741 testimonium
2376 1686 2553 1743 recidit

537 1770 763 1845 spiritui
785 1778 988 1837 nostro,
1019 1772 1166 1846 quod
1195 1787 1385 1827 sumus
1413 1770 1511 1827 filii
1538 1771 1659 1826 Dei.
1688 1771 1757 1827 Et
1780 1770 1965 1827 Galat.
1998 1786 2056 1828 tv
2090 1790 2104 1826 ε
2136 1774 2407 1838 Quoniam
2452 1792 2557 1830 aa*

539 1868 644 1919 tem
672 1860 798 1917 estis
831 1859 942 1933 filii
966 1861 1088 1927 Dei,
1113 1859 1261 1918 misit
1303 1860 1445 1917 Deus
1483 1859 1739 1931 spiritam
1786 1859 1895 1932 filii
1931 1859 2019 1915 sui
2054 1859 2115 1915 in
2150 1860 2319 1917 corda
2352 1870 2557 1928 vestra,

539 1950 854 2008 clamantem
881 1966 901 2007 .·
920 1949 1091 2023 Abba,
1106 1956 1288 2022 pater.
1322 1949 1546 2019 Quinta,
1578 1930 1815 2005 c⁸onsulit
1844 1951 1899 2005 in
1928 1948 2129 2021 dubiis,
2156 1957 2213 2007 et
2252 1952 2419 2009 docet
2458 1966 2556 2008 nos

538 2052 666 2110 quae
711 2038 784 2094 sit
809 2039 1063 2098 voluntas
1094 2038 1214 2094 Dei.
1255 2041 1423 2111 Apoc.
1463 2054 1484 2095 1
1514 2036 1658 2103 :Qui
1685 2037 1836 2093 habet
1874 2054 2033 2095 aures
2055 2039 2335 2107 audiendi,
2360 2040 2553 2097 audiat

540 2125 671 2197 quid
691 2126 924 2199 spiritus
967 2128 1112 2185 dicat
1154 2126 1429 2185 Ecclesiis.
1468 2127 1576 2183 lsa.
1603 2143 1639 2184 1.
1670 2144 1683 2183 z
1716 2126 1957 2184 Audiam
1991 2144 2110 2185 eum
2146 2129 2303 2201 quasi
2348 2130 2549 2202 magis-

542 2222 712 2271 trum.
1037 2256 1042 2261 ·

607 2304 854 2369 Sanctam
886 2304 1172 2363 Ecclesiam
1197 2305 1529 2363 catholicam.
1558 2305 1715 2363 Sicut
1742 2306 1993 2363 videmus
2030 2306 2177 2381 quod
2218 2308 2277 2364 in
2310 2324 2423 2365 uno
2451 2308 2551 2365 ho-

538 2392 684 2446 mine
731 2398 814 2447 est
851 2407 961 2447 una
1007 2394 1207 2459 anima,
1251 2400 1307 2448 et
1351 2410 1521 2449 unum
1566 2410 1784 2469 corpu3‚
1832 2404 1887 2452 et
1934 2404 2119 2453 tamen
2161 2402 2289 2451 sunt
2334 2397 2552 2455 diversa

539 2476 784 2535 membra
811 2478 1001 2551 ipsine,
1043 2479 1122 2535 ita
1149 2480 1395 2537 Ecclesia
1422 2480 1695 2539 catholica
1724 2490 1809 2541 est
1848 2500 2013 2541 unum
2042 2500 2257 2559 corpus»,
2292 2495 2349 2543 et
2384 2486 2552 2543 habet

537 2564 757 2620 diversa
796 2562 1064 2622 membra.
1115 2566 1312 2623 Anima
1360 2575 1547 2624 autem
1594 2584 1720 2642 quae
1764 2568 1869 2627 hoc
1911 2587 2111 2645 corpus
2150 2570 2415 2639 vivificat,
2466 2580 2553 2629 est

517 2652 770 2725 ‘Spiritus
797 2653 1050 2710 Sanctus.
1093 2654 1163 2711 Et
1201 2656 1324 2711 ideo
1352 2662 1479 2729 post
1509 2656 1670 2713 fidem
1712 2658 1781 2713 de
1826 2660 2034 2731 Spiritu
2072 2662 2273 2717 Sancto
2295 2662 2554 2734 jubemur

537 2740 761 2797 credere
786 2750 1032 2799 sanctam
1051 2742 1352 2801 Ecclesiam
1373 2744 1699 2803 catholicam
1724 2764 1737 2801 :
1764 2748 1909 2803 unde
1937 2748 2159 2805 additur
2174 2751 2230 2806 in
2252 2749 2549 2824 Symbola:

535 2830 784 2887 Sanctam
835 2829 1130 2889 Ecclesiam
1173 2832 1502 2897 catholicam.
1548 2834 1705 2892 Circa
1752 2838 1897 2908 quod
1941 2838 2226 2895 sciendum
2256 2846 2362 2907 est,
2404 2840 2554 2913 quod

534 2918 785 2985 Ecclesia
815 2929 901 2976 est
937 2920 1085 2977 idem
1123 2921 1272 2995 quod
1309 2923 1683 2995 congregatio.
1716 2924 1869 2981 Unde
1912 2926 2157 2985 Ecclesia
2186 2934 2375 2985 sancta
2404 2930 2557 2985 idem

536 3016 621 3063 est
662 3009 816 3081 quod·
854 3010 1208 3081 congregatio
1239 3009 1498 3079 fidelium,
1547 3018 1604 3067 et
1645 3012 1876 3085 quilibet
1916 3010 2257 3074 Christianus
2284 3025 2372 3073 est
2410 3018 2556 3074 sicut

515 3096 840 3152 membrum
869 3097 1042 3171 ipsius
1069 3098 1331 3156 Ecclesiae
1363 3116 1376 3154 z
1415 3100 1488 3155 de
1514 3116 1626 3173 qua
1660 3100 1863 3159 dicitur
1888 3104 2208 3163 Ecclesiast.
2246 3106 2353 3163 ult.
2385 3122 2401 3162 t
2429 3110 2557 3179 Ap-

531 3183 778 3254 propiate
820 3183 891 3240 ad
927 3201 1010 3241 me
1051 3186 1277 3253 indocti,
1320 3194 1370 3243 ct
1411 3196 1721 3263 conqreqate
1759 3208 1847 3248 vos
1886 3192 1945 3249 in
1980 3194 2191 3252 domum
2230 3194 2550 3269 discipilum.

535 3272 668 3327 Haec
699 3277 885 3328 autem
923 3273 1169 3333 Ecclesia
1207 3282 1397 3333 sancta
1435 3276 1599 3333 habet
1631 3287 1871 3353 quatuor
1911 3283 2273 3349 conditiones,
2309 3286 2441 3357 quia
2468 3293 2559 3340 est

535 3366 663 3428 una,
691 3359 821 3433 quia
841 3368 925 3417 est
946 3364 1314 3436 sancta-quia
1341 3372 1424 3421 est
1450 3366 1741 3435 catholica,
1773 3369 1828 3425 id
1848 3378 1931 3427 est
1961 3371 2306 3440 universalis,
2338 3381 2395 3429 et
2418 3373 2559 3447 quia

535 3455 621 3505 est
645 3448 806 3521 *sortis
827 3458 885 3507 et
905 3450 1083 3510 firma.
1113 3451 1390 3521 Quantum
1417 3454 1488 3509 ad
1518 3456 1772 3528 primum,
1804 3458 2088 3516 sciendum
2115 3469 2219 3528 est,
2250 3461 2398 3536 quod
2421 3462 2563 3518 licet.

533 3538 736 3595 diversi
777 3537 1023 3597 haeretici
1070 3539 1318 3597 diversas
1352 3550 1535 3599 sectas
1562 3544 1962 3616 adinvenerint,
1996 3563 2106 3606 non
2156 3557 2341 3607 tamen
2367 3552 2559 3624 perti-

534 3635 666 3683 nent
711 3627 782 3684 ad
819 3628 1142 3696 Ecclesiam,
1182 3630 1312 3702 quia
1356 3638 1485 3687 sunt
1510 3632 1683 3695 divisi⁴
1716 3634 1770 3690 in
1816 3645 2020 3710 parteS,
2052 3638 2149 3695 sed
2176 3637 2423 3695 Ecclesia
2466 3648 2559 3697 cst

533 3716 842 3790 unffi-Cant.
865 3732 924 3773 vt
959 3735 972 3772 ε
997 3716 1120 3775 Una
1142 3724 1216 3774 cst
1234 3719 1471 3775 columba
1489 3736 1622 3788 mea,
1649 3722 1891 3797 perfecta
1907 3742 2043 3782 mea.
2068 3726 2340 3783 causatur
2358 3736 2555 3786 autem

534 3803 716 3859 unitas
757 3804 1018 3862 Ecclesiae
1045 3821 1114 3862 ex
1143 3804 1336 3864 tribue.
1379 3809 1579 3876 Prima,
1613 3827 1681 3866 ex
1722 3814 1934 3869 unitate
1964 3812 2356 3873 fidei.'0mnes
2400 3818 2554 3873 enim

475 3884 480 3889 ’
533 3889 814 3946 christiani
833 3893 1070 3963 quisunt
1094 3893 1164 3951 de
1181 3910 1408 3969 corpore
1434 3896 1713 3967 Ecclesiae,
1736 3900 1883 3959 idem
1896 3900 2149 3960 credunt.
2170 3906 2191 3960 1
2215 3904 2465 3962 Corinth.
2489 3920 2510 3963 ι
2531 3925 2551 3963 :

533 3975 600 4029 la
627 3975 803 4046 ipsum
823 3978 1017 4037 dicatis
1039 3988 1241 4049 amna,
1263 3991 1318 4043 et
1344 3999 1453 4043 non
1476 3984 1589 4043 sint
1614 3985 1677 4051 iu
1704 3986 1847 4047 vobis
1883 3990 2189 4059 schismata,
2218 3998 2281 4051 et
2306 3992 2487 4068 Ephee
