2850 4517
599 388 684 431 lv.
717 388 899 434 —DE
940 391 1357 438 PERFECTIONE
1400 396 1568 441 Vl'l'AE
1619 399 1994 448 SPIRITUALIS
2189 391 2331 454 329

294 502 453 560 dibus
488 502 795 576 aliquorum
829 505 1115 578 praevalet‚
1165 514 1225 564 ut
1254 524 1360 566 non
1406 511 1584 570 solum
1625 514 1740 570 Deo
1788 515 1891 574 frui
1937 519 2107 578 velint
2151 529 2208 578 et
2253 509 2308 598 ei‘

292 592 517 660 servire,
546 593 643 650 sed
672 592 841 649 etiam
865 593 1129 666 proximis
1154 603 1377 670 propter
1403 600 1600 658 Deum.
1635 603 1790 660 Unde
1822 609 2120 678 Apostolus
2145 611 2300 680 dicit,

289 679 336 733 ll
373 679 502 736 Cor.
525 695 564 736 v
608 696 623 736 t
658 679 779 736 Sive
806 678 946 737 enim
974 687 1147 738 mente
1173 684 1488 754 excedimus,
1515 688 1730 746 scilicet
1757 709 1854 765 per
1881 697 2303 770 contemplatio·-

289 784 431 835 nem‚
470 768 575 826 hoc
607 777 691 826 est
728 769 862 836 De0‚
896 769 951 826 id
992 775 1094 841 est,
1133 775 1205 828 ad
1247 771 1509 831 honorem
1552 777 1653 834 Dei
1700 796 1714 836 z
1759 780 1880 838 Sive
1906 783 2074 841 sobrii
2099 802 2301 855 eumue,

286 858 443 929 quasi
480 857 639 915 vobis
663 858 1183 928 condescendenteS‚
1228 860 1333 920 hoc
1362 873 1446 920 est
1479 866 1642 933 vobis,
1675 868 1730 924 id
1761 876 1866 940 est,
1897 873 1967 929 ad
2007 875 2302 934 utilitatem

287 951 545 1004 vestram.
591 946 843 1006 Charitas
870 947 1015 1006 enim
1052 948 1260 1008 Christi
1294 959 1452 1026 urget
1495 972 1610 1023 nos,
1641 965 1704 1014 ut
1749 959 1959 1018 scilicet
2003 978 2104 1036 pro
2147 965 2302 1024 vobis

284 1035 469 1092 omnia
504 1035 789 1104 faciamus„
822 1036 967 1093 sicut
994 1037 1103 1109 glO.
1150 1043 1423 1116 exponit.·3,
1437 1045 1788 1104 Manifestum
1818 1055 1904 1108 est
1930 1058 2115 1112 autem
2151 1058 2300 1128 quod

282 1126 507 1197 majoris
541 1124 849 1182 dilectionis
891 1125 1108 1198 signum
1137 1135 1242 1198 est,
1280 1138 1343 1190 ut
1381 1131 1545 1190 homo
1586 1143 1809 1210 propter
1848 1139 2087 1200 amicum
2129 1145 2298 1204 etiam

208 1217 214 1223 '
280 1212 373 1268 alii
398 1213 623 1280 serviat,
651 1229 816 1287 quam
847 1213 895 1272 si
932 1214 1033 1272 soli
1072 1217 1251 1273 amico
1272 1219 1482 1279 servire
1507 1221 1662 1281 velit.
1707 1224 1862 1296 Quod
1889 1229 2056 1287 etiam
2095 1231 2300 1290 dicitur

278 1301 345 1358 de
374 1302 819 1375 contemplativae
855 1303 985 1360 vitae
1028 1305 1386 1378 perfectione,
1431 1327 1540 1368 non
1582 1313 1801 1372 videtur
1843 1317 1916 1374 ad
1955 1321 2294 1394 propositum

276 1390 573 1462 pertinere.
604 1392 738 1448 Cum
767 1390 915 1448 enim
948 1392 1251 1468 Episcopus
1276 1397 1548 1457 mediator
1584 1400 1728 1458 inter
1755 1404 1932 1462 Deum
1956 1415 2012 1466 et
2045 1408 2292 1468 homines

272 1479 665 1549 constituatur,
704 1489 923 1554 oportet
948 1481 1131 1554 ipsum
1158 1489 1215 1541 et
1243 1485 1301 1542 in
1324 1488 1544 1546 actione
1566 1491 1902 1566 praecellere,
1932 1494 1987 1566 in
2025 1504 2290 1571 quantum

271 1569 525 1626 minister
542 1569 822 1628 hominum
844 1571 1200 1630 constituitur
1226 1593 1241 1630 ε
1265 1583 1321 1632 et
1341 1575 1397 1632 in
1416 1580 1933 1654 contemplationem
1951 1587 2288 1660 praecipuum

270 1673 415 1723 esse,
445 1663 509 1714 ut
528 1647 601 1718 'ex
621 1659 737 1716 Deo
758 1657 979 1718 hauriat
1006 1661 1157 1734 quod
1181 1660 1496 1721 hominibus
1515 1668 1720 1725 tradat.
1748 1670 1902 1727 Unde
1921 1672 2058 1731 dicit
2081 1675 2285 1748 Grego.

266 1747 319 1803 in
349 1747 667 1806 Pastorali:
700 1767 727 1801 α
750 1747 833 1806 Sit
854 1748 1055 1820 praesul
1085 1749 1303 1807 actione
1327 1753 1655 1827 praecipuus,
1676 1773 1790 1829 prae
1812 1761 2024 1818 cunctis
2052 1770 2288 1822 contem-

264 1836 515 1908 platione
537 1851 852 1909 suspensus,
884 1841 1066 1894 rector
1090 1837 1431 1896 internorum
1455 1856 1648 1900 curam
1675 1845 1732 1902 in
1759 1849 2092 1906 exteriorum
2115 1867 2284 1910 occu-

260 1925 494 1996 patione
515 1937 627 1980 non
644 1923 913 1988 minuens,
936 1921 1267 1982 exteriorum
1289 1928 1694 2000 providentiam
1716 1932 1770 1989 in
1791 1934 2113 1994 interiorum
2128 1939 2284 1997 solli-

260 2012 516 2072 citudine
531 2011 981 2084 nonrelinquens.
1005 2013 1113 2072 Sed
1135 2015 1236 2072 etsi
1254 2014 1646 2077 detrimentum
1670 2018 1893 2094 aliquod
1917 2023 1974 2080 in
1994 2024 2282 2085 dulcedine

258 2099 749 2173 contemplationis
770 2100 1055 2173 patiuntur
1082 2117 1280 2175 proper
1308 2105 1644 2166 exteriorum
1677 2111 2116 2184 occupationem,
2151 2116 2280 2189 quia

259 2187 533 2262 proximis
563 2187 827 2256 serviunt,
855 2187 960 2247 hoc
984 2189 1163 2262 ipsum
1184 2189 1577 2265 perfectionem
1619 2195 1826 2256 divinae
1853 2198 2162 2260 dilectionis
2189 2210 2280 2262 at-

260 2286 525 2337 testatur.
549 2278 723 2350 Magis
748 2277 894 2335 enim
914 2278 1153 2352 aliquem
1174 2295 1367 2346 amare
1394 2283 1758 2356 convincitur,
1789 2289 1886 2362 qui
1911 2297 2135 2366 propter
2161 2294 2285 2367 ejus·

258 2383 511 2426 amorem
532 2367 877 2440 jucunditate
914 2363 1223 2440 praesentiae
1246 2371 1367 2442 ejus
1400 2371 1476 2430 ad
1518 2379 1732 2448 tempus
1767 2392 1960 2436 carere
1999 2381 2278 2441 desiderat

258 2459 311 2516 in
354 2457 485 2530 ejus
524 2457 766 2515 servitiis
807 2463 1125 2530 occupatus,
1159 2475 1327 2531 quam
1352 2461 1401 2518 si
1443 2463 1562 2536 ejus
1599 2467 1892 2536 praesentia
1927 2483 2142 2542 semper
2170 2471 2274 2528 frui

258 2547 450 2606 vellet.
482 2564 510 2600 n
529 2545 685 2603 Unde
726 2545 1021 2618 Apostolus
1048 2547 1118 2603 ad
1144 2549 1305 2605 Rom.
1338 2565 1421 2618 rx,
1443 2560 1760 2625 ‘postquam
1801 2556 2018 2615 dixerat
2049 2575 2062 2614 ε
2093 2558 2276 2632 Neque

256 2652 430 2702 mors,
466 2651 629 2708 neque
664 2634 779 2694 vita
822 2635 1091 2708 separabit
1134 2652 1217 2694 me
1246 2652 1281 2693 a
1307 2637 1574 2699 charitate
1601 2641 1726 2707 Dei,
1757 2646 2103 2715 postmodum
2137 2648 2274 2706 sub·

250 2725 442 2798 jungit
480 2741 496 2780 ι
541 2723 799 2798 Optabam
839 2739 930 2795 09⁰
956 2722 1068 2795 ipse
1094 2725 1374 2787 anathema
1404 2742 1508 2784 esse
1553 2744 1588 2784 a
1616 2727 1832 2787 Christo
1869 2748 1976 2804 pro
2001 2733 2273 2806 fratribus

255 2814 392 2878 nmis
433 2829 455 2873 .·
500 2813 647 2886 quod
687 2828 961 2886 exponens
1006 2811 1293 2887 Chrysost.
1330 2814 1468 2873 dicit
1513 2816 1570 2874 in
1611 2816 1708 2874 lib.
1750 2819 1820 2876 de
1852 2825 2271 2894 compunctione

256 2903 445 2960 cordis
471 2919 486 2958 ε
516 2923 543 2956 α
578 2904 662 2959 lta
688 2903 833 2958 enim
862 2907 1038 2958 totam
1064 2903 1183 2973 ejus
1212 2908 1451 2961 mentem
1475 2903 1722 2962 devinxit
1761 2923 1918 2966 amor
1955 2910 2180 2980 Christi,
2209 2922 2270 2971 ut
2328 2909 2331 2913 ’

257 2993 431 3050 etiam
463 2990 571 3053 hoc
590 2989 739 3063 quod
765 2990 817 3048 ei
846 3005 963 3063 prae
984 2990 1201 3048 caeteris
1229 2990 1484 3053 omnibus
1509 2993 1800 3064 amabilius
1825 3005 1966 3065 erat,
1999 3015 2122 3058 esso
2145 3015 2268 3058 cum

257 3082 497 3148 Christo,
527 3094 719 3138 rursus
750 3079 809 3136 id
833 3079 1035 3153 ipsum,
1054 3079 1184 3153 quia
1208 3080 1287 3138 ita
1302 3079 1544 3155 placeret
1568 3082 1803 3154 Christo,
1821 3094 2266 3151 contemneret».

256 3171 461 3231 Tertiae
512 3185 644 3228 vero
689 3169 983 3241 objectioni
1032 3168 1325 3242 dupliciter
1370 3172 1752 3244 respondetur.
1795 3174 1979 3236 Primo
2022 3178 2263 3252 quidem,

256 3262 389 3333 quia
420 3259 675 3332 Episcopi
701 3257 925 3316 divitias
946 3258 1207 3325 Ecclesiae
1233 3273 1371 3332 quas
1397 3259 1620 3329 habent,
1648 3275 1758 3322 non
1785 3265 1946 3338 quasi
1973 3281 2103 3326 suas
2134 3287 2266 3344 pos..

255 3349 457 3417 sident,
490 3347 588 3406 sed
616 3347 774 3420 quasi
799 3362 1115 3406 communes
1136 3348 1474 3422 dispensant,
1518 3349 1665 3423 quod
1692 3354 2024 3424 evangelicae
2049 3358 2266 3430 perfec„-

256 3437 393 3494 tioni
420 3451 531 3495 non
555 3436 801 3507 derogat.
829 3436 985 3495 Unde
1002 3437 1231 3510 Prosper
1255 3437 1409 3505 dicit,
1429 3444 1486 3494 et
1507 3436 1760 3510 habetur,
1793 3442 1900 3500 XII
1921 3461 1982 3516 q.
2013 3461 2094 3504 με
2124 3466 2151 3500 α
2169 3448 2266 3506 Ex.

252 3528 407 3601 pedit
434 3525 729 3584 facultates
748 3524 1007 3584 Ecclesiae
1034 3523 1319 3598 possideri,
1348 3533 1403 3592 et
1427 3521 1676 3604 proprias
1704 3545 1890 3590 amore
1917 3533 2268 3607 perfectionis

252 3615 531 3673 contemni
552 3633 602 3673 n.
619 3615 689 3674 Et
703 3619 895 3688 postea
914 3612 1224 3672 introducto
1240 3615 1417 3672 sancti
1441 3616 1654 3676 Paulini
1679 3620 1926 3694 exemplo
1949 3621 2230 3696 subjungit
2247 3644 2260 3682 ε

254 3725 280 3758 α
304 3705 429 3775 Quo
446 3704 596 3762 facto
608 3705 747 3764 satis
762 3702 1069 3763 ostenditur
1083 3708 1141 3762 et
1156 3703 1378 3777 propria
1405 3703 1606 3764 debere
1625 3715 1848 3782 propter
1871 3711 2263 3784 perfectionem

248 3794 553 3862 contemni,
598 3799 657 3850 et
696 3793 815 3852 sine
853 3791 1242 3864 impedimento
1268 3791 1622 3865 perfectio-nis
1647 3795 1912 3858 Ecclesiae
1951 3799 2260 3872 facultates,

250 3899 380 3958 quae
406 3891 537 3940 sunt
556 3881 801 3956 profecto
830 3895 1165 3950 communes,
1186 3880 1474 3955 possideri.
1496 3901 1526 3937 »
1555 3883 1713 3944 Circa
1741 3888 1889 3960 quod
1919 3897 2104 3948 tamen
2126 3907 2263 3950 con-

249 3971 608 4030 siderandum
634 3975 737 4042 est,
770 3969 915 4048 quod
947 3968 1208 4030 Ecclesiae
1240 3969 1534 4032 facultates
1559 3971 1608 4032 si
1645 3973 1728 4032 sic
1764 3975 1838 4034 ab
1867 3976 2054 4055 aliquo
2079 3981 2262 4056 possi-
