2850 4517
544 350 664 415 272
900 367 904 375 ’
1022 367 1072 413 s,
1118 365 1351 409 rnouAE
1392 363 1719 414 nummus
1762 363 2071 408 opuscum

536 486 745 544 Eccles.
780 496 847 546 m
880 501 893 540 ε
926 482 1043 540 Fili
1069 481 1273 554 suscipe
1293 487 1552 541 senectam
1572 479 1756 552 patrie
1784 478 1886 544 tui,
1916 487 1968 536 et
1995 495 2102 536 non
2125 483 2410 542 contristes
2436 503 2568 546 eum

536 576 599 632 in
639 574 755 630 vita
786 573 955 638 illiue,
999 579 1050 628 et
1077 571 1127 626 ei
1154 570 1403 642 defecerit
1431 585 1604 634 semu,
1629 569 1841 624 veniam
1867 567 1958 634 da,
1987 577 2042 626 et
2079 587 2147 626 ne
2172 587 2397 643 spernas
2439 592 2566 632 eum

535 664 597 720 in
624 671 719 720 tua
746 662 967 731 eis-tute.
998 661 1169 727 Quam
1196 658 1349 715 maloe
1371 657 1534 730 firmoe
1567 664 1642 714 est
1665 657 1758 729 qui
1785 657 2110 730 derelinquit
2133 669 2368 730 patrem,
2401 672 2454 720 et
2484 674 2566 723 eet

533 751 845 809 maledictus
884 769 919 805 a
956 751 1059 806 Deo
1087 748 1181 821 qui
1209 754 1488 820 eaeasperat
1523 754 1772 810 matrem.
1803 747 1889 804 Ad
1916 747 2292 806 confusionem
2335 752 2565 811 illorum

533 841 629 914 qui
674 846 865 896 contra
908 826 1135 897 faciunt,
1167 837 1320 910 ponit
1363 835 1721 893 Cassiodorus
1749 837 1802 892 in
1851 837 2100 909 epistolis
2148 837 2259 893 lib..
2293 841 2362 906 11,
2407 844 2564 914 quod

535 929 765 986 ciconiae
810 924 935 984 cum
966 935 1222 1000 parentes
1248 940 1438 981 earum
1480 941 1684 998 pennas
1725 925 1878 981 senio
1923 933 2157 997 cogente
2201 927 2558 1000 laxaverunt,

534 1033 637 1075 nec
662 1019 729 1073 ad
770 1017 1019 1089 proprios
1056 1015 1209 1070 cibos
1241 1011 1421 1070 idonei
1452 1021 1678 1085 possunt
1719 1014 1970 1079 inveniri,
2005 1015 2204 1086 plumis
2231 1019 2346 1076 suis
2393 1022 2564 1090 geni-

538 1111 722 1160 torum
748 1103 992 1159 membra
1019 1101 1285 1168 foventes,
1314 1099 1456 1156 escis
1479 1114 1706 1172 corpora
1737 1100 1859 1156 laxa
1889 1102 2160 1169 reficiunt,
2189 1111 2244 1160 et
2266 1106 2357 1178 pia
2383 1107 2564 1166 vicis-

536 1193 773 1248 situdine
790 1194 1021 1264 juvenes
1048 1188 1303 1252 reddunt,
1336 1187 1484 1262 quod
1521 1203 1554 1245 a
1581 1188 1898 1261 parentibus
1924 1190 2136 1262 parvuli
2166 1203 2560 1264 susceperunt,

536 1281 671 1337 Item
700 1279 883 1348 tertio,
911 1279 1005 1353 qui
1020 1277 1333 1333 docuerunt
1355 1292 1473 1343 nos,
1502 1276 1764 1333 debemus
1790 1278 1872 1334 eis
1895 1279 2138 1335 obedire.
2169 1281 2448 1338 Colosseu.
2483 1300 2556 1340 v:

538 1369 704 1434 Filii,
720 1367 920 1424 obedite
941 1365 1259 1438 parentibus
1284 1365 1496 1430 vestris,
1509 1365 1624 1421 nisi
1649 1367 1844 1424 scilieet
1869 1367 1930 1422 in
1957 1367 2040 1424 his
2065 1363 2338 1442 qna-'sunt
2361 1380 2560 1429 contra

538 1457 731 1524 Deum
773 1457 1099 1529 leronymus
1145 1453 1215 1510 ad
1263 1453 1632 1510 Helionorum.
1677 1456 1861 1518 Solum
1903 1457 2125 1530 pietatis
2164 1473 2338 1528 genus
2366 1467 2454 1516 est
2499 1461 2560 1520 in

536 1547 640 1602 hae
668 1561 727 1601 re
754 1560 875 1600 esse
915 1541 1211 1600 crudelem.
1244 1543 1407 1599 Lucae
1439 1558 1541 1598 xiv
1574 1560 1588 1597 ε
1618 1542 1677 1599 si
1703 1543 1824 1615 quie
1865 1560 1972 1600 non
2000 1545 2109 1602 odit
2131 1553 2338 1617 patrem
2363 1563 2557 1623 sugam,

534 1643 589 1698 et
614 1642 863 1700 matrem,
885 1649 991 1689 non
1016 1639 1184 1705 potest
1204 1648 1345 1688 meus
1372 1648 1478 1687 esse
1505 1632 1814 1706 discipulus,
1840 1634 1988 1690 Deus
2011 1635 2155 1690 enim
2179 1634 2358 1691 verior
2385 1643 2556 1708 pater

536 1730 645 1793 est3
665 1724 963 1779 Deuteron.
992 1737 1193 1778 xxxii:
1217 1720 1498 1802 Numquid
1523 1738 1631 1777 non
1655 1721 1768 1794 ipse
1797 1728 1872 1778 eet
1890 1728 2050 1794 patei·
2079 1730 2224 1790 tuus,
2249 1724 2344 1796 qui
2366 1741 2558 1797 poese-

535 1812 636 1878 dit,
667 1818 718 1868 et
743 1811 894 1884 fecit,
924 1819 973 1867 et
999 1811 1201 1867 brenvit
1230 1812 1322 1868 te?
1537 1810 1544 1819 ”

608 1901 831 1958 Honora
871 1903 1283 1973 patremmeum,
1316 1905 1425 1954 eto.
1457 1898 1604 1954 Inter
1634 1899 1818 1956 omnia
1859 1906 2136 1972 praeoepta
2177 1900 2307 1957 huic
2336 1909 2555 1962 tautum

536 1991 873 2063 adjungitur,
900 1989 1063 2046 ut‘eis
1088 1989 1351 2060 lonqoevus
1388 1993 1814 2060 super-terram.
1855 1988 1922 2044 Et
1967 1988 2109 2044 ratio
2147 1988 2310 2062 hujus
2347 1997 2452 2056 est,
2487 2009 2554 2048 ne

531 2080 789 2136 credatur
838 2095 945 2134 non
987 2077 1171 2134 deberi
1206 2077 1490 2150 praemium
1523 2075 1932 2132 honorantibus
1971 2084 2249 2150 parentes,
2299 2079 2428 2151 quia
2467 2089 2552 2138 est

532 2167 803 2225 naturale.
850 2165 958 2224 Sed
1000 2165 1302 2225 sciendum,
1354 2163 1504 2236 quod·
1546 2163 1941 2221 honorantibus
1987 2173 2261 2238 parenteS‚
2289 2167 2551 2241 -quinque

532 2254 919 2312 desiderabilia
955 2253 1367 2324 promittuntur.
1413 2252 1484 2306 Et
1535 2253 1771 2324 primum
1814 2260 1898 2308 est
1945 2255 2122 2325 gratia
2165 2255 2220 2310 in
2264 2259 2548 2328 praesenti,

533 2345 707 2414 gloria
748 2344 802 2398 in
844 2342 1047 2407 futuro,
1098 2355 1223 2411 quae
1270 2340 1506 2395 maxime
1533 2339 1936 2397 desiderantur.
1967 2341 2287 2400 Ecclesiast.
2317 2359 2356 2399 v
2390 2359 2412 2399 ε
2437 2347 2553 2401 Ho-

538 2447 677 2488 nora
704 2437 912 2502 patrem
936 2434 1109 2493 tuum,
1136 2434 1196 2484 ut
1220 2427 1563 2500 superveniat
1591 2428 1692 2484 tibi
1729 2427 2013 2487 benedictio
2042 2447 2077 2485 a
2102 2430 2234 2498 Deo,
2261 2438 2371 2490 eto.
2405 2436 2555 2490 Con-

535 2517 767 2582 trarium
793 2515 1024 2572 debetur
1064 2515 1534 2581 maledicentibus,
1587 2526 1642 2573 et
1685 2520 1852 2575 etiam
1891 2520 1946 2575 in
1991 2519 2110 2592 lege
2150 2520 2554 2579 maledicuntur

534 2623 567 2664 a
613 2607 748 2676 Deo,
778 2611 843 2661 ut
883 2603 1085 2661 dicitur
1125 2605 1347 2660 Denter.
1377 2620 1568 2673 xxvu,
1600 2613 1657 2663 et
1685 2607 1849 2664 Lucae
1882 2623 2003 2675 xvr,
2035 2608 2237 2664 dicitur
2287 2626 2300 2663 :
2344 2609 2452 2675 Qui
2492 2611 2555 2666 in

532 2694 736 2750 modico
775 2693 996 2766 iniquus
1036 2701 1132 2759 est,
1170 2700 1221 2748 et
1256 2693 1317 2749 in
1348 2693 1551 2767 niujori
1591 2695 1810 2767 iniquus
1837 2702 1931 2752 est.
1977 2697 2082 2753 Sed
2129 2698 2240 2753 vita
2286 2699 2556 2754 naturalis

534 2785 691 2856 quasi
724 2783 855 2839 nihil
896 2789 980 2838 est
1010 2783 1063 2837 in
1088 2784 1497 2856 comparatione
1525 2783 1595 2840 ad
1623 2784 1796 2840 vitam
1830 2785 2044 2856 gratiae.
2076 2785 2131 2842 Si
2159 2801 2292 2858 ergo
2317 2801 2428 2842 non
2459 2804 2556 2844 re·-

534 2873 821 2943 cognoscis
860 2871 1184 2928 beneficium
1228 2873 1357 2928 vitae
1408 2871 1676 2928 naturalis
1721 2889 1887 2946 quam
1929 2873 2098 2930 hebes
2145 2891 2177 2929 a
2204 2876 2550 2948 parentibus,¹

536 2962 788 3032 indignus
820 2976 881 3015 es
916 2961 1028 3016 vita
1066 2961 1261 3032 gratiae
1303 2977 1428 3032 quae
1474 2962 1650 3032 major
1691 2968 1794 3028 est,
1841 2969 1896 3016 et
1933 2977 2030 3034 per
2066 2977 2411 3034 consequens
2438 2964 2558 3021 vita

534 3050 743 3120 gloriae,
776 3063 899 3120 quae
942 3050 1179 3105 maxima
1220 3057 1323 3104 est.
1353 3048 1663 3106 Secundum
1705 3049 2068 3106 desiderabile
2095 3060 2178 3107 est
2201 3052 2318 3108 vita
2351 3069 2366 3107 ε
2403 3053 2558 3111 Unde

532 3143 596 3193 ut
622 3137 698 3191 eis
722 3138 983 3208 lonqoevus
1008 3153 1173 3209 super
1200 3144 1423 3194 terram.
1451 3137 1663 3194 Dicitur
1687 3137 1894 3194 Eccles.
1920 3154 1988 3196 ιιι
2021 3156 2036 3194 :
2064 3139 2170 3205 Qui
2197 3141 2428 3198 honorat
2448 3160 2559 3214 pa-

535 3231 674 3281 trem
698 3240 854 3279 enum
883 3224 999 3281 vita
1034 3225 1173 3283 vivet
1196 3225 1451 3296 longiore.
1479 3225 1548 3282 Et
1568 3235 1699 3283 nota
1721 3226 1869 3300 quod
1899 3227 2010 3284 vita
2037 3229 2195 3300 longa
2219 3238 2307 3286 est
2331 3233 2560 3304 quando

536 3318 621 3368 est
644 3311 824 3384 plena,
856 3322 913 3369 et
935 3329 1062 3385 quae
1083 3330 1187 3369 non
1212 3321 1564 3370 mensuratur
1586 3321 1852 3387 tempor-e,-
1872 3315 1968 3371 sed
1990 3318 2230 3384 actione‚·
2247 3319 2562 3378 secuudum

538 3401 945 3474 Philosophum.·
972 3403 1127 3458 Tunc
1163 3411 1347 3458 autem
1378 3401 1535 3474 plena
1578 3409 1664 3458 est
1706 3403 1840 3480 vita,
1869 3405 2088 3476 quando
2117 3398 2201 3462 est
2242 3407 2494 3464 virtuosa
2541 3425 2560 3466 z

535 3497 592 3544 et
622 3489 744 3546 ideo
764 3491 1042 3548 virtuosus
1067 3497 1125 3546 et
1150 3496 1373 3547 sanctus
1394 3490 1488 3546 diu
1517 3491 1673 3566 yivit,
1701 3493 1956 3564 quamvis
1981 3494 2095 3549 cito
2119 3493 2388 3552 moriatur
2425 3511 2562 3553 cor-

537 3578 818 3651 poraliter,
850 3578 976 3636 ideo
1011 3579 1213 3636 dicitur
1251 3580 1381 3652 Sap.
1421 3595 1478 3636 iv
1511 3597 1525 3636 ε
1555 3579 1960 3640 consummatus
2005 3581 2066 3638 in
2110 3582 2284 3649 brevi,
2325 3585 2562 3656 explevit

537 3674 779 3740 tempora
802 3669 973 3725 mulla
999 3669 1233 3741 :placita
1256 3668 1395 3724 enim
1414 3677 1533 3725 erat
1561 3669 1666 3726 Deo
1689 3671 1875 3726 anima
1903 3671 2072 3728 illiue.
2111 3672 2334 3744 Optime
2367 3680 2562 3732 autem

538 3763 816 3812 mercatur
856 3756 968 3825 ille,
1012 3758 1107 3832 qui
1154 3764 1364 3815 tantum
1396 3759 1527 3816 facit
1557 3775 1664 3816 una
1700 3759 1810 3828 die,
1843 3768 2116 3842 quantuni
2155 3759 2297 3816 alius
2341 3761 2399 3816 in
2447 3777 2561 3818 uuo
2617 3793 2632 3804 ·

535 3859 699 3902 anno,
744 3844 813 3900 Et
858 3853 987 3904 uota
1032 3847 1176 3920 quod
1220 3847 1515 3919 aliquando
1545 3847 1763 3916 accidit,
1795 3847 1944 3922 quod
1988 3848 2200 3922 longior
2228 3848 2343 3906 vita
2386 3863 2562 3907 causa

538 3936 625 3986 est
650 3934 845 3992 mortis
870 3935 1169 4008 corporalis
1196 3943 1252 3992 et
1279 3935 1602 4010 spiritualis,
1629 3936 1776 3994 siout
1804 3937 2010 3995 accidit
2047 3939 2230 4010 Judae.
2261 3937 2562 4000 Praemium
