2850 4517
437 348 555 409 190
909 362 961 407 s.
1006 360 1237 405 momAE
1276 358 1602 410 Acamans
1644 358 1960 403 croscum

436 472 717 543 dexteram
745 494 897 536 suam
922 477 1093 551 ponit,
1123 475 1319 533 merito
1343 474 1486 531 filius
1510 475 1609 531 Dei
1633 474 1801 531 etiam
1821 474 2119 531 secundum
2143 473 2444 532 humanam

436 578 687 626 naturam
728 569 929 625 dicitur
972 566 1040 623 ad
1079 566 1361 625 dexteram
1390 564 1563 638 patris
1589 562 1800 632 sedere,
1831 564 1989 637 quasi
2032 580 2194 637 super
2223 580 2444 621 omnem

436 664 743 723 creaturam
788 655 843 711 in
886 654 1153 727 dignitate
1182 652 1419 709 coelestis
1460 651 1614 723 regni
1659 651 1952 717 exaltatuS.
1997 652 2242 725 Utroque
2271 652 2444 723 igitur

438 746 598 801 modo
622 746 811 800 sedere
838 744 907 801 ad
949 744 1229 802 dexteram
1259 748 1343 799 est
1371 742 1650 815 proprium
1691 741 1890 797 Christi
1927 757 1942 797 ε
1974 740 2118 796 unde
2145 744 2338 813 Apost.
2370 740 2442 797 ad

435 834 569 891 Heb.
605 850 644 889 1.
686 833 821 890 dicit
878 850 890 887 :
922 833 1013 888 Ad
1036 849 1189 905 quom
1227 838 1402 887 autem
1431 830 1736 902 angelorum
1773 828 1914 885 dimit
1941 828 2272 901 aliquando:
2315 829 2444 885 Sede

436 942 470 981 a
512 923 717 979 dextris
742 923 913 985 meis?
960 923 1111 978 Hanc
1158 921 1323 993 igitur
1370 920 1568 976 Christi
1618 920 1992 977 ascensionem
2041 918 2366 975 confitemur
2407 936 2444 976 a

436 1014 691 1089 Symbolo
708 1014 955 1069 dicentes
974 1029 986 1066 :
1004 1010 1259 1067 Ascendit
1270 1010 1327 1066 in
1348 1011 1550 1074 coelum,
1565 1009 1704 1065 sedet
1720 1008 1792 1064 ad
1805 1009 2094 1065 Dexteram
2119 1009 2222 1067 Dei
2233 1008 2440 1081 patris.

1114 1181 1398 1250 CAPUT
1469 1181 1757 1250 CCXLI.

511 1310 688 1403 Quod
721 1326 1000 1415 Christus
1026 1324 1351 1387 secundum
1376 1328 1663 1386 naturam
1693 1321 2018 1385 humanam
2032 1319 2371 1401 judicabit.

506 1460 585 1513 Ex
632 1458 715 1513 his
752 1474 877 1531 quae
912 1457 1061 1514 dicta
1090 1464 1235 1525 sunt,
1268 1456 1556 1515 manifeste
1595 1454 1888 1527 colligitur,
1935 1454 2079 1527 quod
2108 1470 2202 1527 per
2240 1453 2442 1511 Christi

437 1548 747 1622 passionem
774 1556 829 1603 et
856 1553 1101 1613 mortem,
1132 1546 1551 1603 resurrectionis
1587 1553 1754 1618 atque
1783 1543 2116 1601 ascensionis
2150 1542 2380 1614 gloriam
2409 1559 2441 1600 a

437 1642 663 1709 peccato
706 1644 761 1691 et
805 1642 977 1691 morte
1020 1634 1234 1693 liberati
1276 1651 1464 1691 sumus
1503 1640 1559 1690 et
1591 1633 1886 1706 justitiam,
1919 1638 1975 1689 et
2010 1632 2441 1691 immortalitatis

439 1716 686 1795 gloriam,
728 1723 954 1780 hancin
992 1740 1068 1790 re,
1118 1723 1267 1780 illam
1307 1724 1363 1779 in
1392 1738 1488 1796 spe
1516 1722 1722 1795 adepti.
1752 1723 1886 1779 ,Haec
1916 1730 2098 1778 autem
2129 1736 2254 1793 quae
2295 1736 2438 1793 prae·

440 1808 695 1881 diximus,
742 1814 949 1870 scilicet
991 1813 1190 1886 passm,
1233 1829 1397 1879 mor-S,
1432 1817 1487 1867 et
1525 1812 1872 1879 resurrectio,
1905 1819 1960 1867 et
2001 1810 2170 1866 etiam
2193 1810 2442 1866 ascensio

440 1908 565 1957 sunt
591 1904 645 1958 in
672 1903 887 1959 Christo
912 1903 1210 1960 secundum
1232 1902 1524 1958 humanam
1548 1905 1820 1957 naturam.
1843 1900 2251 1971 consequenter
2274 1898 2443 1970 igitur

439 1997 651 2065 oportet
676 1992 805 2060 dici,
851 1994 981 2066 quia
1010 1992 1308 2049 secundum
1336 2006 1402 2047 ea
1445 2004 1570 2062 quae
1607 1987 1662 2044 in
1690 1987 1928 2043 humana
1971 1993 2166 2044 natura
2194 1987 2442 2043 Christus

440 2081 521 2136 vel
550 2098 739 2153 passus
761 2090 865 2149 est,
898 2082 983 2139 val
1021 2081 1151 2137 fecit
1175 2096 1273 2137 nos
1298 2096 1331 2137 a
1358 2078 1516 2133 malis
1545 2086 1655 2133 tam
1683 2075 2080 2149 spiritualibus,
2121 2092 2286 2149 quam
2315 2092 2444 2133 cor-

359 2194 363 2197 *
440 2170 729 2243 poralibus'
753 2171 1051 2247 liberando,
1084 2170 1155 2225 ad
1176 2167 1484 2242 spiritualia
1511 2175 1568 2222 et
1596 2165 1803 2224 aete‘rna
1831 2166 1972 2222 bona
2011 2166 2300 2239 promovit.
2345 2167 2443 2222 Est

438 2268 623 2315 autem
651 2271 1008 2331 consequens,
1042 2263 1101 2313 ut
1130 2258 1223 2329 qui
1263 2256 1538 2329 aliquibus
1563 2256 1748 2330 aliqua
1791 2256 1933 2313 hona
1961 2256 2216 2328 acquirit,
2249 2255 2441 2312 eadem

438 2348 573 2419 ipsis
618 2347 916 2417 dispenset.
956 2346 1301 2418 Dispensatio
1342 2352 1530 2401 autem
1567 2346 1834 2403 bonorum
1872 2345 1926 2401 in
1967 2345 2169 2401 multos
2210 2345 2442 2417 requirit

432 2436 719 2507 judicium,
749 2441 810 2491 ut
839 2435 1212 2508 unusquisque
1236 2434 1536 2491 secundum
1575 2451 1734 2491 suum
1757 2434 1986 2507 gradum
2013 2434 2267 2508 accipiat.
2299 2436 2442 2491 Con-

439 2525 718 2581 venienter
744 2522 908 2594 igitur
934 2523 1177 2580 Christus
1200 2524 1498 2580 secundnm
1523 2524 1814 2581 humanam
1843 2529 2116 2590 naturam,
2142 2525 2440 2582 secundum

440 2628 605 2686 quam
629 2612 890 2686 mysteria
914 2612 1166 2682 humana-2
1188 2612 1380 2669 salutis
1404 2612 1668 2687 implevit,
1695 2613 1864 2685 judex
1891 2614 2244 2670 constituitur
2268 2630 2300 2670 a
2327 2614 2440 2671 Deo

441 2719 601 2775 super
632 2702 894 2769 homines,
928 2719 1065 2776 quos
1094 2703 1327 2759 salvavit
1356 2720 1370 2760 ι
1402 2703 1546 2759 unde
1575 2703 1776 2758 dicitur
1810 2703 1966 2759 Joan.
2013 2718 2049 2757 v
2079 2721 2093 2759 ε
2127 2704 2440 2761 Ροεεειαιεηι

440 2791 583 2846 dedit
602 2790 659 2846 υἱ
678 2791 943 2861 judicium
970 2791 1148 2863 facere
1174 2791 1385 2849 scilicet
1415 2800 1570 2864 pater
1597 2790 1725 2859 filio,
1757 2792 1886 2863 quia
1911 2790 2058 2873 filius
2089 2791 2321 2848 hominis
2343 2798 2440 2857 est,

440 2878 689 2950 quamvis
718 2884 773 2934 et
810 2878 912 2933 hoc
940 2878 1137 2935 habeat
1176 2877 1339 2935 aliam
1372 2879 1660 2934 rationem.
1705 2878 1800 2933 Est
1841 2878 1988 2934 enim
2028 2880 2453 2941 conveniensut¹

433 2968 675 3039 judicem
703 2968 923 3024 videant
946 2968 1229 3040 judicandi
1262 2985 1277 3023 ε
1304 2969 1477 3023 Deum
1507 2973 1694 3023 autem
1721 2968 1864 3039 apud
1894 2983 2054 3043 quem
2079 2968 2282 3040 judicis
2305 2984 2455 3027 auc-.

444 3056 635 3113 toritas
681 3057 903 3123 resi-det,
954 3056 1012 3111 in
1055 3072 1155 3113 sua
1200 3063 1397 3111 natura
1441 3055 1628 3111 videre
1667 3062 1753 3112 est
1797 3057 2102 3128 praemium,
2147 3058 2294 3130 quod
2345 3074 2444 3129 per

434 3146 702 3217 judicium
730 3146 994 3201 redditur.
1022 3146 1278 3218 Oportuit
1307 3145 1476 3217 igitur
1499 3146 1646 3219 quod
1673 3148 1821 3203 Deus
1840 3147 2011 3219 judex‘
2033 3162 2138 3204 non
2161 3148 2442 3211 ,innatura

441 3234 658 3307 propria
694 3235 789 3289 sed
818 3236 873 3290 in
904 3244 1098 3304 natura
1144 3242 1429 3307 assumpta
1451 3236 1520 3291 ab
1547 3236 1858 3303 hominibus
1884 3237 2181 3307 videretur,
2227 3238 2320 3311 qui
2343 3239 2442 3311 ju-
2529 3306 2535 3313 ‚

439 3323 655 3379 dicandi
682 3332 826 3391 sunt,
854 3332 964 3379 tam
992 3323 1147 3379 bonis
1170 3340 1336 3395 quam
1362 3324 1855 3381 malis..Mali.enim
1885 3326 1930 3382 si
1959 3327 2132 3383 Deum
2161 3327 2216 3383 in
2243 3332 2443 3384 natura

440 3410 743 3467 divinitatis
784 3412 1053 3478 viderent,
1089 3413 1205 3482 jam
1234 3412 1520 3483 praemi'um
1546 3420 1910 3485 reportarent,
1942 3430 2049 3487 quo
2079 3432 2138 3471 se
2184 3416 2443 3473 reddide-

441 3507 567 3555 runt
592 3502 860 3571 indignos.
880 3500 989 3555 'Est
1010 3500 1177 3555 etiam
1207 3501 1534 3578 conveniens
1568 3497 2228 3576 exaltationis'praemium
2255 3506 2444 3563 humi—

443 3588 649 3645 liationi
680 3590 879 3647 Christi
910 3588 1261 3661 respondem,
1306 3591 1401 3663 qui
1431 3607 1602 3663 usque
1630 3592 1696 3648 ad
1728 3591 1830 3648 hoc
1853 3592 2130 3649 humiliari
2158 3593 2350 3662 voluit,
2381 3602 2445 3649 ut.

442 3680 543 3734 sub
566 3677 781 3734 homine
809 3678 996 3750 judice
1019 3676 1359 3749 judicaretur
1382 3679 1584 3751 injuste
1612 3697 1624 3737 :
1654 3681 1796 3737 unde
1824 3682 1894 3737 ad
1931 3682 2074 3739 hanc
2099 3683 2439 3739 humiliatio-

440 3782 564 3821 nem
593 3766 1000 3839 exprimendam
1042 3767 1319 3838 signanter
1368 3768 1425 3823 in
1453 3768 1708 3841 Symbolo
1749 3771 2236 3839 eum'subPontio
2266 3772 2442 3828 Pilato

442 3870 661 3926 passum
702 3855 955 3911 fatemur.
986 3856 1100 3911 Hoc
1140 3856 1311 3926 igitur,
1332 3856 1680 3923 exaltationis
1716 3858 2000 3929 praemium
2023 3858 2325 3915 debebatur
2367 3861 2452 3929 ei,

441 3947 506 3999 ut
542 3941 991 4015 ipsesecundum
1022 3944 1313 4001 humanam
1353 3954 1606 4004 naturam
1641 3946 1808 4017 judex
1837 3962 1870 4018 a
1909 3950 2025 4005 Deo
2053 3949 2294 4005 omnium
2334 3948 2446 4005 ho-
