2850 4517
764 436 853 480 ix.
882 452 965 465 —
992 438 1069 481 nn
1114 436 1530 482 sanum-riona
1585 435 1896 481 nussum
2221 416 2341 479 459

328 541 802 629 Dominus-Filius,
833 551 1100 609 Dominus
1126 551 1362 625 Spiritus
1389 551 1643 619 Sanctus,
1673 550 1887 607 scilicet
1916 554 2033 608 tota
2073 548 2337 607 Trinitas.

326 640 773 719 Unde-cantatur
814 638 883 697 de
923 656 991 698 ea
1030 658 1045 698 z
1091 662 1119 694 α
1169 640 1363 698 Totius
1389 639 1680 699 Trinitatis
1716 638 1897 696 nobile
1935 637 2257 695 triclinium.
2311 656 2339 689 n

327 730 438 785 Hoc
480 738 665 787 autem
708 728 951 786 verbum.
994 730 1255 786 Dominus
1292 737 1482 796 tecum,
1527 734 1611 785 est
1639 727 1876 800 nobilius
1918 726 2168 799 verbum·
2193 724 2341 800 quod

326 818 423 874 sibi
454 817 565 874 dici
607 818 799 891 possit.
838 818 1031 874 Merito
1054 834 1185 889 ergo
1214 817 1440 889 angelus
1477 823 1758 873 reveretur
1784 816 2010 873 Beatam
2040 813 2340 887 Virginem,

325 907 449 981 quia
492 912 677 964 mater
720 906 957 977 Domini,
1002 912 1059 962 et
1100 905 1225 962 ideo
1253 906 1476 965 domina
1517 910 1622 962 est.
1665 904 1821 961 Unde
1859 903 2116 961 convenit
2145 904 2193 959 ei
2242 902 2346 958 hoc

324 1010 519 1051 nomen
548 995 739 1063 Maria,
779 994 924 1069 quod
954 994 1093 1069 Syra
1131 994 1335 1067 lingua,
1368 994 1764 1067 interpretatur
1801 1012 1816 1049 t
1864 994 2129 1049 Domina.‘
2157 988 2344 1047 Tertio
2443 1017 2456 1025 -

324 1074 544 1141 excedit
580 1082 803 1156 angelos
842 1092 1108 1156 quantum
1145 1083 1215 1141 ad
1259 1082 1577 1157 puritatem,
1627 1083 1757 1156 quia
1801 1080 1968 1137 Beata
2020 1080 2186 1151 Virgo
2237 1094 2345 1136 nou

323 1172 500 1229 solum
524 1179 643 1229 erat
671 1189 807 1245 pura
837 1172 892 1227 in
921 1188 1001 1239 se,
1040 1172 1136 1228 sed
1164 1173 1333 1228 etiam
1363 1172 1678 1245 procuravit
1707 1166 2004 1245 puritatem
2043 1167 2185 1225 aliis.
2217 1165 2343 1240 Ipsa

320 1261 464 1317 enim
505 1260 798 1333 purissima
821 1258 948 1315 init
978 1264 1036 1317 et
1067 1257 1335 1332 quantum
1364 1259 1435 1317 ad
1477 1258 1713 1331 culpam,
1742 1258 1871 1331 quia
1904 1258 2024 1331 ipsa.
2050 1256 2215 1327 Virgo
2245 1269 2345 1310 nec

324 1348 577 1428 mortale,
600 1363 701 1406 nec
723 1348 939 1406 veniale
962 1355 1250 1421 peccatum
1268 1349 1519 1404 incurrit.
1538 1348 1694 1413 Item,
1717 1352 1985 1420 quantum
2007 1345 2073 1401 ad
2103 1358 2340 1417 posnam.

322 1439 453 1495 Tres
477 1439 628 1494 enim
668 1437 1082 1494 maledictiones
1110 1433 1259 1493 datas
1286 1444 1415 1492 sunt
1445 1435 1754 1491 hominibus
1783 1439 2004 1507 propter
2033 1439 2342 1506 peccatum.

322 1527 507 1583 Prima
531 1526 662 1582 data
688 1533 783 1603 est·
799 1526 1033 1601 mulieri,
1065 1525 1277 1581 scilicet
1300 1521 1448 1597 quod
1477 1540 1602 1581 cum
1628 1523 1978 1596 corruptione
2005 1521 2340 1593 conciperet,

322 1630 445 1670 cum
468 1600 791 1687 gravamine
809 1620 1082 1685 portaret,
1114 1620 1171 1668 et
1200 1613 1255 1667 in
1289 1612 1479 1668 dolore
1506 1617 1743 1685 pareret.
1769 1610 1874 1667 Sed
1906 1609 1974 1665 ad
2005 1610 2110 1665 hoc
2136 1609 2343 1664 immu-

324 1702 408 1758 nis
448 1702 557 1757 fuit
596 1702 765 1757 Beata
807 1700 995 1771 Virgo,
1046 1700 1179 1772 quia
1204 1700 1323 1755 sine
1350 1699 1703 1769 corruptione
1731 1694 2012 1768 concepit,
2047 1697 2103 1751 in
2146 1695 2345 1752 solatio

322 1792 588 1876 portavit,
621 1788 756 1845 etin
784 1787 984 1859 gaudio
1009 1787 1223 1859 peperit
1255 1784 1616 1859 salvatorem.
1645 1787 1751 1842 [sa.
1778 1799 1986 1841 xxxv.
2021 1783 2346 1840 Germinnns

321 1878 651 1951 ρενπιίηαὺίι
696 1874 1075 1939 exultabunda,
1124 1880 1175 1931 et
1220 1873 1482 1930 laudans.⁴
1511 1872 1763 1929 Secunda
1805 1873 1938 1928 data
1984 1879 2066 1927 est
2113 1871 2338 1940 homini,

323 1965 541 2023 scilicet
566 1964 713 2037 quod
754 1965 807 2019 in
850 1964 1047 2019 sudore
1085 1962 1269 2019 vultus
1304 1968 1622 2019 vesceretur
1665 1976 1828 2035 pane·
1833 1975 1951 2016 suo.
1992 1958 2076 2015 Ab
2102 1958 2207 2015 hac
2233 1961 2343 2015 im-

322 2054 511 2111 munis
534 2052 830 2109 l'uitBeata
859 2052 1043 2123 Virgo,
1076 2049 1224 2124 quia,
1271 2067 1331 2107 ut
1359 2049 1496 2107 dicit
1523 2054 1714 2123 Apost.
1755 2050 1779 2105 1
1815 2047 1996 2105 Corin.
2029 2063 2111 2104 vn
2143 2064 2157 2103 z
2210 2046 2346 2105 Vir-

322 2146 477 2215 qines
514 2142 700 2199 solutae
731 2148 857 2197 sunt
894 2156 932 2196 a
956 2156 1089 2196 cura
1132 2140 1291 2211 hujus
1330 2139 1544 2205 mundi,
1573 2146 1621 2194 et
1648 2137 1748 2194 soli
1783 2138 1893 2194 Deo
1917 2143 2128 2193 vacant.
2155 2136 2344 2191 Tertia

322 2231 431 2291 fuit
455 2230 762 2287 communis
784 2229 917 2285 viris
940 2236 996 2284 et
1019 2228 1356 2296 mulieribus,
1388 2227 1598 2283 scilicet
1624 2233 1684 2282 ut
1714 2228 1768 2283 in
1789 2225 2071 2299 pulverem
2094 2232 2344 2280 reverte-

324 2324 539 2376 rentur.
583 2320 651 2373 Et
688 2317 759 2375 ‘ab
798 2304 902 2375 hac
943 2318 1201 2374 immunis
1238 2317 1340 2374 suit
1368 2316 1534 2373 Beata
1572 2315 1760 2387 Virgo,
1792 2314 1936 2388 quia,
1949 2329 2074 2370 cum
2114 2328 2344 2386 corpore

322 2415 613 2480 assumpta
636 2396 721 2463 est
742 2406 797 2462 in
827 2406 1047 2463 eoelum.
1078 2404 1364 2465 Credimus
1388 2406 1535 2462 enim
1563 2403 1707 2478 quod
1738 2410 1862 2477 post
1891 2410 2121 2459 mortem
2156 2416 2345 2457 resus-

324 2498 505 2553 citata
547 2495 731 2563 suerit,
771 2500 828 2551 et
856 2502 1073 2568 portata
1112 2494 1165 2549 in
1194 2494 1413 2551 coelurn.
1455 2494 1600 2550 Psal.
1641 2508 1822 2550 cxxxi
1869 2508 1882 2547 :
1923 2491 2091 2563 Sur-qe
2121 2489 2346 2547 Domino

325 2586 385 2641 in
414 2583 652 2655 requiem
676 2589 821 2639 tuam
852 2591 932 2649 tu,
962 2590 1013 2640 et
1035 2599 1164 2640 arcu
1187 2582 1628 2654 sanctificationis
1655 2589 1781 2639 tuoe.
1813 2582 1904 2637 Sic
1927 2595 2056 2651 ergo
2087 2578 2344 2635 immunis

322 2674 435 2729 suit
466 2670 538 2725 ab
560 2670 703 2725 omni
732 2669 1112 2726 maledictione
1147 2686 1160 2722 ε
1194 2670 1404 2727 etideo
1437 2669 1726 2725 benedicta
1759 2668 1813 2722 in
1844 2666 2180 2731 mulieribus,
2213 2667 2345 2739 quia

324 2764 451 2835 ipsa
481 2758 597 2814 sola
633 2756 1072 2813 maledictionem
1114 2756 1355 2822 sustulit,
1403 2763 1460 2811 et
1500 2752 1935 2812 benedictionem
1983 2754 2242 2827 portavit,
2289 2762 2345 2811 et

325 2853 555 2923 januam
592 2845 831 2919 paradisi
865 2846 1081 2918 aperuit
1121 2860 1135 2900 τ
1170 2850 1225 2899 et
1254 2844 1372 2899 ideo
1398 2844 1656 2909 convenit
1686 2844 1734 2901 ei
1779 2858 1971 2899 nomen
2002 2842 2189 2907 Maria,
2218 2858 2345 2914 quae

325 2940 723 3008 interpretatur
752 2950 768 2989 t
799 2933 968 2991 Stella
996 2933 1164 2989 maris
1207 2950 1221 2987 τ
1266 2932 1392 3006 quia
1424 2933 1568 2989 sicut
1595 2949 1691 3005 per
1727 2930 1942 2989 stellam
1974 2930 2140 2987 maris
2181 2931 2344 2987 navi-

327 3034 527 3099 gantes
550 3023 860 3094 diriguntur
889 3022 957 3078 ad
983 3028 1219 3095 portum,
1244 3021 1324 3079 ita
1346 3021 1640 3078 Christiani
1666 3020 1979 3093 diriguntur
2001 3035 2099 3092 per
2119 3019 2346 3076 Mariam

331 3115 401 3171 ad
431 3112 686 3186 gloriam.

300 3230 309 3237 ·
402 3199 725 3260 Benedictus
769 3180 980 3271 fructus
1021 3198 1225 3256 ventris
1269 3198 1372 3256 lui.
1411 3200 1672 3255 Peccator
1714 3197 2008 3271 aliquando
2049 3198 2247 3271 quaerit
2291 3198 2344 3253 in

266 3309 272 3319 ·
331 3291 523 3364 aliquo
564 3288 711 3362 quod
752 3304 861 3345 non
902 3294 1081 3359 potest
1121 3288 1399 3361 consequi,
1446 3287 1542 3343 sed
1583 3286 1935 3360 consequitur
1977 3286 2107 3341 illud
2141 3288 2342 3359 justus.

333 3380 498 3435 Prov.
530 3392 641 3433 xm
688 3392 703 3431 z
749 3374 1067 3432 custoditur
1091 3374 1238 3445 justo
1264 3374 1566 3433 substantia
1588 3372 1900 3446 peccatoris.
1929 3374 2020 3431 Sic
2048 3374 2160 3429 Eva
2189 3386 2348 3445 quae-

332 3467 467 3522 sivit
495 3464 754 3532 fructum,
782 3470 838 3520 et
863 3464 916 3518 in
938 3462 1030 3520 illo
1056 3478 1160 3518 non
1186 3464 1395 3519 invenit
1418 3464 1602 3520 omnia
1627 3478 1752 3536 quae
1775 3462 2110 3518 desideravit
2139 3479 2151 3515 :
2179 3461 2345 3517 Beata

334 3562 525 3611 autem
554 3552 720 3622 Virgo
762 3552 817 3607 in
864 3550 1043 3607 fructu
1074 3565 1173 3607 suo
1214 3550 1424 3607 invenit
1465 3551 1646 3607 omnia
1675 3566 1801 3623 quae
1838 3550 2171 3606 desideravit
2208 3549 2342 3605 Eva.

332 3643 479 3699 Nam
508 3641 621 3696 Eva
646 3639 701 3694 in
726 3638 905 3694 fructu
934 3654 1034 3694 suo
1060 3638 1164 3695 tria
1192 3638 1546 3695 desideravit.
1587 3640 1764 3695 Primo
1794 3640 1847 3695 id
1874 3638 2020 3712 quod
2053 3636 2191 3694 falso
2217 3652 2347 3710 pro-

338 3727 490 3786 misit
518 3729 569 3785 ei
604 3726 870 3793 diabolus,
910 3726 1121 3783 scilicet
1152 3726 1300 3800 quod
1340 3735 1524 3783 essent
1561 3728 1704 3783 sicut
1732 3726 1828 3793 dii,
1870 3727 2104 3783 scientes
2145 3724 2347 3781 bonum

335 3827 394 3875 et
448 3816 697 3874 malum:
747 3815 946 3881 Eritis,
996 3816 1173 3888 inquit
1212 3814 1303 3871 ille
1338 3815 1592 3883 mendax,
1635 3815 1772 3873 sicut
1814 3814 1916 3881 dii,
1961 3815 2103 3872 sicut
2145 3812 2349 3870 dicitur

324 3908 483 3965 Gen.
523 3920 613 3961 ιιι.
643 3903 712 3960 Et
744 3906 1002 3960 mentitus
1041 3904 1314 3984 esu-quia
1345 3904 1578 3960 mendax
1619 3910 1704 3959 est
1743 3909 1799 3960 et
1839 3911 1994 3977 pater
2021 3904 2159 3975 ejus.
2204 3901 2345 3957 Nam

335 3996 457 4054 Eva
480 4002 703 4067 propter
728 4008 880 4050 esum
905 3992 1113 4049 fructus
1134 4008 1240 4047 non
1264 3999 1347 4049 est
1372 3992 1515 4049 facta
1541 3992 1737 4049 similis
1758 3993 1891 4060 Deo,
1920 3991 2016 4050 sed
2043 3990 2344 4056 dissimilis,
