2850 4517
430 366 552 429 396
908 380 961 426 s.
1004 378 1239 424 ‘monae
1280 378 1608 429 souma-ris
1651 376 1962 421 croscum

433 506 618 557 autem
650 496 927 555 invenitur
954 495 1091 551 adeo
1115 493 1338 561 stultus,
1371 492 1466 567 qui
1497 508 1604 548 non
1635 492 1826 549 credat
1853 492 2003 565 quod
2041 506 2130 549 res
2166 492 2450 551 naturales

432 588 822 659 gubernentur,
864 576 1275 659 provideantur,
1316 589 1370 639 et
1398 582 1778 655 disponantur,
1821 594 1950 637 cum
1985 580 2044 637 in
2071 583 2314 657 quodam
2351 599 2449 641 or-

432 675 559 733 dine
602 682 660 731 et
705 673 873 732 certis
917 670 1254 745 temporibus
1290 670 1612 745 procedant.
1658 668 1920 727 Videmus
1965 671 2114 728 enim
2153 670 2346 741 solem,
2391 680 2449 731 et

436 764 637 833 lunam,
674 770 731 820 et
762 760 973 829 stellas,
1012 767 1068 816 et
1095 760 1233 817 alias
1259 775 1348 816 res
1376 756 1657 816 naturales
1694 772 1886 815 omnes
1923 774 2146 818 servare
2180 760 2450 818 determi-

435 857 627 911 natum
661 866 903 918 cursum,
942 850 1091 923 quod
1124 864 1231 905 non
1258 848 1620 920 contingeret,
1651 847 1697 904 si
1722 862 1757 904 a
1795 862 1928 905 casu
1966 857 2150 906 essent
2182 866 2197 905 ε
2223 850 2372 906 unde
2399 849 2450 907 si

435 938 637 1012 aliquis
661 946 807 995 esset
829 936 925 1011 qui
954 952 1062 993 non
1087 935 1338 992 crederet
1364 936 1540 990 Deum
1571 949 1710 1002 esse,
1737 933 1944 992 stultus
1969 943 2136 992 esset.
2172 936 2315 993 Psal.
2352 952 2397 994 n
2430 955 2446 995 z

435 1026 594 1083 Dixit
616 1027 873 1099 insipiens
894 1024 957 1081 in
980 1022 1135 1081 corde
1156 1040 1252 1081 suo
1276 1040 1295 1082 .-
1319 1024 1448 1082 Non
1469 1030 1544 1081 est
1573 1023 1734 1080 Dens.
1759 1022 1896 1080 Sunt
1919 1030 2105 1081 autem
2129 1024 2322 1099 aliqui,
2345 1025 2446 1099 qui

438 1117 567 1172 licet
614 1117 841 1173 credant
880 1116 1053 1171 Deum
1096 1112 1401 1186 gubernare
1439 1118 1497 1169 et
1534 1112 1823 1185 disponere
1865 1128 1954 1168 res
1997 1114 2295 1182 naturales,
2339 1129 2449 1172 non

438 1211 622 1262 tamen
651 1204 883 1261 credunt
923 1203 1095 1260 Deum
1131 1216 1253 1259 esse
1285 1202 1648 1259 humanorum
1685 1209 1910 1257 actuum
1949 1202 2306 1274 provisorem,
2351 1203 2449 1277 qui

438 1294 648 1350 scilicet
676 1284 905 1350 cre'du'nt
948 1297 1104 1349 actus
1145 1291 1413 1348 humanos
1456 1284 1821 1362 non'disponi
1859 1305 1894 1347 a
1933 1291 2070 1347 Deo.
2103 1292 2270 1364 Cujus
2305 1294 2450 1350 ratio

438 1388 541 1449 est,
558 1382 705 1455 -quia
732 1380 919 1436 vident
946 1381 1003 1435 in
1039 1380 1241 1437 mundo
1270 1380 1376 1435 isto
1404 1378 1578 1435 bonos
1616 1376 1807 1451 affligi,
1838 1384 1896 1434 et
1918 1376 2092 1436 malos
2115 1383 2446 1453 prosperari,

438 1470 586 1544 quod
622 1469 843 1525 videtur
870 1466 1061 1525 tollere
1095 1468 1500 1542 providentiam
1524 1465 1769 1525 divinam
1798 1466 1948 1524 circa
1975 1467 2215 1524 homines
2244 1484 2261 1524 ε
2301 1469 2452 1525 unde

440 1561 498 1617 in
522 1572 755 1633 persona
783 1572 974 1614 eorum
997 1556 1201 1613 dicitur
1228 1555 1350 1613 Job.
1390 1570 1524 1613 χιιι
1563 1572 1580 1612 t
1613 1555 1780 1613 Circa
1818 1554 2061 1613 cardines
2090 1554 2202 1613 coeli
2221 1572 2449 1629 peram-

439 1640 609 1715 bulat,
638 1662 733 1704 nee
758 1653 949 1705 nostra
972 1644 1274 1703 considerat
1304 1661 1324 1703 .·
1351 1643 1458 1701 hoc
1498 1649 1684 1701 antem
1716 1652 1802 1701 est
1829 1643 1990 1701 valde
2020 1643 2266 1701 stultum.
2299 1646 2450 1715 Nam

438 1739 563 1797 istis
587 1737 807 1807 accidit,
835 1737 979 1793 sicut
1001 1736 1049 1793 si
1069 1734 1269 1809 aliquis
1290 1735 1540 1791 nesciens
1563 1732 1910 1801 medicinam,
1938 1733 2150 1790 videret
2177 1734 2452 1791 medicum

439 1828 824 1902 propinantem
856 1825 949 1882 uni
988 1823 1203 1881 infirmo
1232 1836 1454 1897 aquam,
1485 1820 1644 1879 alteri
1668 1821 1875 1889 vinum,
1905 1822 2206 1878 secundum
2240 1822 2453 1880 scilicet

440 1916 587 1989 quod
609 1931 699 1972 ars
728 1913 1016 1971 medicinae
1042 1913 1217 1970 dictat
1246 1928 1262 1967 ε
1288 1911 1538 1967 crederet
1561 1909 1709 1983 quod
1732 1908 1830 1966 fiat
1853 1924 1888 1966 a
1910 1924 2063 1977 casu,
2092 1925 2216 1967 cum
2240 1912 2453 1969 nesciat

440 2011 623 2063 artem
656 2003 960 2072 medicinae,
993 2016 1119 2075 quae
1150 2016 1218 2057 ex
1231 2001 1385 2073 justa
1413 2014 1581 2057 causa
1605 1998 1709 2055 hoc
1739 1996 1892 2063 facit,
1925 1998 2155 2067 scilicet,
2187 2000 2330 2073 quod
2363 2001 2454 2057 isti

440 2094 538 2149 dat
565 2092 774 2163 vinum,
818 2090 896 2147 illi
940 2106 1071 2147 vero
1106 2103 1309 2163 aquam
1355 2105 1382 2169 :-
1420 2086 1504 2144 sic
1543 2093 1628 2143 est
1673 2087 1742 2144 de
1773 2087 1908 2143 Deo.
1954 2086 2102 2143 Deus
2136 2088 2280 2146 enim
2301 2089 2458 2161 justa

441 2195 629 2248 causa,
660 2187 716 2237 et
740 2194 839 2235 sua
869 2175 1213 2250 providentia
1236 2175 1478 2248 disponit
1509 2190 1576 2232 ea
1612 2189 1736 2249 quae
1769 2179 1898 2231 sunt
1926 2173 2234 2232 hominibus
2261 2190 2457 2233 neces-

442 2270 608 2335 saria,
648 2275 705 2324 et
746 2268 828 2323 sic
853 2266 1121 2339 quosdam
1164 2263 1337 2321 bonos
1363 2264 1576 2335 affligit,
1618 2270 1675 2321 et
1702 2263 1968 2337 quosdam
2002 2264 2178 2321 malos
2203 2264 2260 2321 in
2293 2280 2459 2339 pros-

442 2356 677 2430 peritate
716 2354 947 2410 dimittit
984 2368 998 2408 ε
1044 2353 1187 2409 unde
1229 2353 1325 2426 qui
1352 2352 1533 2409 credit
1559 2352 1664 2409 hoc
1700 2352 1986 2426 provenire
2031 2367 2066 2409 a
2092 2368 2246 2422 casu,
2280 2360 2367 2411 est
2400 2360 2461 2411 et

444 2430 730 2516 repu'tatur
753 2440 1034 2513 insipiens,
1066 2440 1198 2512 quia
1220 2456 1323 2499 non
1348 2441 1618 2514 contingit
1639 2441 1765 2513 hoc,
1795 2441 1901 2497 nisi
1925 2440 2058 2515 quia
2078 2443 2257 2499 nescit
2280 2452 2459 2501 artem

446 2538 503 2589 et
542 2543 765 2585 causam
793 2527 1171 2600 dispositionis
1213 2528 1436 2588 divinae.
1472 2529 1594 2586 Job.
1623 2546 1673 2589 ιι
1704 2547 1720 2588 z
1768 2529 1990 2588 Utinam
2023 2530 2321 2589 ostenderet
2359 2531 2462 2587 tibi

444 2618 637 2675 saecula
660 2616 958 2691 sapientiae,
988 2624 1040 2675 et
1062 2618 1208 2691 quod
1233 2618 1515 2691 multiplex
1543 2625 1672 2676 esset
1707 2618 1794 2676 lea·
1813 2618 1946 2691 ejas.
1981 2619 2051 2675 Et
2078 2619 2201 2676 ideo
2229 2620 2462 2677 firmiter

446 2707 779 2765 credendum
818 2713 925 2775 est,
970 2707 1117 2781 quod
1153 2708 1301 2763 Deus
1338 2708 1605 2780 gubernat
1647 2715 1703 2764 et
1742 2706 1982 2780 disponit
2019 2722 2130 2765 non
2157 2707 2332 2764 solum
2367 2724 2462 2765 res

448 2794 746 2863 naturales,
764 2795 859 2852 sed
879 2796 1045 2852 etiam
1063 2804 1219 2853 actus
1242 2795 1528 2852 humanos.
1552 2795 1694 2853 Psal.
1717 2810 1994 2853 nxxxxm
2019 2813 2033 2852 ε
2063 2796 2140 2853 Et
2159 2794 2420 2854 dixerunt
2441 2814 2462 2857 .·

447 2885 575 2944 Non
596 2883 792 2941 videbit
819 2884 1099 2949 Dominus,
1124 2900 1217 2943 nee
1238 2883 1496 2957 intell-ipat
1523 2884 1664 2941 Deus
1687 2883 1864 2941 Jacob.
1891 2883 2177 2956 Intelliqite
2196 2884 2467 2958 insipien-

448 2980 525 3031 tes
548 2973 610 3028 in
638 2974 854 3046 populo,
884 2979 934 3028 et
966 2972 1119 3029 stulti
1142 2972 1428 3045 aliqnando
1463 2972 1653 3046 sapite.
1691 2972 1798 3039 Qui
1829 2973 2103 3046 plantavit
2138 2987 2328 3029 aurem
2353 2991 2466 3031 non

450 3060 659 3128 audiet,
682 3068 780 3117 aut
804 3061 895 3133 qui
918 3060 1085 3133 finxit
1106 3062 1313 3118 oculum
1336 3077 1446 3116 non
1469 3060 1812 3118 considerat?
1842 3061 2105 3119 Dominus
2127 3062 2229 3120 scit
2256 3062 2470 3135 caqita-

335 3190 341 3195 ·
450 3150 619 3208 tiones
640 3149 931 3207 homimem.
963 3149 1159 3207 Omnia
1186 3163 1318 3220 ergo
1343 3150 1514 3216 videt,
1542 3154 1598 3206 et
1621 3149 2002 3222 cogitationes,
2031 3156 2087 3207 et
2115 3150 2333 3208 occulta
2361 3168 2470 3209 vo-

451 3236 683 3294 luntatis
712 3253 727 3291 z
754 3235 897 3293 unde
924 3243 981 3293 et
1008 3236 1317 3294 hominibus
1344 3236 1654 3308 specialiter
1682 3238 1979 3311 imponitur
2002 3238 2304 3296 necessitas
2325 3239 2470 3296 bene

451 3324 711 3393 faciendi,
743 3324 873 3398 quia
903 3325 1086 3381 omnia
1127 3338 1251 3397 quae
1279 3324 1524 3395 cogitant
1560 3333 1616 3383 et
1655 3325 1882 3395 faciunt,
1932 3326 2118 3385 divino
2145 3328 2472 3401 conspectui

362 3463 373 3473 .
453 3419 583 3469 sunt
610 3412 918 3470 manifesta.
950 3412 1331 3485 Apostolorum
1370 3412 1653 3471 Hebraeor.
1689 3430 1749 3471 tv
1793 3430 1807 3471 ε
1852 3414 2047 3472 Omnia
2080 3415 2230 3472 nuda
2262 3422 2474 3473 sant-et

452 3507 647 3572 aperta
679 3500 843 3556 oculis
880 3500 1014 3572 effus.
1044 3499 1147 3555 -Est
1174 3506 1360 3555 autem
1396 3501 1751 3570 credendum,
1782 3502 1928 3576 quod
1974 3505 2121 3559 Deus
2150 3503 2246 3575 qui
2283 3504 2475 3560 omnia

453 3586 696 3660 disponit
740 3593 797 3643 et
832 3589 993 3661 regit,
1024 3588 1099 3644 sit
1124 3602 1267 3644 unus
1301 3588 1452 3644 Deus
1489 3597 1723 3662 tantum,
1762 3593 1920 3664 cujus
1960 3591 2103 3648 ratio
2145 3598 2232 3648 ost
2276 3607 2291 3647 ε
2336 3592 2478 3664 quia

452 3672 549 3731 illa
571 3674 857 3748 dispositio
883 3692 1065 3742 rerum
1098 3676 1462 3738 humanarum
1484 3684 1572 3735 est
1591 3678 1732 3736 bene
1756 3678 2046 3753 disposita,
2077 3680 2135 3736 in
2173 3694 2286 3753 qua
2321 3679 2478 3736 mul-

458 3760 640 3818 titudo
666 3763 943 3821 invenitur
967 3765 1183 3839 disponi
1211 3772 1267 3822 et
1304 3766 1600 3839 gubernari
1626 3784 1724 3842 per
1761 3784 1952 3825 unum.
1989 3769 2132 3826 Nam
2171 3767 2478 3825 multitudo

458 3849 871 3918 praesidentium
910 3852 1120 3911 inducit
1159 3869 1306 3929 saepe
1342 3855 1740 3929 dissensionem
1779 3858 1839 3915 in
1868 3856 2125 3927 subditis,
2170 3857 2318 3914 unde
2344 3872 2480 3915 cum

461 3930 710 3993 divinum
734 3939 978 4011 regimen
1014 3944 1368 4017 praeemineat
1393 3945 1648 4021 regimini
1671 3945 1932 4020 humano,
1971 3945 2326 4008 manifestum
2363 3954 2477 4017 est,
