2850 4517
739 396 784 439 1.
813 410 894 426 -
922 396 1321 440 communium
1375 398 1737 443 Tnnonoomr.
1804 446 1809 453 ,
2124 384 2237 446 131
2256 404 2267 458 g

219 529 292 568 ex
320 512 528 568 virtute
549 502 837 583 superiori,
881 508 1093 567 scilicet
1120 510 1240 579 Dei,
1286 511 1380 585 qui
1408 512 1555 569 sicut
1582 512 1821 569 animam
1856 514 2239 573 rationabilem

219 600 438 673 corpori
483 598 784 671 conjunxit,
811 613 1031 655 omnem
1069 600 1473 672 proportionem
1501 602 1829 674 corporis'et
1855 618 2242 677 corporearum

219 690 512 756 virtutum,-
557 686 865 759 cujusmodi
909 694 1036 743 sunt
1082 688 1228 744 vires
1267 688 1553 745 sensibiles
1598 690 2093 761 transcendentem,
2162 695 2243 758 ita

222 778 380 833 dedit
417 779 614 834 animae
653 775 904 833 rationali
953 776 1232 845 virtutem,
1277 785 1340 833 ut
1369 792 1534 849 supra
1576 779 1943 836 conditionem
1992 784 2241 854 corporis

220 855 405 939 ipsum
430 868 710 922 continere
735 872 936 937 posset,
969 871 1026 921 et
1053 866 1198 922 vires
1237 866 1521 947 sensibiles
1543 868 1843 925 secundum
1888 871 2033 943 quod
2065 872 2241 929 ratio-

225 952 335 1009 nali
365 952 564 1009 animae
599 951 962 1023 competebat.
992 953 1064 1008 Ut
1092 952 1260 1023 igitur
1298 952 1438 1009 ratio
1477 953 1731 1011 inferiora
1774 954 1877 1011 sub
1919 972 1977 1011 se
2008 957 2238 1015 firmiter

223 1042 550 1107 contineret,
589 1041 876 1113 oportebat
905 1040 1092 1113 quod
1079 1046 1198 1112 ipsa
1239 1041 1468 1098 tirmiter
1494 1042 1597 1097 sub
1623 1044 1739 1099 Deo
1778 1045 2171 1112 contineretur,
2208 1064 2241 1118 a

223 1147 335 1205 quo
361 1131 624 1187 virtutem
646 1129 970 1202 praedictam
996 1128 1232 1184 habebat
1265 1146 1430 1201 supra
1454 1131 1821 1188 conditionem
1851 1143 2083 1193 naturae.
2113 1138 2240 1194 Fuit

224 1237 355 1292 ergo
374 1219 545 1286 ‚homo
573 1218 655 1273 sic
696 1217 1000 1285 institutuS,
1047 1226 1106 1274 ut
1133 1216 1238 1273 nisi
1281 1220 1422 1275 ratio
1452 1220 1571 1291 ejus
1599 1213 1994 1279 subduceretur
2024 1240 2056 1280 a
2103 1227 2254 1301 Deo„

223 1326 402 1383 neque
439 1324 636 1381 corpus
681 1309 799 1379 ejus
827 1306 1056 1363 subduci
1101 1314 1316 1379 poterat
1360 1323 1391 1364 a
1440 1317 1574 1364 nutu
1616 1310 1830 1377 animae,
1882 1328 2059 1385 neque
2090 1314 2239 1372 vires

221 1397 563 1464 sensibilesa
591 1396 919 1453 rectitudine
964 1396 1230 1463 rationis:
1282 1396 1421 1452 unde
1462 1398 1716 1470 quaedam
1758 1394 2083 1459 immortalis
2122 1402 2238 1460 vita

223 1494 282 1543 et
310 1484 660 1559 impassibilis
687 1491 826 1553 erat,
868 1484 996 1557 quia
1040 1484 1250 1541 scilicet
1291 1501 1394 1542 nec
1423 1488 1580 1553 mori,
1618 1502 1719 1545 nec
1747 1488 1861 1561 pati
1904 1499 2140 1563 poterat,
2186 1492 2235 1549 si

222 1591 335 1632 non
353 1580 628 1647 peccaret.
654 1574 888 1631 Peccare
917 1590 1046 1630 vero
1070 1580 1288 1647 poterat
1313 1574 1595 1631 voluntate
1625 1578 1743 1649 ejus
1771 1578 2010 1635 nondum
2036 1580 2239 1654 contire·

223 1674 374 1722 mata
399 1681 493 1737 per
524 1663 871 1737 adeptionem
889 1663 1076 1718 'ultimi
1116 1663 1259 1730 time,
1293 1670 1348 1719 et
1375 1664 1478 1719 sub
1503 1664 1605 1721 hoc
1628 1674 1827 1722 eventu
1855 1674 2073 1740 poterat
2100 1666 2237 1726 mori

221 1763 280 1810 et
325 1752 458 1826 pati.
508 1750 576 1808 Et
617 1752 674 1808 in
724 1751 828 1809 hoc
874 1751 1056 1807 differt
1085 1751 1497 1825 impassibilitas
1542 1752 2025 1825 etimmortalitaS,
2072 1772 2238 1830 quam

221 1842 434 1919 primus
455 1840 618 1896 homo
654 1840 861 1907 habuit,
891 1840 962 1895 ab
997 1853 1062 1896 ea
1104 1855 1270 1912 quam
1299 1840 1354 1896 in
1399 1843 1797 1898 resurrectione
1837 1844 2023 1900 Sancti
2064 1844 2245 1901 habe-·

220 1932 385 1998 bunt,
413 1928 506 2001 qui
528 1944 831 2001 numquam
858 1934 1118 2001 poterunt
1155 1940 1255 1985 n'ec
1285 1928 1418 2000 pati,
1454 1945 1553 1986 nec
1578 1931 1714 1986 mori
1744 1924 2021 1987 voluntate
2045 1948 2236 1988 eorum

221 2020 450 2077 omnino
493 2016 813 2073 confirmata
841 2015 894 2071 in
935 2017 1131 2091 Deum,
1171 2016 1316 2073 sicut
1343 2032 1509 2089 supra
1553 2016 1761 2072 dictum
1791 2023 1896 2073 est.
1938 2014 2239 2075 Differo-bat

223 2109 394 2167 etiam
423 2106 604 2180 quoad
641 2104 807 2171 aliud,
837 2105 967 2179 quia
1014 2111 1138 2177 post
1186 2104 1647 2161 resurrectionem
1686 2104 1931 2161 homines
1970 2121 2069 2161 nec
2100 2106 2238 2163 cibis

225 2213 329 2253 nec
354 2194 600 2253 venereis
643 2198 863 2249 utentur
907 2211 920 2249 ε
954 2195 1162 2266 primus
1201 2199 1383 2251 autem
1410 2192 1574 2249 homo
1610 2194 1693 2251 sic
1718 2193 1972 2251 conditus
2008 2193 2129 2261 fuit,
2178 2202 2240 2251 ut

224 2301 449 2341 necesse
484 2282 711 2339 haberet
738 2282 911 2339 vitam
941 2283 1079 2339 cibis
1107 2290 1435 2351 sustentare,
1467 2290 1521 2339 et
1550 2283 1603 2339 ei
1642 2283 1980 2339 incumberet
2021 2299 2241 2355 genera·

226 2375 363 2445 tioni
409 2388 630 2445 operam
672 2372 824 2438 dare,
860 2378 920 2427 ut
965 2388 1137 2443 genus
1172 2372 1471 2428 humanum
1515 2371 1972 2445 multiplicaretur
2009 2389 2075 2429 ex
2104 2388 2233 2430 uno-

223 2460 384 2516 Unde
415 2459 520 2515 duo
550 2465 826 2532 praecepta
854 2458 1066 2531 accepit
1095 2458 1150 2513 in
1179 2460 1259 2515 sui
1305 2459 1640 2515 conditione.
1670 2459 1751 2515 Ad
1782 2458 2019 2531 primum
2063 2461 2238 2533 perti-

227 2555 341 2614 net,
392 2549 533 2621 quod
568 2549 618 2603 ei
648 2548 858 2603 dictum
901 2554 986 2602 est
1035 2548 1158 2603 :De
1208 2548 1356 2603 omni
1399 2546 1545 2619 liyno
1594 2548 1732 2621 quod
1758 2555 1833 2603 est
1870 2548 1928 2604 in
1968 2548 2235 2604 Paradiso

225 2637 448 2693 comede.
475 2636 560 2693 Ad
593 2636 896 2693 secundum
921 2636 1065 2709 quod
1095 2637 1145 2691 ei
1173 2636 1387 2693 dictum
1410 2644 1495 2694 est
1524 2654 1537 2692 :
1568 2636 1801 2707 Crescite
1825 2644 1877 2693 et
1903 2636 2238 2709 multiplica·
2342 2650 2353 2661 ⁵

226 2726 386 2791 mini,
417 2733 468 2783 et
492 2726 682 2797 replete
709 2731 934 2783 terram.

837 2900 1149 2968 CAPUT
1169 2894 1627 2968 CLXXXVII.

233 3038 415 3117 Quod
439 3038 547 3104 ille
576 3042 885 3121 perfectus
909 3046 1114 3104 status
1155 3038 1578 3103 nominabatur
1606 3034 2231 3118 oriyinalisjustitia,

649 3136 707 3193 et
729 3130 798 3193 cle
826 3131 974 3207 loco,
1006 3131 1072 3192 in
1098 3143 1216 3211 quo
1238 3130 1406 3192 homo
1421 3128 1671 3209 positus
1696 3131 1806 3191 esc.

297 3266 400 3321 Hic
444 3272 628 3321 autem
670 3263 906 3321 hominis
954 3273 1069 3321 tam
1117 3264 1402 3321 ordinatus
1454 3268 1649 3329 status,
1700 3260 1985 3337 originalis
2018 3263 2237 3336 justitia

225 3356 559 3421 nominatur,
602 3370 700 3427 per
747 3370 914 3426 quam
942 3362 998 3410 et
1036 3355 1152 3426 ipse
1179 3368 1281 3409 suo
1307 3352 1577 3425 superiori
1624 3351 1873 3408 subditus
1900 3357 2039 3418 erat,
2089 3359 2146 3407 et
2184 3353 2237 3408 ei

225 3446 409 3500 omnia
444 3443 702 3499 inferiora
724 3432 1173 3515 subjiciebantur,
1202 3443 1499 3499 secundum
1526 3440 1673 3515 quod
1694 3441 1763 3497 de
1791 3456 1855 3497 eo
1884 3440 2093 3497 dictum
2120 3446 2235 3521 est3

228 3534 302 3590 Ut
318 3533 510 3605 praesit
525 3531 762 3605 piscibus
799 3533 970 3587 maris
997 3538 1048 3587 et
1075 3530 1373 3587 volatilibus
1416 3532 1551 3595 coeli,
1601 3536 1657 3585 et
1703 3526 1846 3586 inter
1889 3540 2076 3603 partes
2117 3529 2237 3601 ejus

223 3624 394 3677 etiam
439 3620 661 3682 inferior
701 3620 912 3694 absque
961 3619 1320 3692 repugnantia
1367 3619 1635 3691 superiori
1678 3617 2014 3691 subdebatur
2072 3634 2085 3671 z
2140 3612 2236 3689 qui

224 3710 448 3783 quidem
491 3716 672 3766 status
709 3709 883 3781 primo
911 3708 1117 3765 homini
1163 3706 1266 3763 fuit
1293 3722 1587 3767 concessus
1615 3722 1721 3779 non
1753 3714 1813 3761 ut
1857 3706 2077 3762 cuidam
2104 3722 2237 3777 per-

223 3815 374 3857 sonae
397 3798 680 3869 singulari,
723 3799 819 3854 sed
861 3806 921 3854 ut
945 3798 1124 3869 primo
1148 3798 1400 3855 bumanae
1423 3803 1637 3853 naturae
1666 3795 1947 3869 principio,
1983 3795 2058 3852 ita
2088 3796 2235 3868 quod

221 3906 320 3963 per
347 3888 532 3959 ipsum
573 3886 736 3958 simul
775 3902 901 3942 cum
945 3894 1144 3943 natura
1184 3884 1420 3943 humana
1461 3884 1841 3941 traduceretur
1869 3886 1922 3939 in
1962 3894 2233 3957 posteros.

219 3973 288 4029 Et
333 3975 468 4049 quia
515 3973 812 4049 unicuique
839 3974 1070 4035 debetur
1112 3973 1605 4058 locus-secundum
1644 3973 2089 4033 convenientiam·
2120 3988 2239 4047 suae
