2850 4517
420 312 538 375 172
896 324 948 371 s.
994 324 1227 379 ⁷1·quAE
1269 321 1594 375 Aoumxrxs
1634 320 1945 368 oruscvta

419 444 586 501 verbo
611 441 954 501 conditiones
996 441 1198 515 aliquae
1234 438 1547 507 existerent,
1593 453 1719 513 quae
1746 442 2111 511 congruerent
2146 436 2423 495 decentis-

419 536 558 591 simo
584 522 926 590 liberationis
949 530 1112 589 modo
1136 530 1360 589 humani
1391 530 1628 602 generis.
1653 528 1779 587 Fuit
1816 534 2001 586 autem
2042 528 2425 601 congruentis-

419 626 591 681 simus
616 622 808 680 modus
835 628 897 677 ut
924 621 1104 689 homo,
1134 619 1230 694 qui
1263 636 1360 693 per
1386 618 1717 690 injustitiam
1739 618 1999 692 perierat,
2030 634 2129 690 per
2152 618 2429 690 justitiam

421 720 788 787 repararetur.
815 711 998 784 Exigit
1023 717 1208 768 autem
1227 710 1330 766 hoc
1343 708 1577 781 justitiae
1600 708 1754 774 ord0,
1788 708 1969 782 utqui
2000 723 2177 779 poenae
2197 706 2429 780 alicujus

422 802 696 875 peccando
715 800 895 858 factus
923 807 1008 856 est
1033 798 1268 862 debitor,
1290 814 1387 873 per
1414 797 1743 855 solutionem
1766 812 1945 871 poenae
1971 794 2256 854 liberetur.
2288 796 2429 868 Quia

422 908 551 950 vero
579 906 704 965 quaa
747 907 842 964 per
885 890 1091 947 amicos
1118 887 1368 955 facimuS,
1403 894 1501 944 aut
1546 888 1807 961 patimur,
1838 886 2155 959 aliqualiter
2196 886 2430 959 nosipsi

422 981 627 1050 facere,
674 986 771 1037 aut
811 978 926 1051 pati
971 977 1242 1044 videmur,
1282 992 1347 1034 eo
1393 976 1540 1049 quod
1584 991 1738 1032 amor
1782 983 1867 1034 est
1905 982 2097 1032 mutua
2140 975 2319 1033 virtus
2363 993 2428 1033 ex

423 1071 634 1127 duobus
657 1087 718 1126 se
755 1067 1066 1125 amantibus
1093 1066 1499 1141 quodammodo
1536 1064 1743 1123 faciens
1770 1078 1957 1133 unum,
2004 1080 2109 1121 non
2148 1064 2432 1123 discordat

425 1177 455 1217 a
473 1160 708 1232 justitiae
733 1158 924 1215 ordine
955 1157 1002 1213 si
1041 1156 1241 1229 aliquis
1263 1155 1525 1211 liberetur
1554 1154 1731 1213 amico
1768 1156 1885 1226 ejus
1920 1154 2297 1211 satisfaciente
2333 1173 2431 1229 pro

423 1249 562 1319 ipsc.
594 1251 694 1304 Per
720 1254 1007 1319 peccatum
1031 1252 1214 1302 autem
1247 1244 1404 1318 primi
1424 1246 1670 1320 parentis
1692 1244 1927 1318 perditio
1957 1244 2011 1299 in
2041 1250 2219 1301 totum
2247 1243 2434 1302 huma·

427 1354 555 1393 num
577 1353 748 1412 genus
778 1337 1092 1405 devenerat,
1109 1351 1209 1391 nec
1235 1335 1468 1407 alicujus
1484 1335 1718 1391 hominis
1739 1350 1897 1407 poena
1914 1334 2166 1391 sufficere
2188 1339 2430 1406 poterat,

427 1434 487 1481 ut
537 1431 710 1480 totum
757 1440 930 1495 genus
968 1424 1263 1482 humanum
1313 1423 1593 1481 liberaret.
1637 1424 1758 1479 Non
1805 1423 1947 1479 enim
1996 1429 2113 1479 erat
2159 1424 2433 1497 condigna

427 1515 750 1581 satisfactio,
777 1514 1136 1586 aequivalenS‚
1179 1519 1238 1569 ut
1265 1528 1370 1570 uno
1404 1513 1622 1571 homine
1653 1529 1788 1586 puro
1828 1512 2200 1570 satisfaciente
2242 1529 2434 1571 omnes

428 1604 675 1661 homines
714 1602 1098 1660 liberarentur.
1135 1602 1396 1660 Similiter
1435 1603 1603 1659 etiam
1647 1618 1747 1659 nec
1786 1602 2093 1660 sufficiebat
2132 1604 2434 1661 secundum

422 1690 714 1762 justitiam,
747 1695 808 1747 ut
830 1690 1071 1762 Angelus
1100 1707 1166 1746 ex
1195 1706 1380 1747 amore
1421 1690 1644 1747 humani
1670 1690 1885 1762 generis
1921 1706 2019 1764 pro
2056 1691 2175 1763 ipso
2206 1689 2435 1749 'satisfa-
2486 1706 2493 1712 ·

429 1788 597 1836 caret.
616 1781 856 1852 Angelus
877 1781 1024 1836 enim
1049 1795 1156 1836 non
1185 1780 1349 1836 habet
1367 1778 1711 1852 dignitatem,
1739 1780 2010 1838 infinitam
2032 1788 2095 1837 ut
2119 1779 2433 1837 satisfactio

429 1870 548 1942 ejus
573 1857 671 1943 pro
712 1869 968 1937 infinitis,
993 1875 1050 1925 et
1090 1870 1427 1926 infinitorum
1470 1867 1711 1942 peccatis
1752 1868 2000 1925 sufficere
2043 1876 2246 1942 posset.
2277 1868 2437 1927 Solus

431 1966 614 2015 autem
664 1960 810 2016 Deus
861 1966 945 2016 est
997 1960 1226 2016 infinitae
1278 1959 1585 2032 dignitatis,
1640 1958 1733 2032 qui
1778 1974 1944 2015 carne
1998 1966 2282 2033 assumpta
2338 1974 2437 2033 pro

430 2050 646 2105 homine
687 2048 1021 2106 sufficienter
1062 2049 1384 2105 satisfacere
1430 2053 1665 2121 poterat,
1704 2054 1768 2103 ut
1809 2064 1975 2121 supra
2014 2050 2132 2121 jam
2172 2049 2437 2108 diximus,

431 2138 616 2195 Talem
643 2138 812 2209 igitur
852 2138 1095 2210 oportuit
1137 2144 1199 2192 ut
1234 2136 1530 2193 humanam
1570 2134 1827 2193 naturam
1871 2144 2193 2200 assumeret,
2226 2140 2285 2195 in
2326 2158 2439 2214 qua
2490 2190 2497 2193 .

430 2226 546 2300 pati
571 2233 752 2299 posset
788 2242 888 2298 pro
925 2225 1144 2279 homine
1181 2240 1248 2279 ea
1276 2240 1400 2297 quae
1430 2224 1588 2281 homo
1634 2226 1909 2297 peccando
1940 2228 2159 2296 meruit,
2188 2234 2249 2298 ut
2272 2239 2440 2303 pate-

432 2322 584 2369 retur
627 2314 695 2369 ad
737 2313 1184 2370 satisfaciendum
1227 2328 1325 2386 pro
1371 2314 1611 2370 homine.
1652 2317 1772 2371 Non
1814 2324 1996 2373 autern
2042 2318 2218 2374 omnis
2248 2334 2435 2393 poena,

433 2418 598 2475 quam
627 2401 788 2457 homo
815 2402 1089 2473 peccando
1113 2401 1361 2469 incurrit,
1395 2409 1481 2459 est
1509 2402 1579 2459 ad
1604 2404 2050 2462 satisfaciendum
2074 2408 2290 2468 idonea,
2319 2411 2440 2467 Pro-

433 2490 583 2548 venit
612 2491 758 2545 enirn
782 2495 1066 2563 peccatum
1095 2472 1328 2559 hominis
1357 2507 1425 2548 ex
1466 2491 1589 2560 hoc,
1618 2494 1765 2567 quod
1804 2511 1836 2552 a
1866 2496 1979 2552 Deo
2008 2498 2272 2554 avertitur
2301 2513 2443 2555 con-

433 2594 622 2635 versus
652 2579 722 2635 ad
750 2578 1158 2636 commutabilia
1195 2580 1356 2637 bona.
1387 2582 1617 2638 Punitur
1660 2590 1844 2640 autem
1882 2585 2041 2641 homo
2070 2602 2169 2659 pro
2207 2594 2442 2661 peccato

433 2668 488 2723 in
515 2668 782 2741 utrisque.
807 2668 948 2725 Nam
973 2672 1027 2723 et
1051 2669 1298 2741 privatur
1327 2671 1525 2742 gratia,
1558 2679 1613 2728 et
1640 2673 1857 2729 caeteris
1885 2672 2064 2744 donis,
2097 2674 2296 2747 quibus
2324 2676 2443 2733 Deo

435 2758 784 2831 conjungitur
811 2774 825 2812 ε
849 2764 905 2813 et
930 2764 1170 2813 meretur
1191 2760 1356 2816 etiam
1385 2762 1498 2834 pati
1526 2760 1853 2830 molestiam,
1882 2770 1937 2819 et
1966 2763 2241 2821 defectum
2264 2764 2321 2821 in
2349 2780 2438 2834 ec,

435 2856 656 2920 propter
681 2846 828 2921 quod
851 2853 935 2904 est
959 2863 992 2904 a
1020 2849 1134 2904 Deo
1158 2865 1405 2907 aversus·
1438 2848 1532 2905 Ille
1574 2850 1742 2921 igitur
1770 2851 1905 2907 ordo
1929 2852 2323 2911 satisfactionis
2348 2870 2445 2911 re-

435 2936 604 3011 quirit
625 2945 689 2994 ut
717 2952 814 3010 per
835 2952 1045 3014 poenae,
1077 2954 1214 3011 quas
1241 2946 1496 3013 peccator
1522 2940 1577 2995 in
1604 2940 1763 2997 bonis
1785 2942 2264 3003 commutabilibus
2290 2944 2445 3017 pati-
2471 3018 2479 3023 ἢ

436 3033 544 3093 tur,
579 3034 866 3083 revocetur
891 3028 959 3083 ad
989 3028 1184 3083 Deum.
1225 3029 1366 3083 Huic
1392 3036 1575 3085 autem
1614 3031 1952 3087 revocationi
1980 3034 2275 3091 contrariae
2311 3044 2444 3092 sunt

436 3115 544 3171 illae
567 3131 762 3188 poenae,
796 3116 996 3189 quibus
1025 3114 1190 3173 homo
1231 3123 1519 3190 separatur
1546 3134 1579 3175 a
1616 3120 1752 3175 Deo.
1782 3120 1977 3177 Nullus
2021 3121 2191 3194 igitur
2217 3121 2313 3195 per
2338 3124 2445 3183 hoc

438 3206 551 3259 Deo
580 3204 869 3271 satisfacit,
909 3206 1057 3277 quod
1084 3206 1333 3277 privatur
1371 3206 1570 3277 gratia,
1606 3207 1691 3263 vel
1719 3210 1865 3282 quod
1891 3209 2108 3281 ignorat
2133 3214 2325 3281 Deum,
2354 3214 2444 3269 vel

438 3294 584 3367 quod
608 3293 774 3351 habet
801 3293 1170 3351 inordinatam
1205 3293 1463 3362 animam,
1492 3297 1742 3371 quamvis
1771 3297 1874 3353 hoc
1909 3298 1983 3355 sit
2014 3314 2177 3373 poena
2205 3298 2443 3373 peccati,

438 3385 534 3439 sed
561 3402 654 3457 per
683 3386 785 3440 hoc
812 3385 960 3457 quod
989 3384 1042 3439 in
1084 3399 1142 3439 se
1172 3383 1290 3456 ipso
1334 3383 1573 3457 aliquem
1616 3383 1861 3443 dolorem
1889 3389 2081 3459 sensit,
2108 3396 2165 3445 et
2196 3390 2249 3445 in
2285 3400 2448 3448 exte-

438 3473 672 3529 rioribus
709 3474 871 3529 rebus
899 3472 1178 3529 damnum.
1212 3472 1334 3528 Non
1363 3472 1535 3543 igitur
1567 3474 1817 3531 Christus
1857 3475 1976 3533 illos
2008 3477 2255 3534 defectus
2284 3495 2449 3537 assu-

439 3578 586 3617 mere
632 3562 839 3630 debuit,
891 3560 1091 3634 quibus
1135 3559 1298 3616 homo
1343 3566 1631 3634 separatur
1681 3578 1714 3619 a
1760 3565 1897 3631 Dee,
1944 3564 2073 3622 licet
2124 3566 2235 3624 sint
2280 3584 2450 3642 poena

438 3652 672 3724 peccati,
704 3652 848 3707 sicut
875 3648 1108 3724 privatio
1137 3650 1352 3721 gratiae,
1382 3650 1710 3721 ignorantia,
1750 3661 1807 3709 et
1842 3652 2176 3726 hujusmodi.
2208 3656 2309 3713 Per
2341 3657 2451 3715 hoc

439 3740 582 3795 enim
627 3742 806 3795 minus
833 3739 1061 3795 idoneus
1103 3738 1172 3796 ad
1218 3739 1665 3797 satisfaciendum
1710 3741 2072 3798 redderetur:
2102 3743 2345 3819 quinimo
2376 3746 2451 3803 ad

440 3828 544 3883 hoc
568 3830 715 3901 quod
750 3833 895 3885 esset
927 3834 1120 3886 auctor
1158 3829 1410 3886 humanae
1442 3828 1653 3901 salutiS‚
1684 3831 2069 3903 requirebatur
2112 3840 2172 3888 ut
2201 3834 2453 3906 plenitu-

443 3916 623 3971 dinem
650 3918 844 3985 gratiae
875 3922 930 3973 et
959 3917 1246 3991 sapientiae
1284 3916 1609 3991 possideret,
1636 3918 1781 3976 sicut
1820 3921 1929 3991 jam
1962 3919 2170 3977 dictum
2194 3929 2297 3978 est.
2336 3922 2453 3979 Sed
