2850 4517
536 311 656 375 170
1012 326 1069 369 s.
1110 326 1345 371 mou
1380 324 1710 375 Acamans
1749 322 2065 369 croscum

534 443 671 519 quin
697 443 973 501 interdum
1000 441 1073 499 ad
1096 441 1305 515 aliquid
1322 447 1526 515 prater
1549 440 1956 498 ordinationem
1975 432 2212 497 rationis
2235 446 2542 505 moveatur,

534 539 595 588 et
620 531 953 605 quandoque
996 538 1191 587 contra
1228 531 1522 599 rationem,
1549 530 1607 585 in
1653 545 1766 603 quo
1803 529 2064 586 consistit
2099 534 2284 584 motus
2305 530 2542 603 peccati.

532 622 627 679 Sic
646 622 819 693 igitur
852 620 959 675 fuit
986 620 1043 675 in
1070 620 1233 677 beata
1268 620 1496 690 Virgine
1533 619 1814 693 appetitus
1847 619 2150 675 sensitivus
2185 618 2386 675 rationi
2407 618 2548 673 sub-

530 714 714 783 jectus
754 725 853 783 per
880 709 1149 767 virtutem
1188 709 1389 781 gratiae
1418 711 1602 783 ipsum
1641 708 2062 774 sanctificantis,
2087 708 2236 781 quod
2267 723 2547 781 nunquam

534 805 729 857 contra
768 799 1041 855 rationem
1087 799 1438 867 movebatur,
1483 798 1585 855 sed
1632 798 1942 855 secundun
1983 797 2240 853 ordinem
2291 797 2545 853 rationis.

534 890 756 947 Poterat
796 895 983 945 tamen
1024 888 1229 945 babere
1260 889 1478 963 aliquos
1523 896 1707 945 motus
1739 888 1958 945 subitos
1987 902 2098 943 non
2129 886 2416 943 ordinatos
2445 903 2550 941 ra·-

537 979 685 1034 tione
718 996 731 1035 :
764 979 825 1035 in
864 978 1085 1035 domino
1130 985 1318 1034 autem
1362 979 1492 1035 Iesu
1521 977 1740 1035 Christo
1777 977 1988 1050 aliquid
2021 976 2260 1049 amplius
2298 975 2424 1031 fuit.
2454 976 2550 1031 Sic

538 1068 683 1123 enim
712 1067 939 1123 inferior
977 1068 1257 1140 appetitus
1294 1067 1351 1125 in
1390 1083 1458 1124 eo
1505 1068 1705 1125 rationi
1747 1066 2164 1138 subjiciebatur,
2209 1072 2270 1120 ut
2293 1066 2362 1121 ad
2409 1064 2548 1120 nihil

538 1166 871 1227 moveretur,
904 1157 1010 1213 nisi
1050 1157 1357 1214 secundum
1399 1156 1650 1214 ordinem
1687 1156 1940 1223 rationiS,
1981 1154 2288 1211 secundum
2331 1153 2550 1211 scilicet

536 1247 685 1322 quod
708 1248 853 1304 ratio
881 1246 1191 1314 ordinabat,
1222 1247 1310 1303 vel
1354 1247 1710 1320 permittebat
1735 1246 2044 1319 appetitum
2082 1245 2396 1301 inferiorem
2426 1259 2550 1299 mo-

536 1336 655 1393 veri
682 1337 903 1412 proprio
928 1344 1104 1395 motu.
1134 1338 1250 1395 Hoc
1276 1345 1465 1395 autem
1495 1337 1714 1393 videtur
1741 1336 1811 1393 ad
1837 1337 2215 1408 integritatem
2240 1335 2402 1408 primi
2425 1342 2550 1390 sta-

540 1431 630 1483 tus
655 1427 1001 1501 pertinuisse,
1032 1433 1097 1483 ut
1132 1426 1419 1484 inferiores
1455 1428 1603 1483 vires
1629 1426 1878 1484 totaliter
1903 1425 2108 1483 rationi
2137 1423 2506 1480 subderentur
2531 1441 2546 1477 :

538 1530 665 1588 quae
701 1515 927 1589 quidem
948 1516 1215 1588 subjectio
1258 1532 1359 1596 per
1396 1522 1686 1589 peccatum
1729 1516 1890 1589 primi
1931 1514 2180 1590 parentis
2217 1520 2302 1570 est
2329 1511 2552 1571 sublata

538 1620 649 1662 non
670 1604 849 1661 solum
877 1605 932 1661 in
958 1605 1098 1679 ipso,
1128 1604 1227 1661 sed
1256 1605 1424 1662 etiam
1448 1606 1504 1661 in
1527 1607 1654 1663 aliis
1679 1606 1775 1677 qui
1803 1605 1875 1661 ab
1897 1620 1964 1661 eo
1991 1603 2321 1661 contrahunt
2343 1617 2554 1675 pecca-

541 1703 659 1751 tum
696 1692 983 1765 originale,
1014 1693 1071 1750 in
1103 1694 1305 1767 quibus
1334 1695 1504 1751 etiam
1545 1701 1838 1769 postquam
1876 1710 1911 1751 a
1951 1702 2180 1767 mccato
2215 1691 2555 1748 mundantur

538 1799 637 1857 per
661 1782 854 1855 gratiae
879 1781 1312 1851 Sacramentum,
1342 1791 1591 1841 remanet
1618 1783 1862 1852 rebellio,
1888 1784 1978 1839 vel
2005 1783 2376 1839 inobedientia
2400 1781 2552 1837 inse-

541 1875 749 1931 riorum
784 1872 985 1929 virium
1026 1873 1098 1930 ad
1140 1874 1431 1936 rationem,
1469 1888 1595 1947 quae
1620 1873 1824 1930 dicitur
1862 1873 2036 1930 fomes
2070 1872 2307 1946 peccati,
2335 1886 2461 1945 quae
2491 1872 2550 1926 in

540 1963 756 2021 Christo
802 1962 1114 2021 nullatenus
1154 1963 1258 2021 suit
1300 1963 1602 2021 secundum
1648 1964 1934 2039 praedicta.
1962 1961 2070 2020 Sed
2109 1962 2241 2036 quia
2282 1963 2338 2018 in
2383 1960 2552 2017 beata

540 2053 765 2125 Virgine
802 2053 975 2110 Maria
1018 2068 1124 2109 non
1164 2060 1325 2110 erant
1363 2053 1654 2109 inferiores
1695 2053 1840 2109 vires
1885 2051 2132 2109 totaliter
2173 2050 2458 2123 subjectas,
2487 2055 2552 2106 ut

539 2141 751 2198 scilicet
775 2140 983 2197 nullum
1012 2150 1217 2198 motum
1256 2140 1520 2197 haberent
1553 2156 1587 2197 a
1625 2142 1836 2197 ratione
1866 2132 1971 2197 non
2008 2140 2460 2214 praeordinatum,
2491 2146 2552 2196 et

540 2236 725 2287 tamen
746 2230 825 2285 sic
852 2228 1245 2285 cohibebantur
1269 2245 1367 2302 per
1386 2229 1646 2286 virtutem
1672 2232 1885 2303 gratiae,
1911 2239 1971 2287 ut
1996 2230 2145 2287 nullo
2167 2229 2328 2286 modo
2353 2235 2551 2286 contra

540 2319 812 2375 rationem
838 2325 1206 2385 moverentur,
1238 2326 1462 2391 propter
1489 2319 1595 2376 hoc
1619 2319 1758 2378 solet
1790 2320 1922 2387 dici,
1947 2320 2094 2393 quod
2123 2319 2180 2376 in
2216 2319 2378 2377 beata
2420 2319 2551 2376 Vir·
2575 2346 2586 2357 ·

540 2405 667 2477 gine
691 2412 814 2477 post
840 2406 1329 2463 sanctificationem
1366 2410 1631 2466 remansit
1657 2409 1882 2482 quidem
1910 2410 2081 2467 fomae
2103 2409 2318 2483 peccati
2345 2424 2552 2465 secun·

542 2493 673 2551 dum
702 2493 1088 2561 substantiam,
1118 2496 1213 2552 sed
1245 2496 1466 2569 ligatus,

1204 2666 1489 2737 CAPUT
1557 2666 1879 2737 CCXXV.

862 2808 952 2873 Do
978 2814 1273 2891 perpetua
1318 2808 1685 2895 Virqinitate
1710 2810 1941 2874 Matris
1973 2808 2224 2876 Christi.

609 2946 667 3003 Si
694 2950 879 3003 autem
910 2959 1006 3018 per
1032 2944 1267 3017 primam
1307 2944 1800 3003 sanctificationem
1839 2945 1923 3003 sic
1957 2944 2060 3000 fuit
2101 2951 2292 3002 contra
2331 2959 2555 3002 omnem

542 3038 752 3091 motum
792 3032 1008 3107 peccati
1052 3033 1283 3099 munita,
1317 3032 1490 3091 multo
1529 3034 1706 3105 magis
1747 3033 1804 3089 in
1839 3049 1904 3090 ea
1949 3032 2195 3089 excrevit
2230 3033 2434 3104 gratia,
2463 3032 2554 3089 fo-

541 3136 769 3194 mesque
791 3122 1005 3194 peccati
1034 3120 1089 3177 in
1118 3137 1184 3179 ea
1203 3128 1297 3197 *est
1323 3121 1662 3190 debilitatuS,
1689 3122 1776 3183 vel
1805 3123 1981 3179 etiam
2007 3121 2251 3179 totaliter
2271 3121 2548 3191 sublatae,

541 3209 750 3282 Spiritu
774 3210 973 3268 Sancto
997 3210 1053 3266 in
1083 3210 1203 3282 ipsa
1230 3211 1531 3269 secundum
1558 3212 1784 3269 verbum
1813 3211 2004 3284 Angeli
2028 3211 2458 3284 superveniente
2481 3212 2553 3269 ad

542 3312 743 3370 corpus
766 3297 967 3357 Christi
997 3315 1063 3355 ex
1090 3314 1157 3357 ea
1186 3299 1549 3359 formandum.
1576 3300 1732 3359 Unde
1764 3316 2032 3373 posquam
2053 3300 2204 3359 facta
2233 3306 2321 3357 est
2355 3315 2553 3358 sacra·
2633 3287 2644 3295 ’

544 3386 686 3443 rium
716 3386 951 3461 Spiritus
986 3388 1193 3456 Sancti,
1220 3397 1275 3446 et
1310 3389 1685 3448 habitaculum
1725 3390 1822 3448 filii
1859 3392 1979 3461 Dei,
2012 3392 2167 3449 nefas
2205 3396 2296 3449 est
2321 3391 2553 3449 credere

542 3490 651 3533 non
688 3476 863 3535 solum
899 3478 1138 3552 aliquem
1174 3486 1385 3537 motum
1424 3484 1636 3555 peccati
1683 3484 1740 3540 in
1769 3500 1834 3542 ea
1875 3484 2062 3552 fuisse,
2093 3484 2190 3542 sed
2235 3500 2340 3542 nec
2381 3484 2552 3542 etiam

542 3566 779 3623 carnalis
820 3568 1280 3641 concupiscentiae
1319 3571 1742 3629 delectationem
1769 3589 1892 3630 eam
1933 3573 2101 3630 fuisse
2139 3579 2449 3646 expertam.
2481 3573 2554 3630 Bt

540 3655 667 3715 ideo
682 3655 1078 3714 abominandus
1093 3674 1243 3716 error
1262 3665 1347 3716 est
1370 3660 1627 3728 Helvidii,
1646 3662 1739 3734 qui
1767 3663 1933 3718 etiam
1958 3661 2007 3718 si
2035 3668 2244 3719 asserat
2267 3662 2552 3719 Christum

542 3760 611 3801 ex
635 3744 859 3817 Virgine
895 3755 1217 3821 conceptum
1246 3754 1301 3805 et
1328 3757 1539 3819 natum,
1572 3751 1712 3808 dixit
1742 3759 1922 3809 tamen
1947 3766 2069 3819 eam
2097 3751 2452 3824 postmodum
2483 3768 2554 3809 ex

541 3832 741 3905 Ioseph
770 3832 909 3891 alios
935 3834 1076 3892 filios
1102 3839 1375 3911 genuisse.
1404 3840 1521 3896 Nec
1546 3839 1652 3897 hoc
1678 3842 1796 3913 ejus
1821 3841 2151 3911 suffragatur
2173 3842 2369 3908 errori,
2401 3840 2554 3915 quod

544 3918 790 3980 Matthaei
832 3923 1007 3995 primo
1042 3925 1265 3997 dicitur,
1312 3928 1463 4003 quod
1502 3944 1609 3986 non
1651 3929 1890 4003 coqnovit
1930 3942 2048 3991 oum
2085 3928 2298 4005 Ioseph,
2336 3930 2553 3989 scilicet
