2850 4517
496 296 590 383 241
971 312 1306 383 ssd-noma
1339 312 1673 387 neom-rra
1712 326 2025 382 opuscula

497 454 779 522 reddatur,
816 464 1040 509 necesse
1081 458 1170 509 est
1214 450 1360 526 quod
1404 464 1563 513 amor.
1598 466 1725 532 quo„
1756 452 1933 525 ipsum
1984 464 2260 509 summum
2300 450 2503 510 bonum

497 550 732 613 amatur,
754 541 902 616 quod
932 541 1078 598 Deus
1103 546 1210 607 εει,
1233 541 1563 597 eminentem
1588 538 1885 614 quamdam
1908 539 2153 599 obtineat
2176 541 2503 613 bonitatem,

497 646 623 705 quae
660 632 876 687 nomine
909 628 1226 689 sanctitatis
1259 628 1629 702 exprimitur,
1639 631 1765 693 sive
1794 631 2041 693 dicatur:
2058 635 2316 691 sanctum
2345 634 2505 705 quasi

497 737 694 795 purum
723 719 1030 777 secundum
1070 718 1312 786 Grae005‚
1343 718 1474 792 quia
1505 720 1559 774 in
1576 719 1704 793 Deo
1736 725 1841 780 εει.
1854 720 2148 793 purissima
2180 720 2398 779 bonitas
2436 721 2507 779 ab

497 809 645 867 omni
689 808 908 865 defectu
953 808 1258 864 immunis:
1284 807 1401 864 sive
1447 794 1676 879 dicatur
1714 806 1986 882 sanctum,
2034 794 2120 887 id
2138 804 2240 876 εει,
2270 806 2507 867 firmum

497 898 797 957 secundum
831 899 1075 965 Latione,
1104 898 1235 970 quia
1270 898 1324 953 in
1355 896 1470 953 Deo
1506 904 1592 953 εει
1618 872 1980 958 immutabilis
2020 898 2257 971 bonitaS,
2284 907 2507 984 propter

496 988 646 1063 quod
683 986 878 1055 omnia
909 1003 1038 1063 quae
1079 988 1148 1045 ad
1192 988 1367 1045 Deum
1413 970 1758 1055 ordinantur,
1806 994 1999 1045 sancta
2046 989 2325 1073 dicuntur
2362 989 2507 1046 sicut

498 1077 781 1150 templum,
835 1083 892 1134 et
933 1092 1067 1134 vasa
1105 1076 1316 1149 templi,
1373 1082 1431 1131 ει
1482 1076 1667 1133 omnia
1714 1070 1901 1150 divino
1944 1070 2148 1159 cultui
2140 1077 2507 1163 mancipata.
2522 1136 2527 1141 ,

498 1165 896 1224 convenienter
923 1165 1090 1237 igitur
1113 1163 1358 1238 spiritus,
1380 1178 1491 1238 quo
1515 1164 1671 1222 nobis
1695 1150 2004 1223 insinuatur
2032 1147 2215 1253 amos,
2229 1182 2337 1240 quo
2362 1154 2526 1224 Deus⁸

499 1272 560 1312 se
586 1261 756 1319 amat,
786 1252 1050 1327 Spiritus
1067 1261 1293 1310 sanctus
1335 1254 1667 1323 nominatur.
1695 1253 1852 1323 Unde
1886 1262 1945 1325 et
1984 1255 2198 1343 regule.
2206 1255 2527 1325 catholicae.

500 1343 628 1402 fidei
654 1342 908 1416 spiritum
953 1340 1280 1417 praedictum
1321 1340 1568 1401 nominat
1611 1338 1884 1415 sanctum,
1912 1359 2062 1434 cum
2055 1344 2302 1434 dicitur,
2336 1335 2529 1429 Gredo'

503 1431 566 1491 in
589 1431 858 1507 Spiritum
885 1436 1147 1489 sanctum.

1071 1690 1074 1693 ⁴
1186 1601 1470 1672 CAPUT
1515 1550 1819 1673 ΧιΝιιι.

759 1747 940 1826 Quod
963 1764 1134 1812 amor
1152 1747 1222 1813 in
1248 1747 1479 1812 divinis
1502 1764 1622 1813 non
1646 1747 1943 1829 importat
1970 1750 2259 1815 accadens
2336 1828 2339 1833 ¹
2367 1824 2399 1831 ¹,

1884 1681 2099 1743 Ὶῖιζκί

535 1883 728 1943 Sicut
757 1888 947 1939 autem
982 1881 1286 1955 intelligere
1326 1882 1428 1939 Dei
1463 1887 1547 1938 εει
1575 1896 1735 1951 suum
1762 1898 1902 1951 osse,
1931 1883 2017 1941 ita
2037 1852 2115 1941 ει
2142 1885 2261 1957 ejus
2303 1853 2512 1949 amare

501 1974 622 2031 Non
651 1973 817 2044 igitur
855 1972 1004 2029 Deus
1047 1978 1198 2029 amat
1235 1971 1479 2045 seipsum
1511 1971 1815 2029 secundum
1856 1971 2063 2046 aliquid
2103 1990 2221 2031 suae
2259 1973 2513 2033 essentiae

501 2060 910 2136 superveniens,
957 2061 1054 2118 sed
1093 2060 1392 2118 secundum
1428 2076 1586 2119 suam
1624 2062 1941 2117 essentiam.
1980 2064 2116 2118 Cum
2154 2061 2324 2133 igitur
2362 2070 2514 2119 amet

503 2152 744 2224 seipsum
773 2149 1076 2207 secundum
1123 2148 1246 2216 ho'c,
1277 2149 1427 2221 quod
1473 2150 1591 2222 ipse
1640 2148 1693 2204 in
1738 2150 1917 2222 seipso
1966 2154 2051 2206 est
2082 2154 2143 2207 ιιι
2178 2156 2426 2207 amatum
2457 2152 2513 2211 in

505 2244 744 2305 amante,
774 2252 880 2295 non
909 2243 994 2300 εει
1033 2237 1182 2295 Deus
1223 2246 1443 2295 amatus
1480 2237 1536 2295 in
1577 2238 1689 2304 Deo
1718 2243 1938 2294 amante
1980 2253 2077 2311 per
2106 2237 2326 2295 modum
2361 2240 2513 2298 acci-

503 2325 801 2393 demadem,
833 2326 978 2389 sicut
1001 2330 1058 2383 et
1085 2340 1175 2383 res
1202 2335 1405 2384 amatoe
1432 2332 1561 2383 sunt
1589 2326 1652 2390 in
1673 2325 1831 2383 nobis
1858 2327 2169 2385 ementibus
2194 2328 2514 2387 accidenta-

505 2414 652 2484 liter,
684 2413 780 2472 sed
822 2414 968 2471 Deus
1013 2427 1100 2471 εει
1123 2414 1195 2471 -ἰιι
1223 2415 1405 2488 εείρεο
1446 2421 1508 2471 ιιι
1539 2420 1786 2473 amatum
1814 2416 1871 2475 in
1909 2422 2129 2473 amante
2172 2417 2514 2478 substantie-

507 2504 652 2562 liter.
695 2505 820 2577 Ipse
863 2519 994 2575 ergo
1035 2503 1272 2578 Spiritus
1315 2512 1559 2571 sanctus»,
1592 2520 1703 2578 quo
1750 2504 1908 2562 nobis
1948 2505 2255 2563 insinuatur
2296 2507 2515 2566 divinus

507 2589 679 2661 amor,
709 2597 936 2648 non-est
972 2591 1180 2666 aliquid
1209 2592 1551 2651 accidentale
1576 2594 1629 2650 in
1662 2594 1794 2661 Deo,
1828 2594 1923 2659 sed
1970 2600 2057 2651 est
2096 2610 2185 2651 res
2212 2595 2513 2651 subsistens

507 2684 561 2738 in
586 2682 827 2742 essentia
853 2680 1060 2751 divina,
1091 2682 1236 2739 sicut
1263 2682 1431 2739 Pater
1454 2689 1511 2738 et
1538 2681 1729 2742 Filius.
1767 2683 1837 2739 Et
1859 2682 1981 2741 ideo
2011 2682 2067 2739 in
2104 2682 2293 2755 regula
2322 2685 2516 2741 catho-

509 2769 633 2827 licae
668 2768 822 2919 fldeiF
837 2769 1152 2833 ostenditur
1188 2770 1592 2842 coadorandus,
1644 2779 1702 2828 et
1742 2770 1904 2829 simul
1951 2771 2344 2845 glorificandus
2388 2787 2515 2829 cum

507 2858 669 2919 Patre
695 2865 752 2917 et
824 2858 940 2920 ilio.-
1312 2888 1316 2893 ·

1214 3029 1501 3099 CAPUT
1554 3031 1803 3099 XLIX.

686 3167 866 3249 Quod
887 3166 1166 3270 Spiritus
1189 3172 1439 3235 sanctus
1466 3186 1506 3232 a
1528 3168 1723 3233 Patre
1746 3166 2033 3253 Filioque
2044 3170 2345 3253 procedit.

439 3321 455 3336 ·
543 3297 681 3357 ‚Est
713 3300 884 3359 etiam
922 3301 1400 3365 considerandum,
1432 3300 1580 3375 quod
1623 3300 1803 3375 ipsum
1844 3303 2153 3377 intelligere
2196 3320 2267 3365 ex
2309 3304 2515 3363 virtute

512 3385 849 3444 intellectiva
872 3389 1182 3447 intellectus
1205 3390 1471 3463 procedit.
1493 3390 1803 3448 Secundum
1825 3399 2011 3450 autem
2030 3392 2178 3468 quod
2206 3392 2517 3452 intellectus

499 3474 641 3533 'actu
683 3474 960 3549 intelligit,
988 3486 1075 3535 est
1103 3480 1156 3535 in
1185 3479 1304 3551 ipso
1335 3478 1389 3535 id
1418 3480 1566 3553 quod
1610 3479 1956 3565 intelligitur.
1998 3482 2118 3538 Hoc
2157 3482 2327 3554 igitur
2367 3480 2515 3555 quod

509 3567 598 3619 est
625 3562 961 3621 intellectum
981 3582 1101 3623 esse
1126 3567 1181 3622 in
1204 3566 1563 3639 intelligente,
1582 3556 1833 3642 procedit
1861 3585 1928 3627 ex
1949 3569 2158 3628 virtute
2180 3570 2519 3632 intellectiva

509 3650 852 3720 intellectus,
871 3659 934 3709 et
955 3652 1060 3711 hoc
1084 3659 1170 3712 εει
1197 3653 1479 3711 Verbum
1465 3656 1654 3755 ipsius,
1685 3666 1749 3718 ut
1776 3673 1944 3732 supra
1969 3658 2183 3717 dietum
2219 3665 2325 3716 est.
2351 3657 2520 3716 Simi-

513 3737 641 3796 liter
663 3730 833 3797 etiam‘
857 3740 912 3798 id
933 3739 1082 3815 quod
1109 3748 1347 3811 amatur,
1369 3752 1457 3801 est
1480 3745 1535 3801 iu
1560 3740 1782 3804 amante
1804 3748 2107 3805 secundum
2130 3747 2279 3821 quod
2302 3755 2519 3806 amatur

514 3830 662 3881 actu.
692 3828 856 3897 Quod
879 3834 1062 3886 antem
1106 3830 1314 3905 aliquid
1351 3838 1481 3889 actu
1526 3842 1762 3901 ametur,
1807 3836 2056 3907 procedit
2100 3841 2157 3893 et
2200 3850 2275 3894 ex
2316 3836 2521 3893 virtute

515 3910 758 3971 amative
784 3918 1040 3990 amantis,
1081 3925 1141 3979 ει
1177 3935 1249 3981 ex
1275 3920 1418 4001 pono
1454 3920 1679 3981 amabili
1714 3929 1844 3983 actu
1878 3922 2180 3985 intellecto.
2208 3926 2326 3985 Hoc
2352 3921 2527 4000 igitur
