2850 4517
410 313 531 374 302
816 351 825 364 ·
891 333 941 378 s.
988 332 1221 377 THOMAE
1260 333 1589 382 Aeminius
1631 332 1942 379 croscum

391 441 545 503 'dicit
584 449 692 506 Isa.
746 463 810 505 ιε
855 447 1087 520 Auferte
1131 449 1330 505 malum
1376 448 1758 520 cogitationum
1798 453 2104 504 vestrarum
2149 448 2216 504 ab
2255 450 2425 507 oculis

406 537 555 592 meis.
596 536 752 594 Malae
798 536 942 594 enim
982 538 1343 610 cogitationes
1390 538 1713 610 plerumque
1750 537 1822 593 ad
1867 536 2075 593 malum
2110 537 2424 594 faciendum

407 625 693 693 inducunt,
724 626 869 682 unde
898 626 1033 682 dicit
1055 627 1216 683 Mich.
1251 643 1295 684 11
1329 644 1342 682 :
1377 627 1468 686 Vae
1488 627 1582 699 qui
1609 625 1854 698 coqitatis
1881 625 2116 684 inutile:
2145 632 2204 683 et
2231 628 2424 684 statim

406 713 661 770 subditur
691 731 705 769 ε
737 715 815 772 Et
836 715 1133 788 operamini
1159 717 1361 772 malum
1390 715 1451 772 in
1479 713 1738 773 cubilibus
1764 715 1979 770 vestris.
2014 717 2163 772 Inter
2190 723 2426 774 caeteras

408 810 593 858 autem
637 804 1004 875 cogitationes
1040 805 1213 862 malas
1252 807 1431 877 magis
1474 806 1544 862 ad
1574 811 1864 878 peccatum
1892 803 2160 864 inclinant
2203 807 2425 878 cogita-

408 891 586 947 tiones
632 892 701 948 de
745 892 1204 951 delectationibus
1260 895 1464 952 carnis.
1507 894 1676 966 Cujus
1715 893 1860 950 ratio
1905 894 2074 956 etiam
2119 895 2440 954 secundum.

329 1038 333 1042 ,
410 977 1174 1054 philosophorum-doctrinam
1193 982 1484 1057 dupliciter
1508 980 1776 1053 assignari
1793 988 2006 1054 potest.
2029 983 2148 1040 Una
2172 983 2418 1056 quidem,

409 1069 536 1140 quia
566 1085 691 1128 cum
721 1068 841 1142 ipsa
874 1069 1168 1129 delectatio
1196 1072 1269 1127 sit
1301 1071 1508 1128 homini
1536 1070 1928 1138 connaturalis,
1963 1076 2018 1126 et
2060 1086 2094 1128 a
2129 1073 2422 1143 ,iuventute

409 1159 741 1227 connutrita,
773 1159 934 1217 facile
974 1160 1033 1216 in
1076 1160 1252 1233 ipsam
1283 1161 1560 1234 appetitus
1604 1159 1796 1226 fertur,
1825 1175 1954 1216 cum
1994 1175 2120 1218 eam
2157 1160 2422 1232 cogitatio

410 1247 685 1318 proponit.
714 1248 867 1304 Unde
896 1247 1249 1321 Philosophus
1275 1249 1411 1305 dicit
1449 1264 1516 1305 11.
1546 1247 1789 1305 Ethicor.
1821 1247 1968 1320 quod
1996 1248 2420 1306 delectationem

403 1334 653 1412 judicare
694 1351 802 1394 non
830 1351 1119 1410 possumus
1146 1338 1215 1393 de
1255 1337 1423 1405 facili,
1471 1337 1605 1410 quin
1633 1336 1970 1408 accipiamus
1995 1352 2139 1394 eam.
2167 1338 2426 1394 Secunda

410 1424 552 1478 ratio
580 1432 685 1491 est,
712 1425 861 1497 quia,
898 1432 959 1481 ut
995 1427 1144 1482 idem
1169 1425 1305 1482 dicit
1351 1426 1406 1483 in
1445 1441 1533 1483 ιιι.
1565 1425 1744 1486 Ethic.
1775 1424 2124 1484 delectabilia
2152 1426 2207 1482 in
2236 1428 2421 1498 parti-

409 1510 582 1568 culari
624 1519 750 1569 sunt
787 1514 963 1585 magis
990 1513 1301 1572 voluntaria
1327 1529 1494 1587 quam
1521 1515 1578 1570 in
1607 1513 1924 1571 universali.
1961 1512 2302 1573 Manifestum
2328 1521 2419 1570 est

329 1628 336 1636 ·
400 1604 596 1662 dautem
622 1599 770 1672 quod
800 1616 894 1672 per
930 1616 1121 1658 curam
1160 1602 1509 1673 cogitationis
1538 1601 1606 1659 ad
1641 1599 1998 1674 particularia
2021 1615 2250 1674 quaeque
2277 1601 2416 1656 des-

409 1686 711 1755 cendimuS,
743 1689 886 1744 unde
912 1705 1010 1764 per
1034 1690 1425 1762 cogitationem
1450 1689 1720 1746 diutinam
1748 1689 1985 1746 maxime
2007 1688 2174 1746 libido
2212 1703 2419 1762 provo-

410 1782 588 1831 catur.
630 1775 699 1833 Et
729 1785 952 1850 propter
992 1777 1097 1834 hoc
1142 1778 1492 1852 Apostolus}
1541 1779 1614 1836 ad
1657 1779 1844 1836 Corin.
1873 1794 1954 1844 vl,
1983 1777 2118 1851 dicit
2161 1794 2175 1836 ε
2219 1777 2424 1852 Faqite

407 1861 820 1933 fornicationem
846 1881 867 1923 .·
892 1866 1023 1939 quia
1048 1871 1108 1922 ut
1132 1866 1299 1938 gloss.
1326 1866 1530 1924 ibidem
1549 1867 1686 1924 dicit
1716 1885 1730 1924 z
1757 1867 1892 1926 Cum
1916 1867 2039 1924 aliis
2063 1866 2215 1924 vitiis
2238 1874 2421 1940 potest

410 1954 686 2025 expectari
729 1953 1038 2026 conflictus,
1079 1955 1177 2012 sed
1217 1955 1359 2013 hanc
1404 1956 1581 2029 fugite⁴
1622 1972 1692 2013 ne
1731 1957 2095 2030 approximet,
2140 1957 2274 2030 quia
2311 1971 2421 2012 non

410 2040 569 2097 aliter
596 2042 701 2100 hoc
736 2043 938 2101 malum
978 2051 1162 2115 potest
1187 2045 1355 2102 vinci.
1386 2045 1591 2102 Contra
1632 2044 1798 2117 igitur
1825 2044 2138 2117 huJ‘usmodi
2179 2044 2420 2103 inconti-

408 2131 611 2188 nentiae
659 2132 1108 2205 impedimentum
1155 2133 1440 2206 multiplex
1483 2135 1786 2192 remedium
1841 2135 2138 2203 invenitur,
2187 2147 2422 2207 quorum

409 2218 646 2290 primum
672 2227 728 2277 et
756 2222 1092 2295 praecipuum
1130 2228 1231 2291 est,
1274 2231 1334 2280 ut
1362 2239 1518 2279 mens
1553 2225 1701 2281 circa
1728 2222 2242 2296 contemplationem
2273 2224 2423 2280 divi-

409 2321 603 2362 norum
629 2312 688 2363 et
706 2309 1011 2365 orationem
1028 2315 1325 2382 occupetur
1354 2310 1530 2368 :unde
1548 2311 1685 2368 dicit
1707 2311 2000 2385 Apostolus
2025 2312 2093 2368 ad
2114 2311 2315 2384 Ephes,
2343 2329 2382 2368 v
2405 2330 2418 2368 ε

409 2394 594 2451 Nolite
635 2394 907 2450 inebriari
934 2396 1081 2464 vino,
1110 2398 1173 2452 in.
1206 2414 1309 2470 quo
1348 2406 1425 2456 est
1466 2399 1710 2469 luxuria,
1739 2400 1830 2456 sed
1868 2400 2160 2473 implemini
2203 2400 2422 2472 Spiritu

408 2481 600 2538 Sancto
621 2482 883 2554 loquentes
899 2484 1045 2542 vobis
1062 2485 1296 2558 metipsis
1324 2487 1387 2556 in
1401 2488 1647 2560 psalmis,
1667 2488 1897 2561 hymnis,
1926 2496 1977 2545 et
2001 2488 2224 2544 canticis
2245 2488 2420 2561 spiri-

413 2569 665 2636 tualibus,
690 2573 843 2644 quod
862 2575 931 2630 ad
961 2575 1478 2648 contemplationem
1501 2577 1774 2651 pertinere
1797 2577 2042 2646 videtum
2067 2584 2345 2634 cantantes
2367 2585 2420 2634 et

403 2660 688 2731 psallentes
711 2660 773 2716 in
792 2662 1035 2720 cordibus
1059 2665 1249 2720 vestris
1266 2665 1518 2732 Domino,
1545 2666 1692 2738 quod
1721 2667 1792 2723 ad
1815 2666 2119 2724 orationem
2141 2665 2418 2740 pertinere

408 2747 649 2806 videtur.
678 2749 816 2808 Hinc
838 2753 1007 2810 etiam
1030 2754 1294 2812 Dominus
1320 2771 1417 2828 per
1451 2755 1776 2829 prophetam
1805 2755 1961 2823 dicit,
1992 2755 2150 2814 Isaiae
2177 2770 2368 2814 xnvm
2401 2772 2415 2812 ε

408 2837 595 2894 Laude
620 2855 740 2898 mea
774 2840 1058 2914 infrenabo
1095 2851 1165 2910 te,
1192 2861 1260 2900 ne
1300 2844 1554 2900 intereas.
1587 2845 1686 2902 Est
1715 2844 1862 2902 enim
1890 2844 2166 2917 quoddam
2201 2843 2419 2902 frenum

410 2926 649 2984 animam
678 2927 749 2986 ab
775 2927 999 2986 interitu
1042 2933 1253 3004 peccati
1282 2931 1567 2989 retrahens
1603 2934 1722 2988 laus
1750 2931 1957 2992 divina.
1987 2931 2301 2993 Secundum
2325 2948 2422 2988 re-

410 3016 654 3072 medium
679 3027 765 3074 est
782 3019 1025 3076 studium
1052 3021 1479 3093 Scripturarum,
1496 3021 1796 3078 secundum
1824 3021 1959 3080 illud
1987 3022 2168 3078 Hiero.
2189 3022 2260 3078 ad
2287 3023 2422 3080 Rus·

410 3103 583 3160 ticum
611 3106 965 3163 monachum:
988 3128 1013 3160 α
1034 3111 1171 3166 Ama
1198 3110 1605 3182 Scripturarum
1627 3110 1830 3176 studia,
1856 3115 1912 3166 et
1939 3109 2121 3168 carnis
2141 3111 2282 3168 vitia
2309 3127 2416 3166 non

412 3193 642 3249 amabiS.
678 3212 704 3244 ›>
735 3195 889 3251 Unde
916 3197 1209 3270 Apostolus
1249 3213 1375 3256 cum
1402 3199 1653 3266 dixisset,
1679 3199 1748 3256 ad
1787 3199 1928 3256 Tim.
1965 3217 2021 3257 ιν
2054 3217 2068 3256 :
2107 3200 2418 3272 Exemplum

408 3287 516 3337 esto
565 3279 802 3351 fidelium
848 3284 909 3339 in
936 3285 1111 3352 verbo,
1154 3285 1213 3341 in
1254 3287 1670 3354 conversa-tione,
1699 3288 1758 3344 in
1794 3288 2075 3355 charitate,
2115 3289 2175 3344 in
2201 3287 2326 3360 tide,
2358 3289 2418 3346 in

410 3369 674 3436 castitate,
701 3371 891 3428 statim
930 3373 1115 3430 subdit
1144 3390 1156 3430 :
1190 3374 1325 3432 Cum
1363 3376 1537 3442 venio,
1577 3377 1790 3434 attende
1825 3378 2057 3435 lectioni.
2101 3378 2291 3436 Tertio
2327 3395 2418 3434 re-

410 3459 649 3516 medium
672 3467 755 3518 est
775 3460 1211 3536 quibuscumque
1229 3463 1386 3520 bonis
1405 3465 1832 3536 cogitationibus
1861 3465 2102 3524 animum
2122 3481 2414 3538 occupare,

410 3547 553 3604 unde
598 3548 793 3623 Chrys,
845 3564 1009 3622 super
1052 3551 1208 3608 Matt.
1252 3552 1407 3620 dicit,
1454 3554 1601 3627 quod
1647 3554 1880 3614 abscisio
1930 3554 2158 3612 membri
2201 3571 2309 3610 non
2337 3556 2416 3611 ita

407 3637 721 3709 comprimit
766 3639 1099 3696 tentationes
1145 3645 1201 3698 et
1248 3642 1703 3716 tranquillitatem
1761 3645 1916 3713 facit,
1959 3653 2020 3702 ut
2063 3645 2419 3718 cogitationis

409 3726 642 3794 frenum,
688 3727 834 3784 unde
877 3728 1171 3800 Apostolus
1209 3729 1279 3788 ad
1320 3731 1459 3788 Phil.
1492 3749 1573 3789 ιν.
1613 3734 1788 3791 dicit:
1821 3735 1901 3790 De
1935 3739 2154 3800 natm-0,-
2186 3734 2416 3806 fratres,

409 3831 743 3889 quencumque
768 3823 897 3876 sunt
921 3833 1069 3884 vera,
1100 3834 1435 3894 quaecumque
1455 3822 1674 3895 pudiea,
1703 3838 2038 3895 quoecnmque
2060 3824 2235 3896 justa,
2265 3837 2420 3894 φια-

409 3917 625 3974 cumque
668 3911 875 3972 sancta,
912 3923 1242 3985 quiscumque
1268 3909 1542 3977 amabilia,
1585 3927 1916 3988 qnoecnmque
1955 3911 2101 3968 bouae
2139 3911 2323 3983 samoe,
2365 3913 2421 3971 si
