<?xml version="1.0" encoding="UTF-8"?>
<!DOCTYPE html PUBLIC "-//W3C//DTD XHTML 1.0 Transitional//EN"
    "http://www.w3.org/TR/xhtml1/DTD/xhtml1-transitional.dtd">
<html xmlns="http://www.w3.org/1999/xhtml" xml:lang="en" lang="en">
 <head>
  <title>
</title>
<meta http-equiv="Content-Type" content="text/html;charset=utf-8" />
  <meta name='ocr-system' content='tesseract 3.04.00' />
  <meta name='ocr-capabilities' content='ocr_page ocr_carea ocr_par ocr_line ocrx_word'/>
</head>
<body>
  <div class='ocr_page' id='page_1' title='image "./sthomaquinatisd02thomgoog_0134.png"; bbox 0 0 2850 4517; ppageno 0'>
   <div class='ocr_carea' id='block_1_1' title="bbox 507 326 2034 388">
    <p class='ocr_par' dir='ltr' id='par_1_1' title="bbox 507 326 2034 388">
     <span class='ocr_line' id='line_1_1' title="bbox 507 326 2034 388; baseline -0.002 -2"><span class='ocrx_word' id='word_1_1' title='bbox 507 326 627 387; x_wconf 78' lang='lat'><strong>120</strong></span> <span class='ocrx_word' id='word_1_2' title='bbox 985 343 1038 384; x_wconf 85' lang='lat' dir='ltr'><strong>s.</strong></span> <span class='ocrx_word' id='word_1_3' title='bbox 1083 340 1314 382; x_wconf 70' lang='lat' dir='ltr'><strong>&#39;rnomn</strong></span> <span class='ocrx_word' id='word_1_4' title='bbox 1355 331 1681 388; x_wconf 59' lang='lat' dir='ltr'><strong>souma-ns</strong></span> <span class='ocrx_word' id='word_1_5' title='bbox 1722 339 2034 383; x_wconf 70' lang='lat' dir='ltr'><strong>croscum</strong></span> 
     </span>
    </p>
   </div>
   <div class='ocr_carea' id='block_1_2' title="bbox 457 453 2549 2656">
    <p class='ocr_par' dir='ltr' id='par_1_2' title="bbox 457 453 2549 2656">
     <span class='ocr_line' id='line_1_2' title="bbox 503 453 2527 532; baseline -0.002 -18"><span class='ocrx_word' id='word_1_6' title='bbox 503 458 681 514; x_wconf 66' lang='lat' dir='ltr'><strong>flotus</strong></span> <span class='ocrx_word' id='word_1_7' title='bbox 703 456 851 513; x_wconf 87' lang='lat' dir='ltr'><strong>enim</strong></span> <span class='ocrx_word' id='word_1_8' title='bbox 867 469 993 513; x_wconf 90' lang='lat' dir='ltr'><strong>cum</strong></span> <span class='ocrx_word' id='word_1_9' title='bbox 1019 455 1096 512; x_wconf 87' lang='lat' dir='ltr'><strong>sit</strong></span> <span class='ocrx_word' id='word_1_10' title='bbox 1113 455 1204 511; x_wconf 80' lang='lat' dir='ltr'><strong>via</strong></span> <span class='ocrx_word' id='word_1_11' title='bbox 1233 455 1303 512; x_wconf 86' lang='lat' dir='ltr'><strong>ad</strong></span> <span class='ocrx_word' id='word_1_12' title='bbox 1324 453 1735 527; x_wconf 78' lang='lat' dir='ltr'>perfectionem,</span> <span class='ocrx_word' id='word_1_13' title='bbox 1763 470 1871 532; x_wconf 86' lang='lat' dir='ltr'><strong>non</strong></span> <span class='ocrx_word' id='word_1_14' title='bbox 1891 453 2059 510; x_wconf 88' lang='lat' dir='ltr'><strong>babet</strong></span> <span class='ocrx_word' id='word_1_15' title='bbox 2082 456 2353 512; x_wconf 84' lang='lat' dir='ltr'><strong>rationem</strong></span> <span class='ocrx_word' id='word_1_16' title='bbox 2374 456 2527 522; x_wconf 84' lang='lat' dir='ltr'><strong>finis,</strong></span> 
     </span>
     <span class='ocr_line' id='line_1_3' title="bbox 504 543 2530 619; baseline -0.001 -16"><span class='ocrx_word' id='word_1_17' title='bbox 504 548 602 603; x_wconf 86' lang='lat' dir='ltr'><strong>sed</strong></span> <span class='ocrx_word' id='word_1_18' title='bbox 632 546 808 618; x_wconf 83' lang='lat' dir='ltr'><strong>magis</strong></span> <span class='ocrx_word' id='word_1_19' title='bbox 835 547 953 617; x_wconf 86' lang='lat' dir='ltr'><strong>ejus</strong></span> <span class='ocrx_word' id='word_1_20' title='bbox 975 544 1124 619; x_wconf 90' lang='lat' dir='ltr'><strong>quod</strong></span> <span class='ocrx_word' id='word_1_21' title='bbox 1153 550 1239 600; x_wconf 88' lang='lat' dir='ltr'><strong>est</strong></span> <span class='ocrx_word' id='word_1_22' title='bbox 1267 543 1336 600; x_wconf 90' lang='lat' dir='ltr'><strong>ad</strong></span> <span class='ocrx_word' id='word_1_23' title='bbox 1367 543 1830 602; x_wconf 81' lang='lat' dir='ltr'><strong>finem.Similiter</strong></span> <span class='ocrx_word' id='word_1_24' title='bbox 1852 543 2023 600; x_wconf 84' lang='lat' dir='ltr'><strong>etiam</strong></span> <span class='ocrx_word' id='word_1_25' title='bbox 2046 543 2153 600; x_wconf 83' lang='lat' dir='ltr'><strong>non</strong></span> <span class='ocrx_word' id='word_1_26' title='bbox 2182 550 2365 616; x_wconf 88' lang='lat' dir='ltr'><strong>potest</strong></span> <span class='ocrx_word' id='word_1_27' title='bbox 2384 545 2530 614; x_wconf 90' lang='lat' dir='ltr'><strong>dici,</strong></span> 
     </span>
     <span class='ocr_line' id='line_1_4' title="bbox 503 633 2535 714; baseline -0.001 -21"><span class='ocrx_word' id='word_1_28' title='bbox 503 636 648 710; x_wconf 89' lang='lat' dir='ltr'><strong>quod</strong></span> <span class='ocrx_word' id='word_1_29' title='bbox 685 635 967 714; x_wconf 85' lang='lat' dir='ltr'><strong>renovatio</strong></span> <span class='ocrx_word' id='word_1_30' title='bbox 1009 635 1215 689; x_wconf 88' lang='lat' dir='ltr'><strong>situum</strong></span> <span class='ocrx_word' id='word_1_31' title='bbox 1255 634 1328 692; x_wconf 90' lang='lat' dir='ltr'><strong>sit</strong></span> <span class='ocrx_word' id='word_1_32' title='bbox 1355 634 1621 692; x_wconf 86' lang='lat' dir='ltr'><strong>terminus</strong></span> <span class='ocrx_word' id='word_1_33' title='bbox 1666 641 1850 690; x_wconf 89' lang='lat' dir='ltr'><strong>motus</strong></span> <span class='ocrx_word' id='word_1_34' title='bbox 1877 633 2122 692; x_wconf 87' lang='lat' dir='ltr'><strong>coelestis</strong></span> <span class='ocrx_word' id='word_1_35' title='bbox 2162 636 2431 707; x_wconf 79' lang='lat' dir='ltr'><strong>corporiS‚</strong></span> <span class='ocrx_word' id='word_1_36' title='bbox 2466 645 2535 690; x_wconf 84' lang='lat' dir='ltr'><strong>ut</strong></span> 
     </span>
     <span class='ocr_line' id='line_1_5' title="bbox 501 721 2531 796; baseline -0 -15"><span class='ocrx_word' id='word_1_37' title='bbox 501 724 712 781; x_wconf 85' lang='lat' dir='ltr'><strong>scilicet</strong></span> <span class='ocrx_word' id='word_1_38' title='bbox 741 731 962 796; x_wconf 89' lang='lat' dir='ltr'><strong>propter</strong></span> <span class='ocrx_word' id='word_1_39' title='bbox 1006 721 1110 778; x_wconf 89' lang='lat' dir='ltr'><strong>hoc</strong></span> <span class='ocrx_word' id='word_1_40' title='bbox 1155 721 1379 778; x_wconf 89' lang='lat' dir='ltr'><strong>coeleste</strong></span> <span class='ocrx_word' id='word_1_41' title='bbox 1416 736 1617 794; x_wconf 88' lang='lat' dir='ltr'><strong>corpus</strong></span> <span class='ocrx_word' id='word_1_42' title='bbox 1658 729 1966 789; x_wconf 87' lang='lat' dir='ltr'><strong>moveatur,</strong></span> <span class='ocrx_word' id='word_1_43' title='bbox 2001 729 2060 776; x_wconf 92' lang='lat' dir='ltr'><strong>ut</strong></span> <span class='ocrx_word' id='word_1_44' title='bbox 2108 738 2267 779; x_wconf 91' lang='lat' dir='ltr'><strong>omne</strong></span> <span class='ocrx_word' id='word_1_45' title='bbox 2308 723 2403 778; x_wconf 87' lang='lat' dir='ltr'><strong>ubi</strong></span> <span class='ocrx_word' id='word_1_46' title='bbox 2452 724 2531 780; x_wconf 88' lang='lat' dir='ltr'><strong>ad</strong></span> 
     </span>
     <span class='ocr_line' id='line_1_6' title="bbox 504 799 2535 886; baseline -0 -17"><span class='ocrx_word' id='word_1_47' title='bbox 504 813 652 886; x_wconf 82' lang='lat' dir='ltr'><strong>quod</strong></span> <span class='ocrx_word' id='word_1_48' title='bbox 680 813 850 868; x_wconf 86' lang='lat' dir='ltr'><strong>estin</strong></span> <span class='ocrx_word' id='word_1_49' title='bbox 885 811 1132 886; x_wconf 85' lang='lat' dir='ltr'><strong>potentia</strong></span> <span class='ocrx_word' id='word_1_50' title='bbox 1175 810 1514 883; x_wconf 79' lang='lat' dir='ltr'><strong>adipiscatur</strong></span> <span class='ocrx_word' id='word_1_51' title='bbox 1542 810 1598 865; x_wconf 90' lang='lat' dir='ltr'><strong>in</strong></span> <span class='ocrx_word' id='word_1_52' title='bbox 1644 799 1795 878; x_wconf 82' lang='lat' dir='ltr'><strong>actu,</strong></span> <span class='ocrx_word' id='word_1_53' title='bbox 1826 809 1957 882; x_wconf 89' lang='lat' dir='ltr'><strong>quia</strong></span> <span class='ocrx_word' id='word_1_54' title='bbox 2002 811 2106 866; x_wconf 87' lang='lat' dir='ltr'><strong>hoc</strong></span> <span class='ocrx_word' id='word_1_55' title='bbox 2146 810 2201 866; x_wconf 89' lang='lat' dir='ltr'><strong>in</strong></span> <span class='ocrx_word' id='word_1_56' title='bbox 2248 811 2535 868; x_wconf 80' lang='lat' dir='ltr'><strong>infinitum</strong></span> 
     </span>
     <span class='ocr_line' id='line_1_7' title="bbox 503 887 2535 972; baseline -0 -15"><span class='ocrx_word' id='word_1_57' title='bbox 503 907 636 957; x_wconf 81' lang='grc' dir='ltr'><strong>εει·</strong></span> <span class='ocrx_word' id='word_1_58' title='bbox 671 895 944 957; x_wconf 85' lang='lat' dir='ltr'><strong>infinitum</strong></span> <span class='ocrx_word' id='word_1_59' title='bbox 986 897 1170 957; x_wconf 82' lang='lat' dir='ltr'><strong>autem</strong></span> <span class='ocrx_word' id='word_1_60' title='bbox 1201 905 1469 972; x_wconf 81' lang='lat' dir='ltr'><strong>repugnat</strong></span> <span class='ocrx_word' id='word_1_61' title='bbox 1500 887 1699 955; x_wconf 82' lang='lat' dir='ltr'><strong>rationi</strong></span> <span class='ocrx_word' id='word_1_62' title='bbox 1742 899 1887 955; x_wconf 86' lang='lat' dir='ltr'><strong>finis.</strong></span> <span class='ocrx_word' id='word_1_63' title='bbox 1928 898 2162 972; x_wconf 88' lang='lat' dir='ltr'><strong>Oportet</strong></span> <span class='ocrx_word' id='word_1_64' title='bbox 2200 899 2367 970; x_wconf 83' lang='lat' dir='ltr'><strong>igitur</strong></span> <span class='ocrx_word' id='word_1_65' title='bbox 2392 899 2535 957; x_wconf 87' lang='lat' dir='ltr'><strong>binc</strong></span> 
     </span>
     <span class='ocr_line' id='line_1_8' title="bbox 504 979 2531 1070; baseline 0 -24"><span class='ocrx_word' id='word_1_66' title='bbox 504 990 854 1046; x_wconf 84' lang='lat' dir='ltr'><strong>considerare</strong></span> <span class='ocrx_word' id='word_1_67' title='bbox 881 979 1046 1070; x_wconf 78' lang='lat' dir='ltr'><strong>finem</strong></span> <span class='ocrx_word' id='word_1_68' title='bbox 1089 994 1269 1046; x_wconf 89' lang='lat' dir='ltr'><strong>motus</strong></span> <span class='ocrx_word' id='word_1_69' title='bbox 1295 987 1443 1044; x_wconf 89' lang='lat' dir='ltr'><strong>coeli.</strong></span> <span class='ocrx_word' id='word_1_70' title='bbox 1482 986 1832 1043; x_wconf 78' lang='lat' dir='ltr'>Manifestum</span> <span class='ocrx_word' id='word_1_71' title='bbox 1860 993 1944 1044; x_wconf 88' lang='lat' dir='ltr'><strong>est</strong></span> <span class='ocrx_word' id='word_1_72' title='bbox 1984 988 2151 1054; x_wconf 89' lang='lat' dir='ltr'><strong>enim,</strong></span> <span class='ocrx_word' id='word_1_73' title='bbox 2181 988 2328 1061; x_wconf 90' lang='lat' dir='ltr'><strong>quod</strong></span> <span class='ocrx_word' id='word_1_74' title='bbox 2360 1004 2531 1046; x_wconf 89' lang='lat' dir='ltr'><strong>omne</strong></span> 
     </span>
     <span class='ocr_line' id='line_1_9' title="bbox 505 1064 2533 1152; baseline 0 -17"><span class='ocrx_word' id='word_1_75' title='bbox 505 1093 703 1152; x_wconf 88' lang='lat' dir='ltr'><strong>corpus</strong></span> <span class='ocrx_word' id='word_1_76' title='bbox 730 1066 936 1134; x_wconf 84' lang='lat' dir='ltr'><strong>motum</strong></span> <span class='ocrx_word' id='word_1_77' title='bbox 967 1078 1038 1134; x_wconf 84' lang='lat' dir='ltr'><strong>ab</strong></span> <span class='ocrx_word' id='word_1_78' title='bbox 1060 1075 1341 1134; x_wconf 84' lang='lat' dir='ltr'><strong>intellectu</strong></span> <span class='ocrx_word' id='word_1_79' title='bbox 1368 1083 1454 1132; x_wconf 91' lang='lat' dir='ltr'><strong>est</strong></span> <span class='ocrx_word' id='word_1_80' title='bbox 1482 1064 1907 1132; x_wconf 81' lang='lat' dir='ltr'><strong>instrumentum</strong></span> <span class='ocrx_word' id='word_1_81' title='bbox 1938 1075 2130 1149; x_wconf 87' lang='lat' dir='ltr'><strong>ipsius.</strong></span> <span class='ocrx_word' id='word_1_82' title='bbox 2167 1077 2316 1132; x_wconf 82' lang='lat' dir='ltr'><strong>Finis</strong></span> <span class='ocrx_word' id='word_1_83' title='bbox 2334 1081 2533 1135; x_wconf 84' lang='lat' dir='ltr'><strong>autem</strong></span> 
     </span>
     <span class='ocr_line' id='line_1_10' title="bbox 507 1164 2532 1247; baseline -0 -23"><span class='ocrx_word' id='word_1_84' title='bbox 507 1175 690 1224; x_wconf 84' lang='lat' dir='ltr'><strong>motus</strong></span> <span class='ocrx_word' id='word_1_85' title='bbox 729 1167 1079 1224; x_wconf 87' lang='lat' dir='ltr'><strong>instrumenti</strong></span> <span class='ocrx_word' id='word_1_86' title='bbox 1119 1171 1206 1222; x_wconf 89' lang='lat' dir='ltr'><strong>est</strong></span> <span class='ocrx_word' id='word_1_87' title='bbox 1243 1165 1418 1223; x_wconf 81' lang='lat' dir='ltr'><strong>forma</strong></span> <span class='ocrx_word' id='word_1_88' title='bbox 1448 1181 1480 1221; x_wconf 85' lang='lat' dir='ltr'><strong>a</strong></span> <span class='ocrx_word' id='word_1_89' title='bbox 1508 1164 1796 1238; x_wconf 88' lang='lat' dir='ltr'><strong>principali</strong></span> <span class='ocrx_word' id='word_1_90' title='bbox 1828 1172 2025 1236; x_wconf 84' lang='lat' dir='ltr'><strong>agente</strong></span> <span class='ocrx_word' id='word_1_91' title='bbox 2067 1171 2352 1247; x_wconf 82' lang='lat' dir='ltr'><strong>concepta,</strong></span> <span class='ocrx_word' id='word_1_92' title='bbox 2396 1183 2532 1240; x_wconf 81' lang='lat' dir='ltr'><strong>quae</strong></span> 
     </span>
     <span class='ocr_line' id='line_1_11' title="bbox 505 1253 2527 1328; baseline -0 -16"><span class='ocrx_word' id='word_1_93' title='bbox 505 1271 603 1328; x_wconf 86' lang='lat' dir='ltr'><strong>per</strong></span> <span class='ocrx_word' id='word_1_94' title='bbox 623 1263 834 1312; x_wconf 90' lang='lat' dir='ltr'><strong>motum</strong></span> <span class='ocrx_word' id='word_1_95' title='bbox 869 1254 1219 1312; x_wconf 78' lang='lat' dir='ltr'><strong>instrumenti</strong></span> <span class='ocrx_word' id='word_1_96' title='bbox 1248 1255 1304 1311; x_wconf 89' lang='lat' dir='ltr'><strong>in</strong></span> <span class='ocrx_word' id='word_1_97' title='bbox 1329 1262 1515 1311; x_wconf 88' lang='lat' dir='ltr'><strong>actum</strong></span> <span class='ocrx_word' id='word_1_98' title='bbox 1554 1253 1854 1309; x_wconf 79' lang='lat' dir='ltr'><strong>reducitur.</strong></span> <span class='ocrx_word' id='word_1_99' title='bbox 1884 1253 2078 1311; x_wconf 83' lang='lat' dir='ltr'><strong>Forma</strong></span> <span class='ocrx_word' id='word_1_100' title='bbox 2121 1263 2309 1310; x_wconf 87' lang='lat' dir='ltr'><strong>autem</strong></span> <span class='ocrx_word' id='word_1_101' title='bbox 2346 1255 2527 1312; x_wconf 82' lang='lat' dir='ltr'><strong>divini</strong></span> 
     </span>
     <span class='ocr_line' id='line_1_12' title="bbox 506 1338 2531 1418; baseline 0.001 -20"><span class='ocrx_word' id='word_1_102' title='bbox 506 1343 839 1414; x_wconf 71' lang='lat' dir='ltr'><strong>intellectuS,</strong></span> <span class='ocrx_word' id='word_1_103' title='bbox 873 1359 1038 1418; x_wconf 88' lang='lat' dir='ltr'><strong>quam</strong></span> <span class='ocrx_word' id='word_1_104' title='bbox 1079 1359 1172 1416; x_wconf 89' lang='lat' dir='ltr'><strong>per</strong></span> <span class='ocrx_word' id='word_1_105' title='bbox 1203 1351 1411 1399; x_wconf 89' lang='lat' dir='ltr'><strong>motum</strong></span> <span class='ocrx_word' id='word_1_106' title='bbox 1456 1341 1581 1398; x_wconf 90' lang='lat' dir='ltr'><strong>coeli</strong></span> <span class='ocrx_word' id='word_1_107' title='bbox 1624 1338 1882 1415; x_wconf 85' lang='lat' dir='ltr'><strong>complet,</strong></span> <span class='ocrx_word' id='word_1_108' title='bbox 1915 1350 1999 1398; x_wconf 86' lang='lat' dir='ltr'><strong>est</strong></span> <span class='ocrx_word' id='word_1_109' title='bbox 2038 1341 2301 1414; x_wconf 78' lang='lat' dir='ltr'><strong>perfectio</strong></span> <span class='ocrx_word' id='word_1_110' title='bbox 2338 1361 2531 1400; x_wconf 87' lang='lat' dir='ltr'><strong>rerum</strong></span> 
     </span>
     <span class='ocr_line' id='line_1_13' title="bbox 509 1425 2549 1505; baseline 0 -17"><span class='ocrx_word' id='word_1_111' title='bbox 509 1447 607 1505; x_wconf 85' lang='lat' dir='ltr'><strong>per</strong></span> <span class='ocrx_word' id='word_1_112' title='bbox 659 1433 805 1488; x_wconf 86' lang='lat' dir='ltr'><strong>viam</strong></span> <span class='ocrx_word' id='word_1_113' title='bbox 859 1430 1229 1504; x_wconf 84' lang='lat' dir='ltr'><strong>generationis</strong></span> <span class='ocrx_word' id='word_1_114' title='bbox 1271 1438 1328 1486; x_wconf 90' lang='lat' dir='ltr'><strong>et</strong></span> <span class='ocrx_word' id='word_1_115' title='bbox 1368 1430 1757 1503; x_wconf 79' lang='lat' dir='ltr'><strong>corruptioniS.</strong></span> <span class='ocrx_word' id='word_1_116' title='bbox 1806 1430 2193 1486; x_wconf 85' lang='lat' dir='ltr'><strong>Generationis</strong></span> <span class='ocrx_word' id='word_1_117' title='bbox 2237 1438 2422 1488; x_wconf 85' lang='lat' dir='ltr'><strong>autem</strong></span> <span class='ocrx_word' id='word_1_118' title='bbox 2464 1425 2549 1488; x_wconf 73' lang='lat' dir='ltr'><strong>et&#39;</strong></span> 
     </span>
     <span class='ocr_line' id='line_1_14' title="bbox 506 1519 2531 1593; baseline 0.001 -17"><span class='ocrx_word' id='word_1_119' title='bbox 506 1521 875 1593; x_wconf 85' lang='lat' dir='ltr'><strong>corruptionis</strong></span> <span class='ocrx_word' id='word_1_120' title='bbox 913 1519 1138 1577; x_wconf 89' lang='lat' dir='ltr'><strong>ultimus</strong></span> <span class='ocrx_word' id='word_1_121' title='bbox 1183 1521 1305 1575; x_wconf 84' lang='lat' dir='ltr'><strong>finis</strong></span> <span class='ocrx_word' id='word_1_122' title='bbox 1331 1525 1416 1576; x_wconf 90' lang='lat' dir='ltr'><strong>est</strong></span> <span class='ocrx_word' id='word_1_123' title='bbox 1464 1519 1803 1576; x_wconf 88' lang='lat' dir='ltr'><strong>nobilissima</strong></span> <span class='ocrx_word' id='word_1_124' title='bbox 1845 1519 2041 1586; x_wconf 77' lang='lat' dir='ltr'><strong>forma,</strong></span> <span class='ocrx_word' id='word_1_125' title='bbox 2070 1535 2196 1593; x_wconf 84' lang='lat' dir='ltr'><strong>quae</strong></span> <span class='ocrx_word' id='word_1_126' title='bbox 2222 1529 2306 1578; x_wconf 89' lang='lat' dir='ltr'><strong>est</strong></span> <span class='ocrx_word' id='word_1_127' title='bbox 2338 1523 2531 1579; x_wconf 85' lang='lat' dir='ltr'><strong>anima</strong></span> 
     </span>
     <span class='ocr_line' id='line_1_15' title="bbox 507 1608 2531 1683; baseline 0.001 -19"><span class='ocrx_word' id='word_1_128' title='bbox 507 1608 768 1677; x_wconf 88' lang='lat' dir='ltr'><strong>humana,</strong></span> <span class='ocrx_word' id='word_1_129' title='bbox 797 1610 959 1683; x_wconf 91' lang='lat' dir='ltr'><strong>cujus</strong></span> <span class='ocrx_word' id='word_1_130' title='bbox 1005 1609 1230 1664; x_wconf 82' lang='lat' dir='ltr'><strong>ultimus</strong></span> <span class='ocrx_word' id='word_1_131' title='bbox 1260 1608 1382 1665; x_wconf 85' lang='lat' dir='ltr'><strong>finis</strong></span> <span class='ocrx_word' id='word_1_132' title='bbox 1419 1615 1503 1664; x_wconf 84' lang='lat' dir='ltr'><strong>est</strong></span> <span class='ocrx_word' id='word_1_133' title='bbox 1541 1608 1657 1664; x_wconf 88' lang='lat' dir='ltr'><strong>vita</strong></span> <span class='ocrx_word' id='word_1_134' title='bbox 1680 1614 1910 1675; x_wconf 77' lang='lat' dir='ltr'><strong>aeterna,</strong></span> <span class='ocrx_word' id='word_1_135' title='bbox 1944 1615 2004 1662; x_wconf 92' lang='lat' dir='ltr'><strong>ut</strong></span> <span class='ocrx_word' id='word_1_136' title='bbox 2054 1624 2219 1680; x_wconf 87' lang='lat' dir='ltr'><strong>supra</strong></span> <span class='ocrx_word' id='word_1_137' title='bbox 2243 1616 2531 1666; x_wconf 89' lang='lat' dir='ltr'><strong>ostensum</strong></span> 
     </span>
     <span class='ocr_line' id='line_1_16' title="bbox 508 1687 2529 1771; baseline 0 -17"><span class='ocrx_word' id='word_1_138' title='bbox 508 1706 615 1755; x_wconf 90' lang='lat' dir='ltr'><strong>est.</strong></span> <span class='ocrx_word' id='word_1_139' title='bbox 659 1698 759 1755; x_wconf 87' lang='lat' dir='ltr'><strong>Est</strong></span> <span class='ocrx_word' id='word_1_140' title='bbox 791 1699 961 1770; x_wconf 83' lang='lat' dir='ltr'><strong>igitur</strong></span> <span class='ocrx_word' id='word_1_141' title='bbox 1007 1697 1232 1755; x_wconf 83' lang='lat' dir='ltr'><strong>ultimus</strong></span> <span class='ocrx_word' id='word_1_142' title='bbox 1277 1695 1402 1752; x_wconf 84' lang='lat' dir='ltr'><strong>finis</strong></span> <span class='ocrx_word' id='word_1_143' title='bbox 1433 1687 1614 1752; x_wconf 87' lang='lat' dir='ltr'><strong>motus</strong></span> <span class='ocrx_word' id='word_1_144' title='bbox 1640 1695 1765 1754; x_wconf 87' lang='lat' dir='ltr'><strong>coeli</strong></span> <span class='ocrx_word' id='word_1_145' title='bbox 1810 1696 2195 1771; x_wconf 82' lang='lat' dir='ltr'><strong>multiplicatio</strong></span> <span class='ocrx_word' id='word_1_146' title='bbox 2242 1697 2529 1755; x_wconf 88' lang='lat' dir='ltr'><strong>hominum</strong></span> 
     </span>
     <span class='ocr_line' id='line_1_17' title="bbox 511 1785 2529 1860; baseline 0.001 -19"><span class='ocrx_word' id='word_1_147' title='bbox 511 1786 988 1860; x_wconf 86' lang='lat' dir='ltr'><strong>producendorum</strong></span> <span class='ocrx_word' id='word_1_148' title='bbox 1032 1787 1099 1843; x_wconf 89' lang='lat' dir='ltr'><strong>ad</strong></span> <span class='ocrx_word' id='word_1_149' title='bbox 1141 1785 1313 1842; x_wconf 88' lang='lat' dir='ltr'><strong>vitam</strong></span> <span class='ocrx_word' id='word_1_150' title='bbox 1353 1794 1658 1842; x_wconf 84' lang='lat' dir='ltr'><strong>aeternam:</strong></span> <span class='ocrx_word' id='word_1_151' title='bbox 1692 1785 1810 1842; x_wconf 84' lang='lat' dir='ltr'><strong>haec</strong></span> <span class='ocrx_word' id='word_1_152' title='bbox 1847 1793 2032 1842; x_wconf 86' lang='lat' dir='ltr'><strong>autem</strong></span> <span class='ocrx_word' id='word_1_153' title='bbox 2076 1787 2367 1843; x_wconf 86' lang='lat' dir='ltr'><strong>multitudo</strong></span> <span class='ocrx_word' id='word_1_154' title='bbox 2411 1804 2529 1844; x_wconf 83' lang='lat' dir='ltr'><strong>non</strong></span> 
     </span>
     <span class='ocr_line' id='line_1_18' title="bbox 509 1870 2533 1950; baseline 0 -18"><span class='ocrx_word' id='word_1_155' title='bbox 509 1882 842 1950; x_wconf 90' lang='lat' dir='ltr'><strong>potestesse</strong></span> <span class='ocrx_word' id='word_1_156' title='bbox 884 1875 1119 1932; x_wconf 85' lang='lat' dir='ltr'><strong>infinita.</strong></span> <span class='ocrx_word' id='word_1_157' title='bbox 1163 1875 1304 1930; x_wconf 89' lang='lat' dir='ltr'><strong>Nam</strong></span> <span class='ocrx_word' id='word_1_158' title='bbox 1350 1870 1581 1930; x_wconf 82' lang='lat' dir='ltr'><strong>intentio</strong></span> <span class='ocrx_word' id='word_1_159' title='bbox 1625 1873 1919 1945; x_wconf 89' lang='lat' dir='ltr'><strong>cujuslibet</strong></span> <span class='ocrx_word' id='word_1_160' title='bbox 1959 1873 2271 1931; x_wconf 85' lang='lat' dir='ltr'><strong>intellectus</strong></span> <span class='ocrx_word' id='word_1_161' title='bbox 2312 1882 2423 1932; x_wconf 90' lang='lat' dir='ltr'><strong>stat</strong></span> <span class='ocrx_word' id='word_1_162' title='bbox 2462 1875 2533 1939; x_wconf 67' lang='lat' dir='ltr'><strong>in,</strong></span> 
     </span>
     <span class='ocr_line' id='line_1_19' title="bbox 508 1962 2529 2038; baseline 0.001 -18"><span class='ocrx_word' id='word_1_163' title='bbox 508 1964 693 2038; x_wconf 88' lang='lat' dir='ltr'><strong>aliquo</strong></span> <span class='ocrx_word' id='word_1_164' title='bbox 721 1965 896 2022; x_wconf 87' lang='lat' dir='ltr'><strong>finito.</strong></span> <span class='ocrx_word' id='word_1_165' title='bbox 917 1963 1198 2037; x_wconf 77' lang='lat' dir='ltr'><strong>completo</strong></span> <span class='ocrx_word' id='word_1_166' title='bbox 1220 1963 1386 2035; x_wconf 84' lang='lat' dir='ltr'><strong>igitur</strong></span> <span class='ocrx_word' id='word_1_167' title='bbox 1411 1977 1639 2020; x_wconf 90' lang='lat' dir='ltr'><strong>numero</strong></span> <span class='ocrx_word' id='word_1_168' title='bbox 1662 1962 1941 2020; x_wconf 89' lang='lat' dir='ltr'><strong>hominum</strong></span> <span class='ocrx_word' id='word_1_169' title='bbox 1970 1963 2039 2020; x_wconf 88' lang='lat' dir='ltr'><strong>ad</strong></span> <span class='ocrx_word' id='word_1_170' title='bbox 2062 1964 2231 2021; x_wconf 89' lang='lat' dir='ltr'><strong>vitam</strong></span> <span class='ocrx_word' id='word_1_171' title='bbox 2256 1971 2529 2022; x_wconf 80' lang='lat' dir='ltr'><strong>aeternam</strong></span> 
     </span>
     <span class='ocr_line' id='line_1_20' title="bbox 457 2043 2529 2126; baseline 0 -17"><span class='ocrx_word' id='word_1_172' title='bbox 457 2063 474 2080; x_wconf 75' lang='lat'>⁸</span> <span class='ocrx_word' id='word_1_173' title='bbox 508 2045 1006 2126; x_wconf 85' lang='lat' dir='ltr'><strong>producendorum,</strong></span> <span class='ocrx_word' id='word_1_174' title='bbox 1035 2069 1092 2110; x_wconf 85' lang='lat' dir='ltr'><strong>et</strong></span> <span class='ocrx_word' id='word_1_175' title='bbox 1130 2043 1200 2109; x_wconf 90' lang='lat' dir='ltr'><strong>de</strong></span> <span class='ocrx_word' id='word_1_176' title='bbox 1235 2044 1316 2108; x_wconf 84' lang='lat' dir='ltr'><strong>eis</strong></span> <span class='ocrx_word' id='word_1_177' title='bbox 1345 2051 1399 2108; x_wconf 92' lang='lat' dir='ltr'><strong>in</strong></span> <span class='ocrx_word' id='word_1_178' title='bbox 1436 2053 1551 2108; x_wconf 85' lang='lat' dir='ltr'><strong>vita</strong></span> <span class='ocrx_word' id='word_1_179' title='bbox 1582 2058 1793 2108; x_wconf 85' lang='lat' dir='ltr'><strong>aeterna</strong></span> <span class='ocrx_word' id='word_1_180' title='bbox 1820 2053 2158 2118; x_wconf 86' lang='lat' dir='ltr'><strong>constitutis,</strong></span> <span class='ocrx_word' id='word_1_181' title='bbox 2189 2061 2367 2110; x_wconf 80' lang='lat' dir='ltr'><strong>motus</strong></span> <span class='ocrx_word' id='word_1_182' title='bbox 2394 2053 2529 2111; x_wconf 85' lang='lat' dir='ltr'><strong>coeli</strong></span> 
     </span>
     <span class='ocr_line' id='line_1_21' title="bbox 507 2140 2528 2216; baseline 0.001 -18"><span class='ocrx_word' id='word_1_183' title='bbox 507 2143 766 2210; x_wconf 86' lang='lat' dir='ltr'><strong>cessabit,</strong></span> <span class='ocrx_word' id='word_1_184' title='bbox 790 2142 934 2199; x_wconf 85' lang='lat' dir='ltr'><strong>sicut</strong></span> <span class='ocrx_word' id='word_1_185' title='bbox 963 2149 1144 2198; x_wconf 89' lang='lat' dir='ltr'><strong>motus</strong></span> <span class='ocrx_word' id='word_1_186' title='bbox 1171 2140 1465 2211; x_wconf 87' lang='lat' dir='ltr'><strong>cujuslibet</strong></span> <span class='ocrx_word' id='word_1_187' title='bbox 1500 2141 1847 2196; x_wconf 87' lang='lat' dir='ltr'><strong>instrumenti</strong></span> <span class='ocrx_word' id='word_1_188' title='bbox 1874 2147 2055 2198; x_wconf 88' lang='lat' dir='ltr'><strong>cessat</strong></span> <span class='ocrx_word' id='word_1_189' title='bbox 2079 2155 2371 2216; x_wconf 83' lang='lat' dir='ltr'><strong>postquam</strong></span> <span class='ocrx_word' id='word_1_190' title='bbox 2394 2144 2528 2200; x_wconf 83' lang='lat' dir='ltr'><strong>fue-</strong></span> 
     </span>
     <span class='ocr_line' id='line_1_22' title="bbox 507 2229 2529 2304; baseline 0.002 -19"><span class='ocrx_word' id='word_1_191' title='bbox 507 2231 582 2285; x_wconf 88' lang='lat' dir='ltr'><strong>rit</strong></span> <span class='ocrx_word' id='word_1_192' title='bbox 610 2244 749 2302; x_wconf 89' lang='lat' dir='ltr'><strong>opus</strong></span> <span class='ocrx_word' id='word_1_193' title='bbox 769 2230 1087 2301; x_wconf 81' lang='lat' dir='ltr'><strong>perfectum.</strong></span> <span class='ocrx_word' id='word_1_194' title='bbox 1111 2230 1374 2285; x_wconf 82' lang='lat' dir='ltr'><strong>Cessante</strong></span> <span class='ocrx_word' id='word_1_195' title='bbox 1399 2234 1585 2286; x_wconf 88' lang='lat' dir='ltr'><strong>autem</strong></span> <span class='ocrx_word' id='word_1_196' title='bbox 1615 2236 1766 2286; x_wconf 93' lang='lat' dir='ltr'><strong>motu</strong></span> <span class='ocrx_word' id='word_1_197' title='bbox 1787 2229 1913 2287; x_wconf 83' lang='lat' dir='ltr'><strong>coeli</strong></span> <span class='ocrx_word' id='word_1_198' title='bbox 1940 2229 2180 2287; x_wconf 88' lang='lat' dir='ltr'><strong>cessabit</strong></span> <span class='ocrx_word' id='word_1_199' title='bbox 2201 2248 2297 2304; x_wconf 87' lang='lat' dir='ltr'><strong>per</strong></span> <span class='ocrx_word' id='word_1_200' title='bbox 2324 2247 2529 2290; x_wconf 88' lang='lat' dir='ltr'><strong>conse-</strong></span> 
     </span>
     <span class='ocr_line' id='line_1_23' title="bbox 510 2315 2531 2394; baseline 0.003 -23"><span class='ocrx_word' id='word_1_201' title='bbox 510 2333 683 2391; x_wconf 89' lang='lat' dir='ltr'><strong>quens</strong></span> <span class='ocrx_word' id='word_1_202' title='bbox 710 2326 891 2372; x_wconf 87' lang='lat' dir='ltr'><strong>motus</strong></span> <span class='ocrx_word' id='word_1_203' title='bbox 914 2318 968 2372; x_wconf 92' lang='lat' dir='ltr'><strong>in</strong></span> <span class='ocrx_word' id='word_1_204' title='bbox 993 2315 1344 2374; x_wconf 80' lang='lat' dir='ltr'><strong>inferioribus</strong></span> <span class='ocrx_word' id='word_1_205' title='bbox 1371 2318 1712 2390; x_wconf 77' lang='lat' dir='ltr'><strong>corporibu3‚</strong></span> <span class='ocrx_word' id='word_1_206' title='bbox 1746 2318 1851 2376; x_wconf 89' lang='lat' dir='ltr'><strong>nisi</strong></span> <span class='ocrx_word' id='word_1_207' title='bbox 1876 2319 2053 2376; x_wconf 86' lang='lat' dir='ltr'><strong>solum</strong></span> <span class='ocrx_word' id='word_1_208' title='bbox 2086 2327 2267 2377; x_wconf 90' lang='lat' dir='ltr'><strong>motus</strong></span> <span class='ocrx_word' id='word_1_209' title='bbox 2292 2322 2385 2394; x_wconf 88' lang='lat' dir='ltr'><strong>qui</strong></span> <span class='ocrx_word' id='word_1_210' title='bbox 2414 2322 2531 2377; x_wconf 81' lang='lat' dir='ltr'><strong>erit</strong></span> 
     </span>
     <span class='ocr_line' id='line_1_24' title="bbox 510 2397 2530 2482; baseline 0.003 -21"><span class='ocrx_word' id='word_1_211' title='bbox 510 2405 582 2461; x_wconf 86' lang='lat' dir='ltr'><strong>ab</strong></span> <span class='ocrx_word' id='word_1_212' title='bbox 607 2405 789 2461; x_wconf 89' lang='lat' dir='ltr'><strong>anima</strong></span> <span class='ocrx_word' id='word_1_213' title='bbox 815 2405 871 2460; x_wconf 90' lang='lat' dir='ltr'><strong>in</strong></span> <span class='ocrx_word' id='word_1_214' title='bbox 896 2403 1228 2472; x_wconf 88' lang='lat' dir='ltr'><strong>hominibus,</strong></span> <span class='ocrx_word' id='word_1_215' title='bbox 1259 2413 1317 2461; x_wconf 88' lang='lat' dir='ltr'><strong>et</strong></span> <span class='ocrx_word' id='word_1_216' title='bbox 1341 2406 1421 2462; x_wconf 91' lang='lat' dir='ltr'><strong>sic</strong></span> <span class='ocrx_word' id='word_1_217' title='bbox 1448 2411 1624 2463; x_wconf 88' lang='lat' dir='ltr'><strong>totum</strong></span> <span class='ocrx_word' id='word_1_218' title='bbox 1663 2408 1977 2466; x_wconf 86' lang='lat' dir='ltr'><strong>universum</strong></span> <span class='ocrx_word' id='word_1_219' title='bbox 2002 2425 2325 2482; x_wconf 89' lang='lat' dir='ltr'><strong>corporeum</strong></span> <span class='ocrx_word' id='word_1_220' title='bbox 2348 2397 2530 2468; x_wconf 85' lang='lat' dir='ltr'><strong>habe-</strong></span> 
     </span>
     <span class='ocr_line' id='line_1_25' title="bbox 511 2492 2525 2598; baseline 0.004 -48"><span class='ocrx_word' id='word_1_221' title='bbox 511 2493 594 2550; x_wconf 87' lang='lat' dir='ltr'><strong>bit</strong></span> <span class='ocrx_word' id='word_1_222' title='bbox 612 2493 774 2549; x_wconf 88' lang='lat' dir='ltr'><strong>aliam</strong></span> <span class='ocrx_word' id='word_1_223' title='bbox 795 2492 882 2548; x_wconf 85' lang='lat' dir='ltr'><strong>dis</strong></span> <span class='ocrx_word' id='word_1_224' title='bbox 857 2493 1211 2566; x_wconf 89' lang='lat' dir='ltr'><strong>positionem</strong></span> <span class='ocrx_word' id='word_1_225' title='bbox 1230 2501 1285 2550; x_wconf 89' lang='lat' dir='ltr'><strong>et</strong></span> <span class='ocrx_word' id='word_1_226' title='bbox 1310 2494 1561 2563; x_wconf 87' lang='lat' dir='ltr'><strong>formam,</strong></span> <span class='ocrx_word' id='word_1_227' title='bbox 1584 2497 1884 2555; x_wconf 90' lang='lat' dir='ltr'><strong>secundum</strong></span> <span class='ocrx_word' id='word_1_228' title='bbox 1909 2497 2062 2598; x_wconf 89' lang='lat' dir='ltr'><strong>illud.</strong></span> <span class='ocrx_word' id='word_1_229' title='bbox 2084 2500 2108 2555; x_wconf 94' lang='lat'>1</span> <span class='ocrx_word' id='word_1_230' title='bbox 2137 2499 2383 2556; x_wconf 82' lang='lat' dir='ltr'><strong>Corinth.</strong></span> <span class='ocrx_word' id='word_1_231' title='bbox 2404 2516 2525 2558; x_wconf 85' lang='lat' dir='ltr'><strong>vu:</strong></span> 
     </span>
     <span class='ocr_line' id='line_1_26' title="bbox 510 2581 1386 2656; baseline 0 -18"><span class='ocrx_word' id='word_1_232' title='bbox 510 2581 772 2638; x_wconf 73' lang='lat' dir='ltr'><strong>Praeterit</strong></span> <span class='ocrx_word' id='word_1_233' title='bbox 791 2581 975 2655; x_wconf 75' lang='lat' dir='ltr'><strong>fiqura</strong></span> <span class='ocrx_word' id='word_1_234' title='bbox 996 2582 1156 2656; x_wconf 71' lang='lat' dir='ltr'><strong>hujus</strong></span> <span class='ocrx_word' id='word_1_235' title='bbox 1177 2583 1386 2642; x_wconf 74' lang='lat' dir='ltr'><strong>mundi.</strong></span> 
     </span>
    </p>
   </div>
   <div class='ocr_carea' id='block_1_3' title="bbox 543 2754 2411 2976">
    <p class='ocr_par' dir='ltr' id='par_1_3' title="bbox 543 2754 2411 2976">
     <span class='ocr_line' id='line_1_27' title="bbox 1175 2754 1850 2826; baseline 0 -2"><span class='ocrx_word' id='word_1_236' title='bbox 1175 2755 1461 2824; x_wconf 86' lang='lat' dir='ltr'>CAPUT</span> <span class='ocrx_word' id='word_1_237' title='bbox 1521 2754 1850 2826; x_wconf 88' lang='lat' dir='ltr'>CLXXII.</span> 
     </span>
     <span class='ocr_line' id='line_1_28' title="bbox 543 2859 2411 2976; baseline 0.001 -18"><span class='ocrx_word' id='word_1_238' title='bbox 543 2859 572 2948; x_wconf 21' lang='grc' dir='ltr'><strong>-Ι</strong></span> <span class='ocrx_word' id='word_1_239' title='bbox 617 2893 714 2959; x_wconf 74' lang='lat' dir='ltr'><strong>Do</strong></span> <span class='ocrx_word' id='word_1_240' title='bbox 726 2892 974 2976; x_wconf 81' lang='lat' dir='ltr'><strong>praemio</strong></span> <span class='ocrx_word' id='word_1_241' title='bbox 998 2893 1260 2958; x_wconf 68' lang='lat' dir='ltr'><strong>hominis</strong></span> <span class='ocrx_word' id='word_1_242' title='bbox 1286 2894 1610 2958; x_wconf 75' lang='lat' dir='ltr'><strong>secundum</strong></span> <span class='ocrx_word' id='word_1_243' title='bbox 1636 2894 1768 2974; x_wconf 57' lang='grc' dir='ltr'><strong>σφω</strong></span> <span class='ocrx_word' id='word_1_244' title='bbox 1796 2914 1995 2976; x_wconf 74' lang='lat' dir='ltr'><strong>opera,</strong></span> <span class='ocrx_word' id='word_1_245' title='bbox 2026 2897 2121 2962; x_wconf 78' lang='lat' dir='ltr'><strong>vel</strong></span> <span class='ocrx_word' id='word_1_246' title='bbox 2146 2899 2411 2963; x_wconf 72' lang='lat' dir='ltr'><strong>miseria.</strong></span> 
     </span>
    </p>
   </div>
   <div class='ocr_carea' id='block_1_4' title="bbox 509 3027 2535 3995">
    <p class='ocr_par' dir='ltr' id='par_1_4' title="bbox 509 3027 2535 3990">
     <span class='ocr_line' id='line_1_29' title="bbox 563 3027 2529 3104; baseline 0.002 -20"><span class='ocrx_word' id='word_1_247' title='bbox 563 3027 1047 3084; x_wconf 79' lang='lat' dir='ltr'><strong>‘Considerandum</strong></span> <span class='ocrx_word' id='word_1_248' title='bbox 1083 3034 1168 3084; x_wconf 90' lang='lat' dir='ltr'><strong>est</strong></span> <span class='ocrx_word' id='word_1_249' title='bbox 1195 3034 1400 3094; x_wconf 89' lang='lat' dir='ltr'><strong>autem,</strong></span> <span class='ocrx_word' id='word_1_250' title='bbox 1420 3029 1569 3101; x_wconf 89' lang='lat' dir='ltr'><strong>quod</strong></span> <span class='ocrx_word' id='word_1_251' title='bbox 1594 3027 1643 3084; x_wconf 87' lang='lat' dir='ltr'><strong>si</strong></span> <span class='ocrx_word' id='word_1_252' title='bbox 1684 3034 1770 3086; x_wconf 90' lang='lat' dir='ltr'><strong>est</strong></span> <span class='ocrx_word' id='word_1_253' title='bbox 1806 3029 2172 3088; x_wconf 88' lang='lat' dir='ltr'><strong>determinata</strong></span> <span class='ocrx_word' id='word_1_254' title='bbox 2202 3032 2290 3087; x_wconf 90' lang='lat' dir='ltr'><strong>via</strong></span> <span class='ocrx_word' id='word_1_255' title='bbox 2317 3047 2529 3104; x_wconf 85' lang='lat' dir='ltr'><strong>perve-</strong></span> 
     </span>
     <span class='ocr_line' id='line_1_30' title="bbox 509 3107 2531 3197; baseline 0.003 -27"><span class='ocrx_word' id='word_1_256' title='bbox 509 3115 698 3171; x_wconf 87' lang='lat' dir='ltr'><strong>niendi</strong></span> <span class='ocrx_word' id='word_1_257' title='bbox 723 3115 792 3170; x_wconf 85' lang='lat' dir='ltr'><strong>ad</strong></span> <span class='ocrx_word' id='word_1_258' title='bbox 827 3107 1066 3187; x_wconf 87' lang='lat' dir='ltr'><strong>aliquem</strong></span> <span class='ocrx_word' id='word_1_259' title='bbox 1097 3116 1279 3181; x_wconf 85' lang='lat' dir='ltr'><strong>finem,</strong></span> <span class='ocrx_word' id='word_1_260' title='bbox 1303 3114 1456 3170; x_wconf 90' lang='lat' dir='ltr'><strong>illum</strong></span> <span class='ocrx_word' id='word_1_261' title='bbox 1500 3117 1661 3197; x_wconf 64' lang='lat' dir='ltr'><strong>linem</strong></span> <span class='ocrx_word' id='word_1_262' title='bbox 1706 3118 1968 3191; x_wconf 85' lang='lat' dir='ltr'><strong>consequi</strong></span> <span class='ocrx_word' id='word_1_263' title='bbox 2000 3134 2103 3175; x_wconf 90' lang='lat' dir='ltr'><strong>non</strong></span> <span class='ocrx_word' id='word_1_264' title='bbox 2148 3126 2395 3192; x_wconf 86' lang='lat' dir='ltr'><strong>possunt,</strong></span> <span class='ocrx_word' id='word_1_265' title='bbox 2426 3121 2531 3194; x_wconf 88' lang='lat' dir='ltr'><strong>qui</strong></span> 
     </span>
     <span class='ocr_line' id='line_1_31' title="bbox 515 3202 2531 3276; baseline 0.004 -19"><span class='ocrx_word' id='word_1_266' title='bbox 515 3217 616 3276; x_wconf 87' lang='lat' dir='ltr'><strong>per</strong></span> <span class='ocrx_word' id='word_1_267' title='bbox 658 3202 991 3261; x_wconf 79' lang='lat' dir='ltr'><strong>conti-ariam</strong></span> <span class='ocrx_word' id='word_1_268' title='bbox 1042 3203 1190 3260; x_wconf 87' lang='lat' dir='ltr'><strong>viam</strong></span> <span class='ocrx_word' id='word_1_269' title='bbox 1236 3203 1514 3271; x_wconf 87' lang='lat' dir='ltr'><strong>incedunt,</strong></span> <span class='ocrx_word' id='word_1_270' title='bbox 1547 3213 1645 3262; x_wconf 88' lang='lat' dir='ltr'><strong>aut</strong></span> <span class='ocrx_word' id='word_1_271' title='bbox 1682 3220 1715 3261; x_wconf 88' lang='lat' dir='ltr'><strong>a</strong></span> <span class='ocrx_word' id='word_1_272' title='bbox 1766 3207 1855 3262; x_wconf 91' lang='lat' dir='ltr'><strong>via</strong></span> <span class='ocrx_word' id='word_1_273' title='bbox 1897 3216 2049 3263; x_wconf 89' lang='lat' dir='ltr'><strong>recta</strong></span> <span class='ocrx_word' id='word_1_274' title='bbox 2089 3208 2369 3264; x_wconf 81' lang='lat' dir='ltr'><strong>deficiunt.</strong></span> <span class='ocrx_word' id='word_1_275' title='bbox 2400 3209 2531 3266; x_wconf 85' lang='lat' dir='ltr'><strong>Non</strong></span> 
     </span>
     <span class='ocr_line' id='line_1_32' title="bbox 513 3279 2525 3371; baseline 0.002 -23"><span class='ocrx_word' id='word_1_276' title='bbox 513 3290 663 3348; x_wconf 86' lang='lat' dir='ltr'><strong>enim</strong></span> <span class='ocrx_word' id='word_1_277' title='bbox 691 3300 917 3348; x_wconf 82' lang='lat' dir='ltr'><strong>sanatur</strong></span> <span class='ocrx_word' id='word_1_278' title='bbox 947 3305 1113 3364; x_wconf 83' lang='lat' dir='ltr'><strong>aeger,</strong></span> <span class='ocrx_word' id='word_1_279' title='bbox 1147 3294 1194 3348; x_wconf 89' lang='lat' dir='ltr'><strong>si</strong></span> <span class='ocrx_word' id='word_1_280' title='bbox 1230 3293 1523 3349; x_wconf 87' lang='lat' dir='ltr'><strong>contrariis</strong></span> <span class='ocrx_word' id='word_1_281' title='bbox 1562 3299 1771 3371; x_wconf 88' lang='lat' dir='ltr'><strong>utatur,</strong></span> <span class='ocrx_word' id='word_1_282' title='bbox 1806 3310 1933 3366; x_wconf 85' lang='lat' dir='ltr'><strong>quae</strong></span> <span class='ocrx_word' id='word_1_283' title='bbox 1967 3279 2214 3353; x_wconf 88' lang='lat' dir='ltr'><strong>medicus</strong></span> <span class='ocrx_word' id='word_1_284' title='bbox 2247 3297 2525 3370; x_wconf 81' lang='lat' dir='ltr'><strong>prohibet,</strong></span> 
     </span>
     <span class='ocr_line' id='line_1_33' title="bbox 516 3376 2531 3470; baseline 0.004 -35"><span class='ocrx_word' id='word_1_285' title='bbox 516 3379 621 3436; x_wconf 86' lang='lat' dir='ltr'><strong>nisi</strong></span> <span class='ocrx_word' id='word_1_286' title='bbox 650 3380 791 3437; x_wconf 85' lang='lat' dir='ltr'><strong>forte</strong></span> <span class='ocrx_word' id='word_1_287' title='bbox 829 3396 924 3454; x_wconf 91' lang='lat' dir='ltr'><strong>per</strong></span> <span class='ocrx_word' id='word_1_288' title='bbox 965 3376 1239 3436; x_wconf 83' lang='lat' dir='ltr'><strong>accidens.</strong></span> <span class='ocrx_word' id='word_1_289' title='bbox 1269 3380 1368 3436; x_wconf 88' lang='lat' dir='ltr'><strong>Est</strong></span> <span class='ocrx_word' id='word_1_290' title='bbox 1409 3388 1591 3438; x_wconf 88' lang='lat' dir='ltr'><strong>autem</strong></span> <span class='ocrx_word' id='word_1_291' title='bbox 1636 3382 2001 3441; x_wconf 89' lang='lat' dir='ltr'><strong>determinata</strong></span> <span class='ocrx_word' id='word_1_292' title='bbox 2048 3386 2138 3441; x_wconf 88' lang='lat' dir='ltr'><strong>via</strong></span> <span class='ocrx_word' id='word_1_293' title='bbox 2172 3387 2531 3470; x_wconf 86' lang='lat' dir='ltr'><strong>perveniendi</strong></span> 
     </span>
     <span class='ocr_line' id='line_1_34' title="bbox 517 3463 2529 3548; baseline 0.004 -24"><span class='ocrx_word' id='word_1_294' title='bbox 517 3467 587 3524; x_wconf 86' lang='lat' dir='ltr'><strong>ad</strong></span> <span class='ocrx_word' id='word_1_295' title='bbox 612 3463 951 3536; x_wconf 82' lang='lat' dir='ltr'><strong>felicitatem,</strong></span> <span class='ocrx_word' id='word_1_296' title='bbox 977 3485 1071 3542; x_wconf 91' lang='lat' dir='ltr'><strong>per</strong></span> <span class='ocrx_word' id='word_1_297' title='bbox 1091 3469 1351 3539; x_wconf 85' lang='lat' dir='ltr'><strong>virtutem</strong></span> <span class='ocrx_word' id='word_1_298' title='bbox 1373 3469 1602 3527; x_wconf 84' lang='lat' dir='ltr'><strong>scilicet.</strong></span> <span class='ocrx_word' id='word_1_299' title='bbox 1620 3472 1740 3528; x_wconf 90' lang='lat' dir='ltr'><strong>Non</strong></span> <span class='ocrx_word' id='word_1_300' title='bbox 1768 3473 1912 3528; x_wconf 89' lang='lat' dir='ltr'><strong>enim</strong></span> <span class='ocrx_word' id='word_1_301' title='bbox 1938 3475 2291 3548; x_wconf 89' lang='lat' dir='ltr'><strong>consequitur</strong></span> <span class='ocrx_word' id='word_1_302' title='bbox 2315 3475 2529 3548; x_wconf 85' lang='lat' dir='ltr'><strong>aliquid</strong></span> 
     </span>
     <span class='ocr_line' id='line_1_35' title="bbox 517 3551 2533 3636; baseline 0.003 -24"><span class='ocrx_word' id='word_1_303' title='bbox 517 3551 678 3613; x_wconf 85' lang='lat' dir='ltr'><strong>finem</strong></span> <span class='ocrx_word' id='word_1_304' title='bbox 703 3572 881 3624; x_wconf 89' lang='lat' dir='ltr'><strong>suum,</strong></span> <span class='ocrx_word' id='word_1_305' title='bbox 910 3558 1014 3613; x_wconf 93' lang='lat' dir='ltr'><strong>nisi</strong></span> <span class='ocrx_word' id='word_1_306' title='bbox 1049 3556 1196 3631; x_wconf 89' lang='lat' dir='ltr'><strong>quod</strong></span> <span class='ocrx_word' id='word_1_307' title='bbox 1225 3557 1330 3614; x_wconf 90' lang='lat' dir='ltr'><strong>sibi</strong></span> <span class='ocrx_word' id='word_1_308' title='bbox 1370 3560 1651 3632; x_wconf 86' lang='lat' dir='ltr'><strong>proprium</strong></span> <span class='ocrx_word' id='word_1_309' title='bbox 1688 3566 1773 3616; x_wconf 91' lang='lat' dir='ltr'><strong>est</strong></span> <span class='ocrx_word' id='word_1_310' title='bbox 1816 3561 1953 3618; x_wconf 90' lang='lat' dir='ltr'><strong>bene</strong></span> <span class='ocrx_word' id='word_1_311' title='bbox 1994 3561 2317 3634; x_wconf 87' lang='lat' dir='ltr'><strong>operando·</strong></span> <span class='ocrx_word' id='word_1_312' title='bbox 2346 3579 2533 3636; x_wconf 79' lang='lat' dir='ltr'><strong>neque</strong></span> 
     </span>
     <span class='ocr_line' id='line_1_36' title="bbox 514 3645 2535 3722; baseline 0.004 -22"><span class='ocrx_word' id='word_1_313' title='bbox 514 3645 661 3702; x_wconf 87' lang='lat' dir='ltr'><strong>enim</strong></span> <span class='ocrx_word' id='word_1_314' title='bbox 689 3647 878 3720; x_wconf 86' lang='lat' dir='ltr'><strong>planta</strong></span> <span class='ocrx_word' id='word_1_315' title='bbox 906 3646 1144 3704; x_wconf 81' lang='lat' dir='ltr'><strong>fructum</strong></span> <span class='ocrx_word' id='word_1_316' title='bbox 1172 3646 1397 3714; x_wconf 83' lang='lat' dir='ltr'><strong>faceret,</strong></span> <span class='ocrx_word' id='word_1_317' title='bbox 1430 3648 1476 3703; x_wconf 90' lang='lat' dir='ltr'><strong>si</strong></span> <span class='ocrx_word' id='word_1_318' title='bbox 1519 3649 1787 3706; x_wconf 87' lang='lat' dir='ltr'><strong>naturalis</strong></span> <span class='ocrx_word' id='word_1_319' title='bbox 1829 3651 2163 3722; x_wconf 84' lang='lat' dir='ltr'><strong>operationis</strong></span> <span class='ocrx_word' id='word_1_320' title='bbox 2192 3651 2387 3707; x_wconf 89' lang='lat' dir='ltr'><strong>modus</strong></span> <span class='ocrx_word' id='word_1_321' title='bbox 2414 3667 2535 3708; x_wconf 86' lang='lat' dir='ltr'><strong>non</strong></span> 
     </span>
     <span class='ocr_line' id='line_1_37' title="bbox 513 3729 2533 3810; baseline 0.003 -21"><span class='ocrx_word' id='word_1_322' title='bbox 513 3743 831 3791; x_wconf 87' lang='lat' dir='ltr'><strong>servaretur</strong></span> <span class='ocrx_word' id='word_1_323' title='bbox 854 3729 908 3790; x_wconf 87' lang='lat' dir='ltr'><strong>in</strong></span> <span class='ocrx_word' id='word_1_324' title='bbox 933 3736 1092 3807; x_wconf 87' lang='lat' dir='ltr'><strong>ipsa.</strong></span> <span class='ocrx_word' id='word_1_325' title='bbox 1110 3751 1288 3810; x_wconf 87' lang='lat' dir='ltr'><strong>neque</strong></span> <span class='ocrx_word' id='word_1_326' title='bbox 1313 3751 1504 3793; x_wconf 86' lang='lat' dir='ltr'><strong>cursor</strong></span> <span class='ocrx_word' id='word_1_327' title='bbox 1521 3737 1831 3810; x_wconf 88' lang='lat' dir='ltr'><strong>perveniret</strong></span> <span class='ocrx_word' id='word_1_328' title='bbox 1857 3737 1927 3802; x_wconf 86' lang='lat' dir='ltr'><strong>ad</strong></span> <span class='ocrx_word' id='word_1_329' title='bbox 1950 3738 2217 3807; x_wconf 79' lang='lat' dir='ltr'><strong>bravium,</strong></span> <span class='ocrx_word' id='word_1_330' title='bbox 2252 3740 2533 3796; x_wconf 83' lang='lat' dir='ltr'><strong>autmiles</strong></span> 
     </span>
     <span class='ocr_line' id='line_1_38' title="bbox 515 3822 2533 3910; baseline 0.003 -33"><span class='ocrx_word' id='word_1_331' title='bbox 515 3822 584 3877; x_wconf 87' lang='lat' dir='ltr'><strong>ad</strong></span> <span class='ocrx_word' id='word_1_332' title='bbox 617 3822 872 3894; x_wconf 89' lang='lat' dir='ltr'><strong>palmam,</strong></span> <span class='ocrx_word' id='word_1_333' title='bbox 901 3823 1005 3880; x_wconf 90' lang='lat' dir='ltr'><strong>nisi</strong></span> <span class='ocrx_word' id='word_1_334' title='bbox 1047 3832 1281 3899; x_wconf 87' lang='lat' dir='ltr'><strong>uterque</strong></span> <span class='ocrx_word' id='word_1_335' title='bbox 1316 3824 1616 3882; x_wconf 88' lang='lat' dir='ltr'><strong>secundum</strong></span> <span class='ocrx_word' id='word_1_336' title='bbox 1656 3826 1939 3900; x_wconf 86' lang='lat' dir='ltr'><strong>proprium</strong></span> <span class='ocrx_word' id='word_1_337' title='bbox 1980 3827 2235 3884; x_wconf 82' lang='lat' dir='ltr'><strong>officium</strong></span> <span class='ocrx_word' id='word_1_338' title='bbox 2262 3843 2533 3910; x_wconf 84' lang='lat' dir='ltr'><strong>operare-</strong></span> 
     </span>
     <span class='ocr_line' id='line_1_39' title="bbox 517 3909 2535 3995; baseline 0.005 -31"><span class='ocrx_word' id='word_1_339' title='bbox 517 3913 634 3966; x_wconf 74' lang='lat' dir='ltr'><strong>tur.</strong></span> <span class='ocrx_word' id='word_1_340' title='bbox 669 3909 840 3969; x_wconf 83' lang='lat' dir='ltr'><strong>Recte</strong></span> <span class='ocrx_word' id='word_1_341' title='bbox 884 3921 1068 3971; x_wconf 86' lang='lat' dir='ltr'><strong>autem</strong></span> <span class='ocrx_word' id='word_1_342' title='bbox 1103 3915 1319 3988; x_wconf 84' lang='lat' dir='ltr'><strong>operari</strong></span> <span class='ocrx_word' id='word_1_343' title='bbox 1359 3913 1636 3995; x_wconf 85' lang='lat' dir='ltr'><strong>bominem</strong></span> <span class='ocrx_word' id='word_1_344' title='bbox 1696 3915 1971 3990; x_wconf 87' lang='lat' dir='ltr'><strong>propriam</strong></span> <span class='ocrx_word' id='word_1_345' title='bbox 2019 3917 2397 3990; x_wconf 86' lang='lat' dir='ltr'><strong>operationem</strong></span> <span class='ocrx_word' id='word_1_346' title='bbox 2439 3926 2535 3974; x_wconf 85' lang='lat' dir='ltr'><strong>est</strong></span> 
     </span>
    </p>
   </div>
   <div class='ocr_carea' id='block_1_5' title="bbox 2815 2173 2823 2817">
    <p class='ocr_par' dir='ltr' id='par_1_5' title="bbox 2815 2173 2823 2817">
     <span class='ocr_line' id='line_1_40' title="bbox 2815 2173 2823 2817; baseline 0 0"><span class='ocrx_word' id='word_1_347' title='bbox 2815 2173 2823 2817; x_wconf 95' lang='lat' dir='ltr'><strong> </strong></span> 
     </span>
    </p>
   </div>
   <div class='ocr_carea' id='block_1_6' title="bbox 2812 2173 2824 3015">
    <p class='ocr_par' dir='ltr' id='par_1_6' title="bbox 2812 2173 2824 3015">
     <span class='ocr_line' id='line_1_41' title="bbox 2812 2173 2824 3015; baseline 0 0"><span class='ocrx_word' id='word_1_348' title='bbox 2812 2173 2824 3015; x_wconf 95' lang='lat' dir='ltr'><strong> </strong></span> 
     </span>
    </p>
   </div>
   <div class='ocr_carea' id='block_1_7' title="bbox 2805 3170 2813 3782">
    <p class='ocr_par' dir='ltr' id='par_1_7' title="bbox 2805 3170 2813 3782">
     <span class='ocr_line' id='line_1_42' title="bbox 2805 3170 2813 3782; baseline 0 0"><span class='ocrx_word' id='word_1_349' title='bbox 2805 3170 2813 3782; x_wconf 95' lang='lat' dir='ltr'><strong> </strong></span> 
     </span>
    </p>
   </div>
  </div>
 </body>
</html>
