<?xml version="1.0" encoding="UTF-8"?>
<!DOCTYPE html PUBLIC "-//W3C//DTD XHTML 1.0 Transitional//EN"
    "http://www.w3.org/TR/xhtml1/DTD/xhtml1-transitional.dtd">
<html xmlns="http://www.w3.org/1999/xhtml" xml:lang="en" lang="en">
 <head>
  <title>
</title>
<meta http-equiv="Content-Type" content="text/html;charset=utf-8" />
  <meta name='ocr-system' content='tesseract 3.04.00' />
  <meta name='ocr-capabilities' content='ocr_page ocr_carea ocr_par ocr_line ocrx_word'/>
</head>
<body>
  <div class='ocr_page' id='page_1' title='image "./sthomaquinatisd02thomgoog_0241.png"; bbox 0 0 2850 4517; ppageno 0'>
   <div class='ocr_carea' id='block_1_1' title="bbox 625 330 2267 411">
    <p class='ocr_par' dir='ltr' id='par_1_1' title="bbox 625 330 2267 411">
     <span class='ocr_line' id='line_1_1' title="bbox 625 330 2267 411; baseline -0.001 -22"><span class='ocrx_word' id='word_1_1' title='bbox 625 346 691 389; x_wconf 84' lang='grc' dir='ltr'><strong>ιι.</strong></span> <span class='ocrx_word' id='word_1_2' title='bbox 736 360 818 373; x_wconf 95' lang='lat'><strong>—-</strong></span> <span class='ocrx_word' id='word_1_3' title='bbox 857 345 1259 411; x_wconf 65' lang='lat' dir='ltr'><strong>nncnnatmo-</strong></span> <span class='ocrx_word' id='word_1_4' title='bbox 1281 346 1524 390; x_wconf 62' lang='lat' dir='ltr'><strong>comma</strong></span> <span class='ocrx_word' id='word_1_5' title='bbox 1566 346 1819 399; x_wconf 76' lang='lat' dir='ltr'><strong>onAEcos</strong></span> <span class='ocrx_word' id='word_1_6' title='bbox 1960 342 1966 350; x_wconf 80' lang='grc'><em>’</em></span> <span class='ocrx_word' id='word_1_7' title='bbox 2139 330 2267 403; x_wconf 69' lang='grc' dir='ltr'><strong>227-Ι</strong></span> 
     </span>
    </p>
   </div>
   <div class='ocr_carea' id='block_1_2' title="bbox 220 459 2289 4011">
    <p class='ocr_par' dir='ltr' id='par_1_2' title="bbox 220 459 2289 4011">
     <span class='ocr_line' id='line_1_2' title="bbox 245 459 2272 536; baseline 0.001 -19"><span class='ocrx_word' id='word_1_8' title='bbox 245 464 299 518; x_wconf 85' lang='lat' dir='ltr'><strong>in</strong></span> <span class='ocrx_word' id='word_1_9' title='bbox 334 468 549 519; x_wconf 88' lang='lat' dir='ltr'><strong>tantum</strong></span> <span class='ocrx_word' id='word_1_10' title='bbox 575 459 723 535; x_wconf 89' lang='lat' dir='ltr'><strong>quod</strong></span> <span class='ocrx_word' id='word_1_11' title='bbox 750 476 941 519; x_wconf 88' lang='lat' dir='ltr'><strong>omnes</strong></span> <span class='ocrx_word' id='word_1_12' title='bbox 967 460 1093 519; x_wconf 86' lang='lat' dir='ltr'><strong>aliae</strong></span> <span class='ocrx_word' id='word_1_13' title='bbox 1123 460 1479 523; x_wconf 83' lang='lat' dir='ltr'><strong>creaturae.ei</strong></span> <span class='ocrx_word' id='word_1_14' title='bbox 1507 461 1880 531; x_wconf 87' lang='lat' dir='ltr'><strong>subserviunt,</strong></span> <span class='ocrx_word' id='word_1_15' title='bbox 1903 467 1959 519; x_wconf 88' lang='lat' dir='ltr'><strong>et</strong></span> <span class='ocrx_word' id='word_1_16' title='bbox 1991 460 2272 536; x_wconf 82' lang='lat' dir='ltr'><strong>adipeam</strong></span> 
     </span>
     <span class='ocr_line' id='line_1_3' title="bbox 245 537 2268 626; baseline 0 -19"><span class='ocrx_word' id='word_1_17' title='bbox 245 549 491 607; x_wconf 88' lang='lat' dir='ltr'><strong>ordinari</strong></span> <span class='ocrx_word' id='word_1_18' title='bbox 515 550 791 618; x_wconf 86' lang='lat' dir='ltr'><strong>videntur,</strong></span> <span class='ocrx_word' id='word_1_19' title='bbox 824 555 880 607; x_wconf 84' lang='lat' dir='ltr'><strong>et</strong></span> <span class='ocrx_word' id='word_1_20' title='bbox 920 550 1023 607; x_wconf 87' lang='lat' dir='ltr'><strong>hoc</strong></span> <span class='ocrx_word' id='word_1_21' title='bbox 1050 549 1451 625; x_wconf 72' lang='lat' dir='ltr'>rationabiliter</span> <span class='ocrx_word' id='word_1_22' title='bbox 1491 566 1506 613; x_wconf 70' lang='grc' dir='ltr'><strong><em>ε</em></strong></span> <span class='ocrx_word' id='word_1_23' title='bbox 1537 551 1668 626; x_wconf 90' lang='lat' dir='ltr'><strong>quia</strong></span> <span class='ocrx_word' id='word_1_24' title='bbox 1695 548 1983 609; x_wconf 87' lang='lat' dir='ltr'><strong>rationalis</strong></span> <span class='ocrx_word' id='word_1_25' title='bbox 2014 537 2268 609; x_wconf 79' lang='lat' dir='ltr'><strong>creatura</strong></span> 
     </span>
     <span class='ocr_line' id='line_1_4' title="bbox 244 626 2272 713; baseline 0 -16"><span class='ocrx_word' id='word_1_26' title='bbox 244 640 549 697; x_wconf 89' lang='lat' dir='ltr'><strong>dominium</strong></span> <span class='ocrx_word' id='word_1_27' title='bbox 588 626 889 697; x_wconf 54' lang='lat' dir='ltr'><strong>habet&#39;sui</strong></span> <span class='ocrx_word' id='word_1_28' title='bbox 932 647 1088 697; x_wconf 86' lang='lat' dir='ltr'><strong>actus</strong></span> <span class='ocrx_word' id='word_1_29' title='bbox 1127 655 1225 713; x_wconf 88' lang='lat' dir='ltr'><strong>per</strong></span> <span class='ocrx_word' id='word_1_30' title='bbox 1251 638 1468 698; x_wconf 88' lang='lat' dir='ltr'><strong>arbitrii</strong></span> <span class='ocrx_word' id='word_1_31' title='bbox 1515 639 1849 697; x_wconf 88' lang='lat' dir='ltr'><strong>libertatem.</strong></span> <span class='ocrx_word' id='word_1_32' title='bbox 1881 639 2112 697; x_wconf 85' lang='lat' dir='ltr'><strong>Caeterae</strong></span> <span class='ocrx_word' id='word_1_33' title='bbox 2137 656 2272 699; x_wconf 86' lang='lat' dir='ltr'><strong>vero</strong></span> 
     </span>
     <span class='ocr_line' id='line_1_5' title="bbox 245 727 2269 803; baseline 0 -18"><span class='ocrx_word' id='word_1_34' title='bbox 245 737 518 788; x_wconf 87' lang='lat' dir='ltr'><strong>creaturae</strong></span> <span class='ocrx_word' id='word_1_35' title='bbox 546 742 652 785; x_wconf 89' lang='lat' dir='ltr'><strong>non</strong></span> <span class='ocrx_word' id='word_1_36' title='bbox 682 744 751 785; x_wconf 87' lang='lat' dir='ltr'><strong>ex</strong></span> <span class='ocrx_word' id='word_1_37' title='bbox 770 728 985 800; x_wconf 89' lang='lat' dir='ltr'><strong>judicio</strong></span> <span class='ocrx_word' id='word_1_38' title='bbox 1010 727 1183 785; x_wconf 89' lang='lat' dir='ltr'><strong>libero</strong></span> <span class='ocrx_word' id='word_1_39' title='bbox 1206 735 1397 802; x_wconf 88' lang='lat' dir='ltr'><strong>agunt,</strong></span> <span class='ocrx_word' id='word_1_40' title='bbox 1424 727 1522 785; x_wconf 88' lang='lat' dir='ltr'><strong>sed</strong></span> <span class='ocrx_word' id='word_1_41' title='bbox 1551 728 1790 803; x_wconf 89' lang='lat' dir='ltr'><strong>quadam</strong></span> <span class='ocrx_word' id='word_1_42' title='bbox 1817 727 1873 786; x_wconf 84' lang='lat' dir='ltr'><strong>vi</strong></span> <span class='ocrx_word' id='word_1_43' title='bbox 1901 736 2116 787; x_wconf 83' lang='lat' dir='ltr'><strong>naturae</strong></span> <span class='ocrx_word' id='word_1_44' title='bbox 2145 744 2269 787; x_wconf 90' lang='lat' dir='ltr'><strong>mo·-</strong></span> 
     </span>
     <span class='ocr_line' id='line_1_6' title="bbox 244 814 2272 892; baseline 0.001 -19"><span class='ocrx_word' id='word_1_45' title='bbox 244 826 448 873; x_wconf 86' lang='lat' dir='ltr'><strong>ventur</strong></span> <span class='ocrx_word' id='word_1_46' title='bbox 481 817 549 874; x_wconf 89' lang='lat' dir='ltr'><strong>ad</strong></span> <span class='ocrx_word' id='word_1_47' title='bbox 580 816 873 889; x_wconf 83' lang='lat' dir='ltr'><strong>agendum.</strong></span> <span class='ocrx_word' id='word_1_48' title='bbox 903 814 1119 891; x_wconf 81' lang='lat' dir='ltr'>Ubique</span> <span class='ocrx_word' id='word_1_49' title='bbox 1145 824 1331 874; x_wconf 87' lang='lat' dir='ltr'><strong>autem</strong></span> <span class='ocrx_word' id='word_1_50' title='bbox 1373 816 1522 892; x_wconf 89' lang='lat' dir='ltr'><strong>quod</strong></span> <span class='ocrx_word' id='word_1_51' title='bbox 1546 826 1633 875; x_wconf 87' lang='lat' dir='ltr'><strong>est</strong></span> <span class='ocrx_word' id='word_1_52' title='bbox 1656 816 1909 883; x_wconf 85' lang='lat' dir='ltr'><strong>liberum,</strong></span> <span class='ocrx_word' id='word_1_53' title='bbox 1948 818 2272 892; x_wconf 76' lang='lat' dir='ltr'><strong>praeeminet</strong></span> 
     </span>
     <span class='ocr_line' id='line_1_7' title="bbox 246 904 2267 979; baseline 0.001 -18"><span class='ocrx_word' id='word_1_54' title='bbox 246 906 298 961; x_wconf 89' lang='lat' dir='ltr'><strong>ei</strong></span> <span class='ocrx_word' id='word_1_55' title='bbox 324 906 585 979; x_wconf 85' lang='lat' dir='ltr'><strong>quod-est</strong></span> <span class='ocrx_word' id='word_1_56' title='bbox 613 921 853 975; x_wconf 88' lang='lat' dir='ltr'><strong>servum,</strong></span> <span class='ocrx_word' id='word_1_57' title='bbox 894 912 950 963; x_wconf 86' lang='lat' dir='ltr'><strong>et</strong></span> <span class='ocrx_word' id='word_1_58' title='bbox 982 905 1127 961; x_wconf 87' lang='lat' dir='ltr'><strong>servi</strong></span> <span class='ocrx_word' id='word_1_59' title='bbox 1152 905 1222 963; x_wconf 89' lang='lat' dir='ltr'><strong>ad</strong></span> <span class='ocrx_word' id='word_1_60' title='bbox 1252 904 1550 965; x_wconf 87' lang='lat' dir='ltr'><strong>liberorum</strong></span> <span class='ocrx_word' id='word_1_61' title='bbox 1573 906 1900 965; x_wconf 84' lang='lat' dir='ltr'><strong>famulatum</strong></span> <span class='ocrx_word' id='word_1_62' title='bbox 1923 908 2267 977; x_wconf 75' lang='lat' dir='ltr'>ordinantur,</span> 
     </span>
     <span class='ocr_line' id='line_1_8' title="bbox 246 991 2272 1069; baseline 0.001 -18"><span class='ocrx_word' id='word_1_63' title='bbox 246 1002 305 1051; x_wconf 89' lang='lat' dir='ltr'><strong>et</strong></span> <span class='ocrx_word' id='word_1_64' title='bbox 332 1011 366 1051; x_wconf 93' lang='lat' dir='ltr'><strong>a</strong></span> <span class='ocrx_word' id='word_1_65' title='bbox 393 993 579 1051; x_wconf 89' lang='lat' dir='ltr'><strong>liberis</strong></span> <span class='ocrx_word' id='word_1_66' title='bbox 603 991 995 1067; x_wconf 79' lang='lat' dir='ltr'><strong>gubernantur.</strong></span> <span class='ocrx_word' id='word_1_67' title='bbox 1033 995 1245 1069; x_wconf 86' lang='lat' dir='ltr'><strong>Lapsus</strong></span> <span class='ocrx_word' id='word_1_68' title='bbox 1286 1011 1417 1067; x_wconf 87' lang='lat' dir='ltr'><strong>ergo</strong></span> <span class='ocrx_word' id='word_1_69' title='bbox 1453 995 1736 1053; x_wconf 88' lang='lat' dir='ltr'><strong>rationalis</strong></span> <span class='ocrx_word' id='word_1_70' title='bbox 1761 1002 2035 1065; x_wconf 78' lang='lat' dir='ltr'><strong>creaturae</strong></span> <span class='ocrx_word' id='word_1_71' title='bbox 2065 1010 2272 1053; x_wconf 83' lang='lat' dir='ltr'><strong>secuu-</strong></span> 
     </span>
     <span class='ocr_line' id='line_1_9' title="bbox 246 1081 2270 1159; baseline 0.001 -19"><span class='ocrx_word' id='word_1_72' title='bbox 246 1086 387 1140; x_wconf 87' lang='lat' dir='ltr'><strong>dum</strong></span> <span class='ocrx_word' id='word_1_73' title='bbox 408 1099 596 1141; x_wconf 88' lang='lat' dir='ltr'><strong>veram</strong></span> <span class='ocrx_word' id='word_1_74' title='bbox 638 1081 1063 1141; x_wconf 71' lang='lat' dir='ltr'><strong>aestimationem</strong></span> <span class='ocrx_word' id='word_1_75' title='bbox 1105 1084 1281 1157; x_wconf 89' lang='lat' dir='ltr'><strong>magis</strong></span> <span class='ocrx_word' id='word_1_76' title='bbox 1321 1083 1682 1143; x_wconf 69' lang='lat' dir='ltr'><strong>aestimandus</strong></span> <span class='ocrx_word' id='word_1_77' title='bbox 1715 1090 1824 1153; x_wconf 87' lang='lat' dir='ltr'><strong>est,</strong></span> <span class='ocrx_word' id='word_1_78' title='bbox 1869 1101 2038 1157; x_wconf 87' lang='lat' dir='ltr'><strong>quam</strong></span> <span class='ocrx_word' id='word_1_79' title='bbox 2077 1100 2270 1159; x_wconf 68' lang='lat' dir='ltr'><strong>cujus·-</strong></span> 
     </span>
     <span class='ocr_line' id='line_1_10' title="bbox 246 1171 2270 1248; baseline 0 -19"><span class='ocrx_word' id='word_1_80' title='bbox 246 1188 489 1246; x_wconf 87' lang='lat' dir='ltr'><strong>cumque.</strong></span> <span class='ocrx_word' id='word_1_81' title='bbox 509 1171 842 1229; x_wconf 85' lang='lat' dir='ltr'><strong>irrationalis</strong></span> <span class='ocrx_word' id='word_1_82' title='bbox 860 1178 1131 1230; x_wconf 82' lang='lat' dir='ltr'><strong>creaturae</strong></span> <span class='ocrx_word' id='word_1_83' title='bbox 1154 1172 1423 1231; x_wconf 77' lang='lat' dir='ltr'><strong>defectuS.</strong></span> <span class='ocrx_word' id='word_1_84' title='bbox 1455 1174 1572 1231; x_wconf 89' lang='lat' dir='ltr'><strong>Nec</strong></span> <span class='ocrx_word' id='word_1_85' title='bbox 1593 1179 1679 1231; x_wconf 85' lang='lat' dir='ltr'><strong>est</strong></span> <span class='ocrx_word' id='word_1_86' title='bbox 1705 1173 1934 1231; x_wconf 88' lang='lat' dir='ltr'><strong>dubium</strong></span> <span class='ocrx_word' id='word_1_87' title='bbox 1962 1172 2099 1248; x_wconf 89' lang='lat' dir='ltr'><strong>quin</strong></span> <span class='ocrx_word' id='word_1_88' title='bbox 2121 1174 2270 1247; x_wconf 87' lang='lat' dir='ltr'><strong>apud</strong></span> 
     </span>
     <span class='ocr_line' id='line_1_11' title="bbox 248 1258 2270 1337; baseline 0 -18"><span class='ocrx_word' id='word_1_89' title='bbox 248 1260 349 1319; x_wconf 88' lang='lat' dir='ltr'><strong>Dei</strong></span> <span class='ocrx_word' id='word_1_90' title='bbox 366 1260 638 1333; x_wconf 86' lang='lat' dir='ltr'><strong>judicium</strong></span> <span class='ocrx_word' id='word_1_91' title='bbox 661 1276 750 1317; x_wconf 89' lang='lat' dir='ltr'><strong>res</strong></span> <span class='ocrx_word' id='word_1_92' title='bbox 772 1261 1074 1318; x_wconf 87' lang='lat' dir='ltr'><strong>secundum</strong></span> <span class='ocrx_word' id='word_1_93' title='bbox 1106 1277 1296 1319; x_wconf 84' lang='lat' dir='ltr'><strong>veram</strong></span> <span class='ocrx_word' id='word_1_94' title='bbox 1332 1260 1758 1336; x_wconf 85' lang='lat' dir='ltr'><strong>aestimationem</strong></span> <span class='ocrx_word' id='word_1_95' title='bbox 1785 1258 2125 1337; x_wconf 86' lang='lat' dir='ltr'><strong>judicentur.</strong></span> <span class='ocrx_word' id='word_1_96' title='bbox 2152 1262 2270 1320; x_wconf 85' lang='lat' dir='ltr'><strong>Hoc</strong></span> 
     </span>
     <span class='ocr_line' id='line_1_12' title="bbox 247 1349 2271 1427; baseline 0.001 -21"><span class='ocrx_word' id='word_1_97' title='bbox 247 1366 381 1421; x_wconf 90' lang='lat' dir='ltr'><strong>ergo</strong></span> <span class='ocrx_word' id='word_1_98' title='bbox 408 1350 737 1407; x_wconf 86' lang='lat' dir='ltr'><strong>conveniens</strong></span> <span class='ocrx_word' id='word_1_99' title='bbox 774 1354 861 1407; x_wconf 84' lang='lat' dir='ltr'><strong>est</strong></span> <span class='ocrx_word' id='word_1_100' title='bbox 881 1349 1086 1409; x_wconf 78' lang='lat' dir='ltr'><strong>divinae</strong></span> <span class='ocrx_word' id='word_1_101' title='bbox 1112 1351 1419 1424; x_wconf 82' lang='lat' dir='ltr'><strong>sapientiae,</strong></span> <span class='ocrx_word' id='word_1_102' title='bbox 1450 1359 1512 1409; x_wconf 87' lang='lat' dir='ltr'><strong>ut</strong></span> <span class='ocrx_word' id='word_1_103' title='bbox 1546 1351 1825 1427; x_wconf 83' lang='lat' dir='ltr'><strong>praecipue</strong></span> <span class='ocrx_word' id='word_1_104' title='bbox 1850 1353 2066 1426; x_wconf 88' lang='lat' dir='ltr'><strong>lapsum</strong></span> <span class='ocrx_word' id='word_1_105' title='bbox 2092 1351 2271 1410; x_wconf 89' lang='lat' dir='ltr'><strong>ratio-</strong></span> 
     </span>
     <span class='ocr_line' id='line_1_13' title="bbox 246 1436 2273 1514; baseline 0.001 -19"><span class='ocrx_word' id='word_1_106' title='bbox 246 1436 392 1495; x_wconf 86' lang='lat' dir='ltr'><strong>nalis</strong></span> <span class='ocrx_word' id='word_1_107' title='bbox 423 1447 691 1497; x_wconf 84' lang='lat' dir='ltr'><strong>creaturae</strong></span> <span class='ocrx_word' id='word_1_108' title='bbox 723 1444 1025 1511; x_wconf 80' lang='lat' dir='ltr'><strong>repararet,</strong></span> <span class='ocrx_word' id='word_1_109' title='bbox 1055 1440 1234 1511; x_wconf 87' lang='lat' dir='ltr'><strong>magis</strong></span> <span class='ocrx_word' id='word_1_110' title='bbox 1260 1440 1432 1498; x_wconf 88' lang='lat' dir='ltr'><strong>etiam</strong></span> <span class='ocrx_word' id='word_1_111' title='bbox 1469 1455 1636 1514; x_wconf 87' lang='lat' dir='ltr'><strong>quam</strong></span> <span class='ocrx_word' id='word_1_112' title='bbox 1662 1442 1712 1499; x_wconf 84' lang='lat' dir='ltr'><strong>ai</strong></span> <span class='ocrx_word' id='word_1_113' title='bbox 1738 1440 1940 1499; x_wconf 87' lang='lat' dir='ltr'><strong>coelum</strong></span> <span class='ocrx_word' id='word_1_114' title='bbox 1963 1440 2273 1509; x_wconf 80' lang='lat' dir='ltr'><strong>collabere-</strong></span> 
     </span>
     <span class='ocr_line' id='line_1_14' title="bbox 247 1526 2276 1605; baseline -0.001 -18"><span class='ocrx_word' id='word_1_115' title='bbox 247 1537 362 1596; x_wconf 90' lang='lat' dir='ltr'><strong>tur,</strong></span> <span class='ocrx_word' id='word_1_116' title='bbox 413 1528 497 1585; x_wconf 88' lang='lat' dir='ltr'><strong>vel</strong></span> <span class='ocrx_word' id='word_1_117' title='bbox 537 1526 807 1603; x_wconf 86' lang='lat' dir='ltr'><strong>quidquid</strong></span> <span class='ocrx_word' id='word_1_118' title='bbox 849 1528 997 1585; x_wconf 89' lang='lat' dir='ltr'><strong>aliud</strong></span> <span class='ocrx_word' id='word_1_119' title='bbox 1028 1528 1083 1585; x_wconf 91' lang='lat' dir='ltr'><strong>in</strong></span> <span class='ocrx_word' id='word_1_120' title='bbox 1127 1528 1293 1587; x_wconf 88' lang='lat' dir='ltr'><strong>rebus</strong></span> <span class='ocrx_word' id='word_1_121' title='bbox 1335 1532 1616 1604; x_wconf 87' lang='lat' dir='ltr'><strong>corporeis</strong></span> <span class='ocrx_word' id='word_1_122' title='bbox 1644 1538 1830 1605; x_wconf 89' lang='lat' dir='ltr'><strong>posset</strong></span> <span class='ocrx_word' id='word_1_123' title='bbox 1874 1530 2146 1597; x_wconf 84' lang='lat' dir='ltr'><strong>accidere.</strong></span> <span class='ocrx_word' id='word_1_124' title='bbox 2175 1529 2276 1587; x_wconf 87' lang='lat' dir='ltr'><strong>Est</strong></span> 
     </span>
     <span class='ocr_line' id='line_1_15' title="bbox 246 1616 2274 1689; baseline -0 -14"><span class='ocrx_word' id='word_1_125' title='bbox 246 1624 437 1675; x_wconf 89' lang='lat' dir='ltr'><strong>autem</strong></span> <span class='ocrx_word' id='word_1_126' title='bbox 464 1616 662 1689; x_wconf 80' lang='lat' dir='ltr'><strong>duplex</strong></span> <span class='ocrx_word' id='word_1_127' title='bbox 703 1624 959 1674; x_wconf 86' lang='lat' dir='ltr'><strong>creatura</strong></span> <span class='ocrx_word' id='word_1_128' title='bbox 987 1616 1293 1689; x_wconf 87' lang='lat' dir='ltr'><strong>rationalis,</strong></span> <span class='ocrx_word' id='word_1_129' title='bbox 1332 1635 1433 1677; x_wconf 86' lang='lat' dir='ltr'><strong>seu</strong></span> <span class='ocrx_word' id='word_1_130' title='bbox 1474 1618 1880 1689; x_wconf 74' lang='lat' dir='ltr'><strong>intellectualiS,</strong></span> <span class='ocrx_word' id='word_1_131' title='bbox 1923 1634 2036 1677; x_wconf 83' lang='lat' dir='ltr'><strong>una</strong></span> <span class='ocrx_word' id='word_1_132' title='bbox 2079 1636 2116 1677; x_wconf 86' lang='lat' dir='ltr'><strong>a</strong></span> <span class='ocrx_word' id='word_1_133' title='bbox 2141 1633 2274 1675; x_wconf 86' lang='lat' dir='ltr'><strong>cor·-</strong></span> 
     </span>
     <span class='ocr_line' id='line_1_16' title="bbox 244 1706 2272 1784; baseline 0.001 -20"><span class='ocrx_word' id='word_1_134' title='bbox 244 1723 383 1781; x_wconf 89' lang='lat' dir='ltr'><strong>pore</strong></span> <span class='ocrx_word' id='word_1_135' title='bbox 405 1712 676 1777; x_wconf 88' lang='lat' dir='ltr'><strong>separata,</strong></span> <span class='ocrx_word' id='word_1_136' title='bbox 708 1722 875 1778; x_wconf 88' lang='lat' dir='ltr'><strong>quam</strong></span> <span class='ocrx_word' id='word_1_137' title='bbox 902 1706 1173 1779; x_wconf 83' lang='lat' dir='ltr'><strong>Angelum</strong></span> <span class='ocrx_word' id='word_1_138' title='bbox 1205 1706 1442 1783; x_wconf 83' lang='lat' dir='ltr'>dicimus</span> <span class='ocrx_word' id='word_1_139' title='bbox 1473 1724 1488 1763; x_wconf 73' lang='grc' dir='ltr'><strong><em>ι</em></strong></span> <span class='ocrx_word' id='word_1_140' title='bbox 1514 1708 1624 1767; x_wconf 89' lang='lat' dir='ltr'><strong>alia</strong></span> <span class='ocrx_word' id='word_1_141' title='bbox 1648 1708 1864 1779; x_wconf 83' lang='lat' dir='ltr'><strong>corpori</strong></span> <span class='ocrx_word' id='word_1_142' title='bbox 1895 1708 2112 1782; x_wconf 88' lang='lat' dir='ltr'><strong>juncta,</strong></span> <span class='ocrx_word' id='word_1_143' title='bbox 2145 1723 2272 1784; x_wconf 81' lang='lat' dir='ltr'><strong>quae</strong></span> 
     </span>
     <span class='ocr_line' id='line_1_17' title="bbox 244 1788 2272 1871; baseline 0 -18"><span class='ocrx_word' id='word_1_144' title='bbox 244 1804 336 1853; x_wconf 87' lang='lat' dir='ltr'><strong>est</strong></span> <span class='ocrx_word' id='word_1_145' title='bbox 363 1794 545 1852; x_wconf 88' lang='lat' dir='ltr'><strong>anima</strong></span> <span class='ocrx_word' id='word_1_146' title='bbox 566 1788 821 1851; x_wconf 80' lang='lat' dir='ltr'><strong>hominis.</strong></span> <span class='ocrx_word' id='word_1_147' title='bbox 850 1795 912 1851; x_wconf 87' lang='lat' dir='ltr'><strong>In</strong></span> <span class='ocrx_word' id='word_1_148' title='bbox 934 1802 1171 1869; x_wconf 88' lang='lat' dir='ltr'><strong>utraque</strong></span> <span class='ocrx_word' id='word_1_149' title='bbox 1201 1793 1389 1853; x_wconf 83' lang='lat' dir='ltr'><strong>autem</strong></span> <span class='ocrx_word' id='word_1_150' title='bbox 1416 1796 1604 1871; x_wconf 87' lang='lat' dir='ltr'><strong>lapsus</strong></span> <span class='ocrx_word' id='word_1_151' title='bbox 1627 1796 2084 1871; x_wconf 84' lang='lat' dir='ltr'><strong>accidere-potuit</strong></span> <span class='ocrx_word' id='word_1_152' title='bbox 2116 1814 2272 1870; x_wconf 90' lang='lat' dir='ltr'><strong>prop-</strong></span> 
     </span>
     <span class='ocr_line' id='line_1_18' title="bbox 243 1880 2273 1955; baseline -0.001 -14"><span class='ocrx_word' id='word_1_153' title='bbox 243 1890 335 1941; x_wconf 82' lang='lat' dir='ltr'><strong>ter</strong></span> <span class='ocrx_word' id='word_1_154' title='bbox 374 1880 590 1939; x_wconf 87' lang='lat' dir='ltr'><strong>arbitrii</strong></span> <span class='ocrx_word' id='word_1_155' title='bbox 631 1880 959 1939; x_wconf 86' lang='lat' dir='ltr'><strong>libertatem.</strong></span> <span class='ocrx_word' id='word_1_156' title='bbox 1010 1882 1149 1939; x_wconf 90' lang='lat' dir='ltr'><strong>Dico</strong></span> <span class='ocrx_word' id='word_1_157' title='bbox 1175 1891 1363 1941; x_wconf 87' lang='lat' dir='ltr'><strong>autem</strong></span> <span class='ocrx_word' id='word_1_158' title='bbox 1416 1892 1692 1943; x_wconf 73' lang='lat' dir='ltr'><strong>creaturae</strong></span> <span class='ocrx_word' id='word_1_159' title='bbox 1733 1882 2020 1941; x_wconf 85' lang='lat' dir='ltr'><strong>rationalis</strong></span> <span class='ocrx_word' id='word_1_160' title='bbox 2054 1882 2273 1955; x_wconf 87' lang='lat' dir='ltr'><strong>lapsum</strong></span> 
     </span>
     <span class='ocr_line' id='line_1_19' title="bbox 244 1968 2274 2046; baseline -0.001 -18"><span class='ocrx_word' id='word_1_161' title='bbox 244 1988 359 2028; x_wconf 86' lang='lat' dir='ltr'><strong>non</strong></span> <span class='ocrx_word' id='word_1_162' title='bbox 388 1974 453 2033; x_wconf 78' lang='lat' dir='ltr'><strong>ut</strong></span> <span class='ocrx_word' id='word_1_163' title='bbox 489 1968 561 2025; x_wconf 90' lang='lat' dir='ltr'><strong>ab</strong></span> <span class='ocrx_word' id='word_1_164' title='bbox 586 1983 709 2025; x_wconf 87' lang='lat' dir='ltr'><strong>esse</strong></span> <span class='ocrx_word' id='word_1_165' title='bbox 736 1968 973 2038; x_wconf 85' lang='lat' dir='ltr'><strong>deficiat,</strong></span> <span class='ocrx_word' id='word_1_166' title='bbox 1004 1970 1103 2027; x_wconf 86' lang='lat' dir='ltr'><strong>sed</strong></span> <span class='ocrx_word' id='word_1_167' title='bbox 1130 1970 1436 2029; x_wconf 88' lang='lat' dir='ltr'><strong>secundum</strong></span> <span class='ocrx_word' id='word_1_168' title='bbox 1471 1969 1620 2046; x_wconf 90' lang='lat' dir='ltr'><strong>quod</strong></span> <span class='ocrx_word' id='word_1_169' title='bbox 1647 1970 1836 2029; x_wconf 85' lang='lat' dir='ltr'><strong>deficit</strong></span> <span class='ocrx_word' id='word_1_170' title='bbox 1862 1987 1899 2028; x_wconf 87' lang='lat' dir='ltr'><strong>a</strong></span> <span class='ocrx_word' id='word_1_171' title='bbox 1937 1968 2274 2027; x_wconf 76' lang='lat' dir='ltr'><strong>rectitudine</strong></span> 
     </span>
     <span class='ocr_line' id='line_1_20' title="bbox 244 2058 2272 2134; baseline -0.001 -15"><span class='ocrx_word' id='word_1_172' title='bbox 244 2058 575 2119; x_wconf 57' lang='lat' dir='ltr'><strong>voluntati&amp;</strong></span> <span class='ocrx_word' id='word_1_173' title='bbox 616 2058 827 2132; x_wconf 88' lang='lat' dir='ltr'><strong>Lapsus</strong></span> <span class='ocrx_word' id='word_1_174' title='bbox 848 2059 994 2117; x_wconf 88' lang='lat' dir='ltr'><strong>enim</strong></span> <span class='ocrx_word' id='word_1_175' title='bbox 1022 2075 1119 2116; x_wconf 92' lang='lat' dir='ltr'><strong>seu</strong></span> <span class='ocrx_word' id='word_1_176' title='bbox 1144 2058 1392 2117; x_wconf 78' lang='lat' dir='ltr'><strong>derectus</strong></span> <span class='ocrx_word' id='word_1_177' title='bbox 1429 2060 1706 2134; x_wconf 77' lang='lat' dir='ltr'><strong>praecipue</strong></span> <span class='ocrx_word' id='word_1_178' title='bbox 1734 2059 2040 2117; x_wconf 85' lang='lat' dir='ltr'><strong>attenditur</strong></span> <span class='ocrx_word' id='word_1_179' title='bbox 2067 2073 2272 2116; x_wconf 83' lang='lat' dir='ltr'><strong>secun-</strong></span> 
     </span>
     <span class='ocr_line' id='line_1_21' title="bbox 244 2146 2272 2229; baseline 0 -24"><span class='ocrx_word' id='word_1_180' title='bbox 244 2150 385 2205; x_wconf 88' lang='lat' dir='ltr'><strong>dum</strong></span> <span class='ocrx_word' id='word_1_181' title='bbox 423 2148 477 2205; x_wconf 90' lang='lat' dir='ltr'><strong>id</strong></span> <span class='ocrx_word' id='word_1_182' title='bbox 518 2162 629 2226; x_wconf 88' lang='lat' dir='ltr'><strong>quo</strong></span> <span class='ocrx_word' id='word_1_183' title='bbox 656 2156 936 2229; x_wconf 79' lang='lat' dir='ltr'><strong>operatur,</strong></span> <span class='ocrx_word' id='word_1_184' title='bbox 974 2148 1119 2207; x_wconf 88' lang='lat' dir='ltr'><strong>sicut</strong></span> <span class='ocrx_word' id='word_1_185' title='bbox 1147 2149 1418 2207; x_wconf 82' lang='lat' dir='ltr'><strong>artificem</strong></span> <span class='ocrx_word' id='word_1_186' title='bbox 1459 2165 1646 2206; x_wconf 89' lang='lat' dir='ltr'><strong>errare</strong></span> <span class='ocrx_word' id='word_1_187' title='bbox 1689 2148 1941 2219; x_wconf 89' lang='lat' dir='ltr'><strong>dicimus,</strong></span> <span class='ocrx_word' id='word_1_188' title='bbox 1974 2146 2108 2205; x_wconf 88' lang='lat' dir='ltr'><strong>siin</strong></span> <span class='ocrx_word' id='word_1_189' title='bbox 2147 2154 2272 2205; x_wconf 83' lang='lat' dir='ltr'><strong>arta</strong></span> 
     </span>
     <span class='ocr_line' id='line_1_22' title="bbox 244 2231 2274 2315; baseline -0.001 -21"><span class='ocrx_word' id='word_1_190' title='bbox 244 2236 475 2294; x_wconf 87' lang='lat' dir='ltr'><strong>deficiat</strong></span> <span class='ocrx_word' id='word_1_191' title='bbox 502 2252 611 2311; x_wconf 85' lang='lat' dir='ltr'><strong>qua</strong></span> <span class='ocrx_word' id='word_1_192' title='bbox 650 2231 816 2295; x_wconf 87' lang='lat' dir='ltr'><strong>debet</strong></span> <span class='ocrx_word' id='word_1_193' title='bbox 850 2238 1065 2313; x_wconf 88' lang='lat' dir='ltr'><strong>operari</strong></span> <span class='ocrx_word' id='word_1_194' title='bbox 1105 2253 1121 2294; x_wconf 69' lang='grc' dir='ltr'><strong>ε</strong></span> <span class='ocrx_word' id='word_1_195' title='bbox 1152 2243 1209 2295; x_wconf 85' lang='lat' dir='ltr'><strong>et</strong></span> <span class='ocrx_word' id='word_1_196' title='bbox 1248 2255 1367 2295; x_wconf 87' lang='lat' dir='ltr'><strong>rem</strong></span> <span class='ocrx_word' id='word_1_197' title='bbox 1392 2237 1702 2297; x_wconf 80' lang='lat' dir='ltr'><strong>naturalem</strong></span> <span class='ocrx_word' id='word_1_198' title='bbox 1735 2237 2090 2315; x_wconf 26' lang='lat' dir='ltr'><strong>‚deficientem</strong></span> <span class='ocrx_word' id='word_1_199' title='bbox 2125 2235 2274 2295; x_wconf 89' lang='lat' dir='ltr'><strong>dici-</strong></span> 
     </span>
     <span class='ocr_line' id='line_1_23' title="bbox 244 2325 2270 2402; baseline -0 -19"><span class='ocrx_word' id='word_1_200' title='bbox 244 2342 375 2383; x_wconf 85' lang='lat' dir='ltr'><strong>mus</strong></span> <span class='ocrx_word' id='word_1_201' title='bbox 402 2332 457 2382; x_wconf 85' lang='lat' dir='ltr'><strong>et</strong></span> <span class='ocrx_word' id='word_1_202' title='bbox 484 2325 797 2400; x_wconf 86' lang='lat' dir='ltr'><strong>collapsam,</strong></span> <span class='ocrx_word' id='word_1_203' title='bbox 828 2326 877 2382; x_wconf 87' lang='lat' dir='ltr'><strong>si</strong></span> <span class='ocrx_word' id='word_1_204' title='bbox 911 2331 1298 2402; x_wconf 81' lang='lat' dir='ltr'><strong>corrumpatur</strong></span> <span class='ocrx_word' id='word_1_205' title='bbox 1326 2326 1504 2385; x_wconf 83' lang='lat' dir='ltr'><strong>virtus</strong></span> <span class='ocrx_word' id='word_1_206' title='bbox 1532 2328 1652 2401; x_wconf 83' lang='lat' dir='ltr'><strong>ejus</strong></span> <span class='ocrx_word' id='word_1_207' title='bbox 1679 2326 1948 2385; x_wconf 88' lang='lat' dir='ltr'><strong>naturalis</strong></span> <span class='ocrx_word' id='word_1_208' title='bbox 1975 2342 2072 2401; x_wconf 90' lang='lat' dir='ltr'><strong>per</strong></span> <span class='ocrx_word' id='word_1_209' title='bbox 2097 2341 2270 2401; x_wconf 87' lang='lat' dir='ltr'><strong>quam</strong></span> 
     </span>
     <span class='ocr_line' id='line_1_24' title="bbox 246 2413 2272 2488; baseline 0 -17"><span class='ocrx_word' id='word_1_210' title='bbox 246 2414 387 2487; x_wconf 86' lang='lat' dir='ltr'><strong>agit,</strong></span> <span class='ocrx_word' id='word_1_211' title='bbox 426 2420 573 2485; x_wconf 89' lang='lat' dir='ltr'><strong>puta,</strong></span> <span class='ocrx_word' id='word_1_212' title='bbox 605 2416 649 2470; x_wconf 90' lang='lat' dir='ltr'><strong>si</strong></span> <span class='ocrx_word' id='word_1_213' title='bbox 682 2415 739 2470; x_wconf 87' lang='lat' dir='ltr'><strong>in</strong></span> <span class='ocrx_word' id='word_1_214' title='bbox 779 2413 967 2488; x_wconf 87' lang='lat' dir='ltr'><strong>planta</strong></span> <span class='ocrx_word' id='word_1_215' title='bbox 1002 2414 1089 2472; x_wconf 84' lang='lat' dir='ltr'><strong>vis</strong></span> <span class='ocrx_word' id='word_1_216' title='bbox 1128 2414 1474 2487; x_wconf 86' lang='lat' dir='ltr'><strong>germinandi</strong></span> <span class='ocrx_word' id='word_1_217' title='bbox 1503 2415 1744 2485; x_wconf 80' lang='lat' dir='ltr'><strong>deficiat,</strong></span> <span class='ocrx_word' id='word_1_218' title='bbox 1787 2422 1884 2473; x_wconf 89' lang='lat' dir='ltr'><strong>aut</strong></span> <span class='ocrx_word' id='word_1_219' title='bbox 1910 2414 1966 2472; x_wconf 89' lang='lat' dir='ltr'><strong>in</strong></span> <span class='ocrx_word' id='word_1_220' title='bbox 1996 2422 2144 2473; x_wconf 85' lang='lat' dir='ltr'><strong>terra</strong></span> <span class='ocrx_word' id='word_1_221' title='bbox 2183 2414 2272 2473; x_wconf 86' lang='lat' dir='ltr'><strong>vis</strong></span> 
     </span>
     <span class='ocr_line' id='line_1_25' title="bbox 246 2498 2274 2581; baseline 0 -22"><span class='ocrx_word' id='word_1_222' title='bbox 246 2502 637 2559; x_wconf 79' lang='lat' dir='ltr'><strong>fructificandi.</strong></span> <span class='ocrx_word' id='word_1_223' title='bbox 667 2498 946 2562; x_wconf 73' lang='lat' dir='ltr'><strong>mantem</strong></span> <span class='ocrx_word' id='word_1_224' title='bbox 974 2520 1071 2577; x_wconf 90' lang='lat' dir='ltr'><strong>per</strong></span> <span class='ocrx_word' id='word_1_225' title='bbox 1114 2504 1260 2573; x_wconf 86' lang='lat' dir='ltr'><strong>quod</strong></span> <span class='ocrx_word' id='word_1_226' title='bbox 1288 2514 1550 2581; x_wconf 85' lang='lat' dir='ltr'><strong>operatur</strong></span> <span class='ocrx_word' id='word_1_227' title='bbox 1591 2504 1876 2563; x_wconf 85' lang='lat' dir='ltr'><strong>rationalis</strong></span> <span class='ocrx_word' id='word_1_228' title='bbox 1900 2511 2158 2563; x_wconf 86' lang='lat' dir='ltr'><strong>creatura</strong></span> <span class='ocrx_word' id='word_1_229' title='bbox 2185 2506 2274 2561; x_wconf 87' lang='lat' dir='ltr'><strong>est</strong></span> 
     </span>
     <span class='ocr_line' id='line_1_26' title="bbox 244 2590 2274 2667; baseline 0 -18"><span class='ocrx_word' id='word_1_230' title='bbox 244 2590 524 2649; x_wconf 83' lang='lat' dir='ltr'><strong>voluntas.</strong></span> <span class='ocrx_word' id='word_1_231' title='bbox 558 2594 615 2646; x_wconf 90' lang='lat' dir='ltr'><strong>in</strong></span> <span class='ocrx_word' id='word_1_232' title='bbox 648 2606 757 2663; x_wconf 87' lang='lat' dir='ltr'><strong>qua</strong></span> <span class='ocrx_word' id='word_1_233' title='bbox 784 2591 1038 2648; x_wconf 89' lang='lat' dir='ltr'><strong>consistit</strong></span> <span class='ocrx_word' id='word_1_234' title='bbox 1074 2590 1301 2649; x_wconf 89' lang='lat' dir='ltr'><strong>libertas</strong></span> <span class='ocrx_word' id='word_1_235' title='bbox 1323 2592 1560 2651; x_wconf 87' lang='lat' dir='ltr'><strong>arbitrii.</strong></span> <span class='ocrx_word' id='word_1_236' title='bbox 1589 2594 1800 2667; x_wconf 82' lang='lat' dir='ltr'><strong>Lapsus</strong></span> <span class='ocrx_word' id='word_1_237' title='bbox 1827 2607 1958 2665; x_wconf 88' lang='lat' dir='ltr'><strong>ergo</strong></span> <span class='ocrx_word' id='word_1_238' title='bbox 1985 2591 2274 2649; x_wconf 87' lang='lat' dir='ltr'><strong>rationalis</strong></span> 
     </span>
     <span class='ocr_line' id='line_1_27' title="bbox 243 2677 2272 2752; baseline -0.001 -17"><span class='ocrx_word' id='word_1_239' title='bbox 243 2684 523 2735; x_wconf 86' lang='lat' dir='ltr'><strong>creaturae</strong></span> <span class='ocrx_word' id='word_1_240' title='bbox 552 2686 635 2735; x_wconf 84' lang='lat' dir='ltr'><strong>est</strong></span> <span class='ocrx_word' id='word_1_241' title='bbox 659 2679 957 2736; x_wconf 88' lang='lat' dir='ltr'><strong>secundum</strong></span> <span class='ocrx_word' id='word_1_242' title='bbox 975 2679 1120 2752; x_wconf 81' lang='lat' dir='ltr'><strong>quod</strong></span> <span class='ocrx_word' id='word_1_243' title='bbox 1145 2680 1333 2737; x_wconf 84' lang='lat' dir='ltr'><strong>deficit</strong></span> <span class='ocrx_word' id='word_1_244' title='bbox 1360 2696 1395 2737; x_wconf 89' lang='lat' dir='ltr'><strong>a</strong></span> <span class='ocrx_word' id='word_1_245' title='bbox 1418 2680 1750 2737; x_wconf 87' lang='lat' dir='ltr'><strong>rectitudine</strong></span> <span class='ocrx_word' id='word_1_246' title='bbox 1771 2680 2094 2750; x_wconf 85' lang='lat' dir='ltr'><strong>voluntatis,</strong></span> <span class='ocrx_word' id='word_1_247' title='bbox 2121 2677 2272 2751; x_wconf 87' lang='lat' dir='ltr'><strong>quod</strong></span> 
     </span>
     <span class='ocr_line' id='line_1_28' title="bbox 243 2766 2272 2843; baseline -0.001 -19"><span class='ocrx_word' id='word_1_248' title='bbox 243 2768 323 2824; x_wconf 88' lang='lat' dir='ltr'><strong>sit</strong></span> <span class='ocrx_word' id='word_1_249' title='bbox 347 2784 449 2841; x_wconf 88' lang='lat' dir='ltr'><strong>per</strong></span> <span class='ocrx_word' id='word_1_250' title='bbox 474 2773 779 2840; x_wconf 83' lang='lat' dir='ltr'><strong>peccatum.</strong></span> <span class='ocrx_word' id='word_1_251' title='bbox 804 2767 1091 2826; x_wconf 69' lang='lat' dir='ltr'><strong>Deiectum</strong></span> <span class='ocrx_word' id='word_1_252' title='bbox 1114 2784 1243 2841; x_wconf 87' lang='lat' dir='ltr'><strong>ergo</strong></span> <span class='ocrx_word' id='word_1_253' title='bbox 1270 2769 1506 2843; x_wconf 88' lang='lat' dir='ltr'><strong>peccati,</strong></span> <span class='ocrx_word' id='word_1_254' title='bbox 1535 2769 1630 2842; x_wconf 86' lang='lat' dir='ltr'><strong>qui</strong></span> <span class='ocrx_word' id='word_1_255' title='bbox 1659 2766 1792 2825; x_wconf 85' lang='lat' dir='ltr'><strong>nihil</strong></span> <span class='ocrx_word' id='word_1_256' title='bbox 1816 2772 1902 2825; x_wconf 87' lang='lat' dir='ltr'><strong>est</strong></span> <span class='ocrx_word' id='word_1_257' title='bbox 1924 2766 2072 2823; x_wconf 89' lang='lat' dir='ltr'><strong>aliud</strong></span> <span class='ocrx_word' id='word_1_258' title='bbox 2104 2781 2272 2840; x_wconf 86' lang='lat' dir='ltr'><strong>quam</strong></span> 
     </span>
     <span class='ocr_line' id='line_1_29' title="bbox 244 2853 2274 2931; baseline -0.002 -18"><span class='ocrx_word' id='word_1_259' title='bbox 244 2856 591 2931; x_wconf 87' lang='lat' dir='ltr'><strong>perversitas</strong></span> <span class='ocrx_word' id='word_1_260' title='bbox 627 2856 940 2925; x_wconf 78' lang='lat' dir='ltr'><strong>voluntatiS,</strong></span> <span class='ocrx_word' id='word_1_261' title='bbox 972 2858 1249 2931; x_wconf 82' lang='lat' dir='ltr'><strong>praecipue</strong></span> <span class='ocrx_word' id='word_1_262' title='bbox 1290 2858 1405 2913; x_wconf 91' lang='lat' dir='ltr'><strong>Deo</strong></span> <span class='ocrx_word' id='word_1_263' title='bbox 1442 2856 1699 2915; x_wconf 87' lang='lat' dir='ltr'><strong>convenit</strong></span> <span class='ocrx_word' id='word_1_264' title='bbox 1739 2870 2041 2923; x_wconf 88' lang='lat' dir='ltr'><strong>removere,</strong></span> <span class='ocrx_word' id='word_1_265' title='bbox 2073 2862 2130 2911; x_wconf 88' lang='lat' dir='ltr'><strong>et</strong></span> <span class='ocrx_word' id='word_1_266' title='bbox 2166 2853 2274 2909; x_wconf 83' lang='lat' dir='ltr'><strong>hoc</strong></span> 
     </span>
     <span class='ocr_line' id='line_1_30' title="bbox 244 2942 2268 3020; baseline -0.002 -19"><span class='ocrx_word' id='word_1_267' title='bbox 244 2962 347 3019; x_wconf 81' lang='lat' dir='ltr'><strong>per</strong></span> <span class='ocrx_word' id='word_1_268' title='bbox 370 2943 614 3002; x_wconf 81' lang='lat' dir='ltr'><strong>Verbum</strong></span> <span class='ocrx_word' id='word_1_269' title='bbox 632 2962 809 3015; x_wconf 90' lang='lat' dir='ltr'><strong>suum,</strong></span> <span class='ocrx_word' id='word_1_270' title='bbox 830 2963 941 3020; x_wconf 89' lang='lat' dir='ltr'><strong>quo</strong></span> <span class='ocrx_word' id='word_1_271' title='bbox 962 2948 1273 3003; x_wconf 89' lang='lat' dir='ltr'><strong>universam</strong></span> <span class='ocrx_word' id='word_1_272' title='bbox 1300 2945 1548 3002; x_wconf 87' lang='lat' dir='ltr'><strong>condidit</strong></span> <span class='ocrx_word' id='word_1_273' title='bbox 1570 2952 1914 3007; x_wconf 63' lang='lat' dir='ltr'><strong>creaturam,</strong></span> <span class='ocrx_word' id='word_1_274' title='bbox 1933 2942 2268 3015; x_wconf 82' lang='lat' dir='ltr'><strong>Angelorum</strong></span> 
     </span>
     <span class='ocr_line' id='line_1_31' title="bbox 244 3029 2272 3111; baseline -0.003 -20"><span class='ocrx_word' id='word_1_275' title='bbox 244 3040 440 3091; x_wconf 88' lang='lat' dir='ltr'><strong>autem</strong></span> <span class='ocrx_word' id='word_1_276' title='bbox 484 3040 773 3106; x_wconf 89' lang='lat' dir='ltr'><strong>peccatum</strong></span> <span class='ocrx_word' id='word_1_277' title='bbox 809 3035 1115 3093; x_wconf 88' lang='lat' dir='ltr'><strong>remedium</strong></span> <span class='ocrx_word' id='word_1_278' title='bbox 1158 3034 1361 3093; x_wconf 87' lang='lat' dir='ltr'><strong>habere</strong></span> <span class='ocrx_word' id='word_1_279' title='bbox 1406 3050 1512 3091; x_wconf 88' lang='lat' dir='ltr'><strong>non</strong></span> <span class='ocrx_word' id='word_1_280' title='bbox 1548 3032 1746 3107; x_wconf 86' lang='lat' dir='ltr'><strong>potuit,</strong></span> <span class='ocrx_word' id='word_1_281' title='bbox 1795 3032 1926 3107; x_wconf 88' lang='lat' dir='ltr'><strong>quia</strong></span> <span class='ocrx_word' id='word_1_282' title='bbox 1967 3029 2272 3111; x_wconf 83' lang='lat' dir='ltr'><strong>secundum</strong></span> 
     </span>
     <span class='ocr_line' id='line_1_32' title="bbox 244 3118 2272 3198; baseline -0.002 -20"><span class='ocrx_word' id='word_1_283' title='bbox 244 3122 757 3181; x_wconf 82' lang='lat' dir='ltr'><strong>immutabilitatem</strong></span> <span class='ocrx_word' id='word_1_284' title='bbox 780 3140 903 3183; x_wconf 84' lang='lat' dir='ltr'><strong>suae.</strong></span> <span class='ocrx_word' id='word_1_285' title='bbox 932 3131 1145 3183; x_wconf 84' lang='lat' dir='ltr'><strong>naturae</strong></span> <span class='ocrx_word' id='word_1_286' title='bbox 1186 3123 1597 3198; x_wconf 89' lang='lat' dir='ltr'><strong>impoenitibiles</strong></span> <span class='ocrx_word' id='word_1_287' title='bbox 1637 3128 1766 3179; x_wconf 88' lang='lat' dir='ltr'><strong>sunt</strong></span> <span class='ocrx_word' id='word_1_288' title='bbox 1793 3119 1864 3178; x_wconf 90' lang='lat' dir='ltr'><strong>ab</strong></span> <span class='ocrx_word' id='word_1_289' title='bbox 1903 3136 1989 3190; x_wconf 85' lang='lat' dir='ltr'><strong>eo,</strong></span> <span class='ocrx_word' id='word_1_290' title='bbox 2033 3121 2092 3177; x_wconf 90' lang='lat' dir='ltr'><strong>in</strong></span> <span class='ocrx_word' id='word_1_291' title='bbox 2119 3118 2272 3195; x_wconf 88' lang='lat' dir='ltr'><strong>quod</strong></span> 
     </span>
     <span class='ocr_line' id='line_1_33' title="bbox 243 3208 2268 3271; baseline -0.001 -5"><span class='ocrx_word' id='word_1_292' title='bbox 243 3209 423 3267; x_wconf 86' lang='lat' dir='ltr'><strong>semel</strong></span> <span class='ocrx_word' id='word_1_293' title='bbox 455 3217 870 3267; x_wconf 84' lang='lat' dir='ltr'><strong>convertuntur.</strong></span> <span class='ocrx_word' id='word_1_294' title='bbox 902 3211 1159 3268; x_wconf 85' lang='lat' dir='ltr'><strong>Homines</strong></span> <span class='ocrx_word' id='word_1_295' title='bbox 1198 3219 1381 3271; x_wconf 88' lang='lat' dir='ltr'><strong>autem</strong></span> <span class='ocrx_word' id='word_1_296' title='bbox 1418 3210 1720 3269; x_wconf 88' lang='lat' dir='ltr'><strong>secundum</strong></span> <span class='ocrx_word' id='word_1_297' title='bbox 1753 3208 2124 3266; x_wconf 90' lang='lat' dir='ltr'><strong>conditionem</strong></span> <span class='ocrx_word' id='word_1_298' title='bbox 2151 3221 2268 3266; x_wconf 81' lang='lat' dir='ltr'><strong>suae</strong></span> 
     </span>
     <span class='ocr_line' id='line_1_34' title="bbox 244 3297 2272 3377; baseline -0.001 -24"><span class='ocrx_word' id='word_1_299' title='bbox 244 3304 469 3355; x_wconf 78' lang='lat' dir='ltr'><strong>naturae</strong></span> <span class='ocrx_word' id='word_1_300' title='bbox 494 3297 697 3355; x_wconf 86' lang='lat' dir='ltr'><strong>habent</strong></span> <span class='ocrx_word' id='word_1_301' title='bbox 716 3298 1041 3357; x_wconf 87' lang='lat' dir='ltr'><strong>mutabilem</strong></span> <span class='ocrx_word' id='word_1_302' title='bbox 1066 3300 1423 3369; x_wconf 86' lang='lat' dir='ltr'><strong>voluntatem,</strong></span> <span class='ocrx_word' id='word_1_303' title='bbox 1457 3307 1520 3357; x_wconf 87' lang='lat' dir='ltr'><strong>ut.</strong></span> <span class='ocrx_word' id='word_1_304' title='bbox 1551 3316 1658 3357; x_wconf 90' lang='lat' dir='ltr'><strong>non</strong></span> <span class='ocrx_word' id='word_1_305' title='bbox 1691 3299 1867 3356; x_wconf 88' lang='lat' dir='ltr'><strong>solum</strong></span> <span class='ocrx_word' id='word_1_306' title='bbox 1895 3297 2112 3377; x_wconf 87' lang='lat' dir='ltr'><strong>diversa</strong></span> <span class='ocrx_word' id='word_1_307' title='bbox 2138 3311 2272 3370; x_wconf 85' lang='lat' dir='ltr'><strong>pos—</strong></span> 
     </span>
     <span class='ocr_line' id='line_1_35' title="bbox 242 3385 2272 3463; baseline -0.001 -20"><span class='ocrx_word' id='word_1_308' title='bbox 242 3388 363 3443; x_wconf 87' lang='lat' dir='ltr'><strong>sint</strong></span> <span class='ocrx_word' id='word_1_309' title='bbox 385 3386 589 3460; x_wconf 84' lang='lat' dir='ltr'><strong>eligere</strong></span> <span class='ocrx_word' id='word_1_310' title='bbox 616 3387 705 3445; x_wconf 85' lang='lat' dir='ltr'><strong>vel</strong></span> <span class='ocrx_word' id='word_1_311' title='bbox 733 3389 897 3457; x_wconf 90' lang='lat' dir='ltr'><strong>bona,</strong></span> <span class='ocrx_word' id='word_1_312' title='bbox 923 3388 1009 3447; x_wconf 88' lang='lat' dir='ltr'><strong>vel</strong></span> <span class='ocrx_word' id='word_1_313' title='bbox 1048 3389 1209 3457; x_wconf 87' lang='lat' dir='ltr'><strong>mala,</strong></span> <span class='ocrx_word' id='word_1_314' title='bbox 1241 3390 1341 3448; x_wconf 87' lang='lat' dir='ltr'><strong>sed</strong></span> <span class='ocrx_word' id='word_1_315' title='bbox 1369 3392 1536 3447; x_wconf 85' lang='lat' dir='ltr'><strong>etiam</strong></span> <span class='ocrx_word' id='word_1_316' title='bbox 1563 3396 1854 3463; x_wconf 86' lang='lat' dir='ltr'><strong>postquam</strong></span> <span class='ocrx_word' id='word_1_317' title='bbox 1882 3402 2054 3445; x_wconf 89' lang='lat' dir='ltr'><strong>unum</strong></span> <span class='ocrx_word' id='word_1_318' title='bbox 2085 3385 2272 3457; x_wconf 85' lang='lat' dir='ltr'><strong>elege-</strong></span> 
     </span>
     <span class='ocr_line' id='line_1_36' title="bbox 241 3473 2272 3553; baseline -0.001 -20"><span class='ocrx_word' id='word_1_319' title='bbox 241 3482 399 3543; x_wconf 84' lang='lat' dir='ltr'><strong>runt,</strong></span> <span class='ocrx_word' id='word_1_320' title='bbox 442 3485 670 3549; x_wconf 85' lang='lat' dir='ltr'><strong>possunt</strong></span> <span class='ocrx_word' id='word_1_321' title='bbox 704 3476 777 3545; x_wconf 84' lang='lat' dir='ltr'><strong>ab</strong></span> <span class='ocrx_word' id='word_1_322' title='bbox 817 3478 911 3535; x_wconf 92' lang='lat' dir='ltr'><strong>illo</strong></span> <span class='ocrx_word' id='word_1_323' title='bbox 959 3479 1300 3553; x_wconf 88' lang='lat' dir='ltr'><strong>resipiscere,</strong></span> <span class='ocrx_word' id='word_1_324' title='bbox 1349 3485 1407 3536; x_wconf 86' lang='lat' dir='ltr'><strong>et</strong></span> <span class='ocrx_word' id='word_1_325' title='bbox 1447 3479 1518 3537; x_wconf 90' lang='lat' dir='ltr'><strong>ad</strong></span> <span class='ocrx_word' id='word_1_326' title='bbox 1547 3477 1696 3537; x_wconf 87' lang='lat' dir='ltr'><strong>aliud</strong></span> <span class='ocrx_word' id='word_1_327' title='bbox 1737 3476 2006 3544; x_wconf 86' lang='lat' dir='ltr'><strong>converti,</strong></span> <span class='ocrx_word' id='word_1_328' title='bbox 2053 3481 2110 3532; x_wconf 89' lang='lat' dir='ltr'><strong>et</strong></span> <span class='ocrx_word' id='word_1_329' title='bbox 2141 3473 2272 3533; x_wconf 83' lang='lat' dir='ltr'><strong>haec</strong></span> 
     </span>
     <span class='ocr_line' id='line_1_37' title="bbox 240 3562 2268 3643; baseline -0.001 -21"><span class='ocrx_word' id='word_1_330' title='bbox 240 3562 567 3622; x_wconf 83' lang='lat' dir='ltr'><strong>volubilitas</strong></span> <span class='ocrx_word' id='word_1_331' title='bbox 590 3565 893 3625; x_wconf 86' lang='lat' dir='ltr'><strong>voluntatis</strong></span> <span class='ocrx_word' id='word_1_332' title='bbox 931 3566 989 3625; x_wconf 89' lang='lat' dir='ltr'><strong>in</strong></span> <span class='ocrx_word' id='word_1_333' title='bbox 1026 3567 1247 3626; x_wconf 88' lang='lat' dir='ltr'><strong>homine</strong></span> <span class='ocrx_word' id='word_1_334' title='bbox 1276 3574 1484 3639; x_wconf 88' lang='lat' dir='ltr'><strong>manet,</strong></span> <span class='ocrx_word' id='word_1_335' title='bbox 1521 3568 1783 3643; x_wconf 88' lang='lat' dir='ltr'><strong>quamdiu</strong></span> <span class='ocrx_word' id='word_1_336' title='bbox 1825 3565 2041 3640; x_wconf 88' lang='lat' dir='ltr'><strong>corpori</strong></span> <span class='ocrx_word' id='word_1_337' title='bbox 2080 3564 2268 3620; x_wconf 89' lang='lat' dir='ltr'><strong>unitur</strong></span> 
     </span>
     <span class='ocr_line' id='line_1_38' title="bbox 236 3654 2269 3732; baseline 0 -21"><span class='ocrx_word' id='word_1_338' title='bbox 236 3654 510 3712; x_wconf 86' lang='lat' dir='ltr'><strong>varietati</strong></span> <span class='ocrx_word' id='word_1_339' title='bbox 548 3654 817 3729; x_wconf 82' lang='lat' dir='ltr'><strong>subjecto.</strong></span> <span class='ocrx_word' id='word_1_340' title='bbox 866 3657 1003 3713; x_wconf 89' lang='lat' dir='ltr'><strong>Cum</strong></span> <span class='ocrx_word' id='word_1_341' title='bbox 1032 3666 1217 3714; x_wconf 89' lang='lat' dir='ltr'><strong>autem</strong></span> <span class='ocrx_word' id='word_1_342' title='bbox 1245 3658 1430 3717; x_wconf 87' lang='lat' dir='ltr'><strong>anima</strong></span> <span class='ocrx_word' id='word_1_343' title='bbox 1469 3674 1504 3715; x_wconf 89' lang='lat' dir='ltr'><strong>a</strong></span> <span class='ocrx_word' id='word_1_344' title='bbox 1540 3674 1768 3732; x_wconf 86' lang='lat' dir='ltr'><strong>corpore</strong></span> <span class='ocrx_word' id='word_1_345' title='bbox 1811 3656 1977 3713; x_wconf 84' lang='lat' dir='ltr'><strong>fuerit</strong></span> <span class='ocrx_word' id='word_1_346' title='bbox 2001 3660 2269 3728; x_wconf 46' lang='lat' dir='ltr'><strong>&#39;separata</strong></span> 
     </span>
     <span class='ocr_line' id='line_1_39' title="bbox 230 3730 2273 3823; baseline -0 -22"><span class='ocrx_word' id='word_1_347' title='bbox 230 3744 507 3801; x_wconf 78' lang='lat' dir='ltr'><strong>eamdem</strong></span> <span class='ocrx_word' id='word_1_348' title='bbox 551 3730 1057 3807; x_wconf 77' lang='lat' dir='ltr'><strong>immutabilitatem</strong></span> <span class='ocrx_word' id='word_1_349' title='bbox 1096 3746 1397 3805; x_wconf 86' lang='lat' dir='ltr'><strong>voluntatis</strong></span> <span class='ocrx_word' id='word_1_350' title='bbox 1435 3746 1678 3816; x_wconf 84' lang='lat' dir='ltr'><strong>babebit,</strong></span> <span class='ocrx_word' id='word_1_351' title='bbox 1729 3762 1897 3823; x_wconf 83' lang='lat' dir='ltr'><strong>quam</strong></span> <span class='ocrx_word' id='word_1_352' title='bbox 1945 3742 2273 3805; x_wconf 83' lang='lat' dir='ltr'><strong>naturaliter</strong></span> 
     </span>
     <span class='ocr_line' id='line_1_40' title="bbox 224 3830 2269 3910; baseline -0.001 -18"><span class='ocrx_word' id='word_1_353' title='bbox 224 3832 495 3907; x_wconf 69' lang='lat' dir='ltr'><strong>Angelus</strong></span> <span class='ocrx_word' id='word_1_354' title='bbox 531 3830 743 3893; x_wconf 78' lang='lat' dir='ltr'><strong>babet:</strong></span> <span class='ocrx_word' id='word_1_355' title='bbox 775 3832 921 3892; x_wconf 89' lang='lat' dir='ltr'><strong>unde</strong></span> <span class='ocrx_word' id='word_1_356' title='bbox 958 3843 1016 3894; x_wconf 89' lang='lat' dir='ltr'><strong>et</strong></span> <span class='ocrx_word' id='word_1_357' title='bbox 1055 3842 1180 3910; x_wconf 88' lang='lat' dir='ltr'><strong>post</strong></span> <span class='ocrx_word' id='word_1_358' title='bbox 1216 3846 1450 3895; x_wconf 87' lang='lat' dir='ltr'><strong>mortem</strong></span> <span class='ocrx_word' id='word_1_359' title='bbox 1490 3838 1676 3895; x_wconf 84' lang='lat' dir='ltr'><strong>anima</strong></span> <span class='ocrx_word' id='word_1_360' title='bbox 1719 3832 2118 3910; x_wconf 83' lang='lat' dir='ltr'><strong>impoenitibilis</strong></span> <span class='ocrx_word' id='word_1_361' title='bbox 2161 3838 2269 3903; x_wconf 82' lang='lat' dir='ltr'><strong>est,</strong></span> 
     </span>
     <span class='ocr_line' id='line_1_41' title="bbox 220 3918 2289 4011; baseline 0.001 -30"><span class='ocrx_word' id='word_1_362' title='bbox 220 3935 347 3981; x_wconf 82' lang='lat' dir='ltr'><strong>nec</strong></span> <span class='ocrx_word' id='word_1_363' title='bbox 381 3928 575 4000; x_wconf 82' lang='lat' dir='ltr'><strong>potest</strong></span> <span class='ocrx_word' id='word_1_364' title='bbox 608 3920 681 3983; x_wconf 84' lang='lat' dir='ltr'><strong>de</strong></span> <span class='ocrx_word' id='word_1_365' title='bbox 718 3920 863 3985; x_wconf 84' lang='lat' dir='ltr'><strong>bono</strong></span> <span class='ocrx_word' id='word_1_366' title='bbox 909 3922 979 3983; x_wconf 87' lang='lat' dir='ltr'><strong>ad</strong></span> <span class='ocrx_word' id='word_1_367' title='bbox 1008 3922 1215 3989; x_wconf 79' lang='lat' dir='ltr'><strong>malum</strong></span> <span class='ocrx_word' id='word_1_368' title='bbox 1242 3922 1511 3997; x_wconf 83' lang='lat' dir='ltr'><strong>converti,</strong></span> <span class='ocrx_word' id='word_1_369' title='bbox 1539 3938 1643 3985; x_wconf 84' lang='lat' dir='ltr'><strong>nec</strong></span> <span class='ocrx_word' id='word_1_370' title='bbox 1665 3922 1736 4011; x_wconf 80' lang='lat' dir='ltr'><strong>de</strong></span> <span class='ocrx_word' id='word_1_371' title='bbox 1771 3922 1916 3987; x_wconf 84' lang='lat' dir='ltr'><strong>malo</strong></span> <span class='ocrx_word' id='word_1_372' title='bbox 1941 3920 2015 3985; x_wconf 86' lang='lat' dir='ltr'><strong>ad</strong></span> <span class='ocrx_word' id='word_1_373' title='bbox 2041 3918 2289 3992; x_wconf 56' lang='lat' dir='ltr'><strong>bonum.</strong></span> 
     </span>
    </p>
   </div>
   <div class='ocr_carea' id='block_1_3' title="bbox 232 4049 287 4057">
    <p class='ocr_par' dir='ltr' id='par_1_3' title="bbox 232 4049 287 4057">
     <span class='ocr_line' id='line_1_42' title="bbox 232 4049 287 4057; baseline -0.036 0"><span class='ocrx_word' id='word_1_374' title='bbox 232 4049 287 4057; x_wconf 70' lang='lat'><strong>.—</strong></span> 
     </span>
    </p>
   </div>
  </div>
 </body>
</html>
