2850 4517
514 360 645 419 ‘426
1000 377 1050 419 s.
1094 360 1339 421 ‘raama
1374 376 1698 425 sommus
1739 376 2050 428 orusoum

528 491 626 548 riae
652 497 781 547 sunt
802 491 949 547 vires
968 492 1037 547 ad
1057 492 1411 564 operandum,
1444 493 1523 554 ita
1546 491 1906 566 spiritualiter
1929 494 2137 551 renatis
2165 482 2536 552 necessarium

526 587 611 635 est
633 580 799 638 robur
820 581 1053 653 Spiritus
1075 582 1281 640 Sancti.
1298 582 1456 639 Unde
1481 591 1538 639 et
1553 587 1720 656 Apus.
1745 582 1815 637 ad
1840 582 1945 639 hoc
1967 582 2114 656 quod
2136 592 2319 655 essent
2345 584 2536 655 fortes,

528 677 853 742 receperunt
867 670 1127 743 Spiritum
1148 672 1409 729 Sanctum
1432 676 1554 744 post
1577 672 1952 729 ascensionem
1976 671 2200 729 Christi.
2223 674 2358 729 Luc.
2387 688 2494 730 xtv
2520 692 2534 729 ε

540 758 636 816 Vos
660 764 836 816 autem
862 760 1028 816 sedete
1055 762 1115 816 in
1146 762 1379 829 civitate,
1419 776 1683 833 quousque
1710 760 2018 817 induamini
2043 760 2249 819 virtute
2271 779 2340 818 ex
2377 763 2489 821 alto
2519 781 2538 819 .·

530 848 632 905 hoc
659 856 843 906 autem
871 849 1037 906 robur
1062 850 1340 907 confertur
1366 850 1423 905 iu
1450 851 1806 907 sacramento
1827 849 2280 907 confirmationis.
2309 851 2381 907 Et
2415 851 2539 907 ideo

530 938 605 995 illi
629 939 723 1011 qui
752 937 955 995 habent
980 954 1169 996 curam
1191 929 1487 1013 puerorum
1513 939 1714 995 debent
1732 937 1964 995 multum
1994 954 2118 995 esse
2144 938 2366 996 solliciti
2391 941 2536 1013 quod

528 1027 937 1098 confirmentur,
976 1028 1104 1101 quia
1146 1029 1200 1085 in
1235 1029 1650 1089 confirmatione
1685 1026 1965 1108 confertur
2012 1044 2211 1099 magna
2237 1030 2440 1099 gratia.
2471 1028 2538 1083 Et

492 1136 499 1141 ·
530 1116 575 1175 si
613 1115 863 1192 decedat,
904 1118 1167 1188 majorem
1193 1109 1365 1173 habet
1386 1117 1616 1189 gloriam
1643 1116 2016 1183 confirmatuS,
2059 1132 2225 1189 quam
2255 1132 2362 1173 non
2401 1133 2540 1173 con-

532 1203 803 1269 firmatus,
826 1205 955 1277 quia
996 1204 1085 1261 hic
1125 1204 1317 1261 habuit
1354 1206 1476 1278 plus
1508 1205 1578 1261 de
1614 1205 1813 1277 gratia.
1839 1205 2087 1261 Tertium
2122 1206 2539 1261 Sacramentum

533 1299 615 1355 est
656 1292 1019 1349 Eucharistia.
1058 1293 1210 1349 Sicut
1250 1294 1397 1350 enim
1455 1294 1511 1349 in
1548 1294 1663 1349 vita
1703 1291 1994 1367 corporali,
2039 1301 2329 1367 postquam
2375 1293 2539 1349 homo

532 1386 695 1445 patus
726 1386 829 1445 est,
872 1389 927 1435 et
964 1381 1109 1437 vires
1149 1378 1403 1453 sumpsit,
1435 1382 1776 1438 necessarius
1801 1389 1888 1438 est
1926 1382 1978 1437 ei
2025 1382 2179 1437 cibus
2207 1388 2266 1436 ut
2308 1396 2540 1437 conser-

534 1474 689 1525 vetur
733 1476 790 1523 et
824 1476 1159 1525 sustentetur
1190 1486 1204 1522 ε
1248 1468 1329 1525 ita
1364 1470 1420 1524 in
1459 1470 1576 1526 vita
1615 1470 1889 1543 spirituali
1933 1480 2054 1543 post
2079 1469 2324 1526 habitum
2365 1470 2541 1525 robur

533 1557 873 1613 necessarius
890 1564 975 1613 est
990 1557 1040 1612 ei
1056 1556 1211 1612 cibus
1231 1557 1552 1629 spiritualis,
1575 1558 1669 1631 qui
1685 1565 1770 1615 est
1791 1573 1986 1632 corpus
2007 1558 2226 1615 Christi.
2245 1558 2408 1613 Joan.
2435 1574 2501 1613 vr
2524 1577 2537 1612 z

533 1643 657 1703 Nisi
681 1644 1129 1701 manducaveritis
1156 1660 1370 1705 carnem
1386 1708 1392 1715 ,
1409 1645 1515 1716 filii
1541 1645 1794 1712 hominis,
1823 1654 1874 1703 et
1907 1646 2138 1703 biberitis
2165 1646 2278 1718 ejus
2305 1646 2544 1719 sanqui-

533 1750 673 1799 nem,
700 1750 809 1789 non
832 1734 1086 1791 habebitis
1106 1734 1273 1791 vitam
1299 1733 1360 1791 in
1385 1734 1549 1791 vobis.
1579 1735 1647 1791 Et
1667 1736 1788 1791 ideo
1813 1737 2114 1793 secuudum
2136 1735 2543 1792 ordinationem

534 1828 793 1887 Ecclesiae
814 1828 1043 1903 quilibet
1070 1829 1411 1886 Christianus
1438 1829 1606 1886 semel
1631 1830 1684 1885 in
1715 1830 2047 1905 anno'debet
2074 1829 2318 1904 recipere
2341 1844 2544 1901 corpus

538 1918 757 1983 Christi,
796 1918 959 1991 digne
996 1926 1175 1975 tamen
1210 1923 1266 1974 et
1294 1918 1516 1986 munde,
1553 1918 1704 1991 quia,
1741 1924 1804 1973 ut
1834 1917 2036 1974 dicitur
2078 1918 2101 1973 1
2141 1919 2266 1974 Cor.
2307 1934 2355 1975 11
2386 1935 2400 1973 ε
2433 1918 2543 1985 Qui

538 2006 827 2065 manducat
860 2015 912 2066 et
946 2000 1079 2065 bibit
1110 2007 1348 2079 indique,
1377 2007 1590 2063 scilicet
1615 2022 1740 2063 cum
1769 2007 2105 2063 conscientia
2134 2009 2346 2080 peccati
2388 2023 2544 2064 mor-

540 2096 683 2164 talis,
714 2097 783 2154 de
814 2112 924 2171 quo
954 2112 1069 2154 non
1098 2104 1181 2153 est
1204 2096 1504 2164 confessuS,
1535 2096 1625 2152 vel
1652 2112 1756 2153 non
1789 2095 2042 2169 proponit
2066 2096 2365 2164 abstinere,
2383 2096 2544 2168 ¹iudi-

540 2185 678 2241 cium
717 2185 821 2241 eibi
859 2186 1145 2243 manducat
1184 2192 1235 2241 et
1271 2185 1419 2243 bibit.
1465 2185 1731 2255 Quartum
1771 2185 2189 2244 Sacramentum
2230 2194 2318 2242 est
2362 2185 2545 2258 poeni-

541 2275 732 2330 tentia.
776 2275 1055 2345 Contingit
1097 2274 1243 2330 enim
1288 2275 1344 2330 in
1387 2275 1507 2332 vita
1543 2274 1813 2346 corporali
1854 2274 2002 2347 quod
2044 2274 2376 2348 quaudoque
2416 2274 2544 2347 quis

537 2362 863 2428 infirmatur,
893 2369 965 2425 et,
995 2362 1099 2417 nisi
1131 2362 1329 2418 habeat
1354 2363 1702 2430 medicinam,
1731 2364 1978 2432 moritur,
2011 2372 2068 2419 et
2095 2364 2175 2421 ita
2201 2365 2257 2420 in
2281 2364 2396 2419 vita
2422 2362 2542 2435 spi-

538 2447 721 2505 rituali
745 2449 869 2521 quis
888 2449 1191 2505 infirmatur
1212 2467 1308 2523 per
1330 2459 1636 2524 peccatum,
1665 2447 1808 2508 unde
1827 2453 2134 2509 necessaria
2157 2459 2244 2508 est
2270 2452 2543 2508 medicina

538 2536 607 2593 ad
666 2537 1091 2609 recuperandam
1138 2539 1448 2605 sanitatem,
1499 2548 1554 2595 et
1606 2538 1724 2597 lr‘aec
1777 2540 1954 2612 gratia
1993 2556 2118 2614 quae
2160 2540 2439 2597 confertur
2483 2540 2540 2593 in

540 2624 873 2696 poenitentiae
912 2626 1281 2683 Sacramenta.
1329 2627 1529 2684 Psalm.
1577 2645 1654 2686 cn
1703 2646 1716 2685 ι
1760 2628 1867 2695 Qui
1909 2629 2254 2701 propitiatur
2301 2626 2544 2684 omnibus

538 2712 913 2785 iniquitatibus
942 2714 1072 2781 tuis,
1096 2715 1189 2788 qui
1209 2724 1366 2773 sanat
1388 2733 1562 2774 omnes
1588 2716 1932 2789 infirmitates
1960 2725 2100 2774 tuas.
2133 2718 2192 2787 Iu
2212 2716 2542 2791 paenitentia

538 2810 722 2862 autem
750 2804 855 2860 tria
884 2804 1084 2860 debent
1111 2820 1231 2861 esse
1256 2822 1271 2859 t
1312 2805 1588 2873 contriti0,
1621 2822 1746 2879 quae
1774 2812 1859 2862 est
1882 2807 2035 2864 dolor
2063 2806 2131 2862 de
2161 2814 2392 2880 peccato
2415 2821 2544 2861 cum

542 2893 816 2965 proposito
862 2892 1191 2961 abstinendi,
1234 2893 1502 2951 confessio
1539 2903 1890 2967 peccatorum
1934 2912 2058 2952 cum
2105 2896 2438 2967 integritate,
2483 2901 2544 2950 et

542 2981 864 3054 satisfactio,
911 2996 1036 3054 quae
1070 2990 1156 3038 est
1196 2998 1290 3054 per
1318 2983 1460 3040 bona
1489 2997 1674 3056 opera.
1712 2983 1974 3053 Quintum
2009 2985 2422 3041 Sacramentum
2456 2990 2545 3038 est

546 3077 784 3126 extrema
821 3070 1037 3127 Unctio.
1076 3072 1135 3125 ln
1171 3070 1275 3127 hac
1316 3071 1462 3127 enim
1503 3073 1618 3129 vita
1663 3082 1791 3129 sunt
1838 3072 2007 3129 multa
2050 3088 2174 3145 quae
2213 3072 2542 3145 impediunt,

543 3164 763 3230 propter
798 3174 923 3231 quae
958 3157 1120 3215 homo
1160 3162 1268 3215 non
1294 3166 1477 3234 potest
1502 3159 2043 3235 persecte'consequi
2085 3161 2467 3236 purgationem
2511 3176 2547 3217 a

540 3246 799 3318 peccatis
842 3248 910 3301 Et
951 3248 1081 3320 quia
1108 3248 1289 3304 nullus
1326 3254 1509 3321 potest
1549 3251 1754 3307 intrare
1790 3252 1967 3307 vitam
2012 3257 2276 3308 aeternam
2325 3250 2428 3305 nisi
2469 3250 2546 3305 sit

537 3334 675 3391 bene
716 3341 995 3407 purgatus,
1040 3336 1406 3393 necessarium
1445 3336 1549 3393 fuit
1586 3338 1732 3396 aliud
1771 3331 2186 3397 Sacramentum
2227 3354 2336 3412 quo
2377 3338 2548 3394 homo

539 3434 861 3496 purgaretur
898 3441 932 3482 a
968 3428 1229 3497 peccatis,
1260 3432 1316 3482 et
1356 3425 1682 3485 liberaretur
1708 3427 1777 3485 ab
1805 3429 2144 3495 infirmitate,
2177 3433 2233 3483 et
2259 3441 2550 3500 praepara-

540 3517 687 3567 retur
706 3513 775 3569 ad
792 3513 1073 3569 introitum
1088 3514 1241 3585 regni
1258 3515 1518 3585 coelestis‚
1545 3524 1602 3572 et
1621 3517 1725 3574 hoc
1743 3524 1826 3575 est
1843 3520 2258 3575 Sacramentum
2281 3524 2552 3571 extremae

540 3600 840 3657 Unctionis.
870 3602 976 3657 Sed.
1002 3602 1150 3673 quod
1184 3618 1292 3658 non
1320 3619 1534 3679 semper
1562 3614 1716 3661 curet
1744 3606 2122 3679 corporaliter,
2155 3605 2259 3661 hoc
2295 3609 2380 3660 est
2413 3603 2554 3676 quia

540 3686 680 3743 forte
718 3689 902 3745 vivere
934 3703 1039 3745 non
1076 3691 1296 3763 expedit
1322 3691 1484 3748 saluti
1521 3696 1742 3771 animae.¹
1781 3694 1896 3750 Jac.
1940 3710 1977 3750 v
2007 3712 2022 3748 t
2061 3693 2390 3764 Infit-matur
2424 3692 2556 3763 quis

541 3774 615 3829 in.
638 3775 799 3844 vobis,
839 3778 1059 3835 inducat
1088 3778 1425 3851 Presbyter-os
1452 3782 1720 3849 Ecclesiae,
1768 3790 1821 3839 et
1859 3790 2012 3838 orent
2052 3795 2215 3855 super
2249 3797 2390 3848 eum,
2435 3798 2555 3836 un-

542 3869 718 3929 qenter
738 3880 855 3920 eum
876 3868 983 3922 oleo
1002 3868 1061 3922 in
1080 3869 1287 3923 nomine
1311 3870 1552 3936 Domini,
1573 3879 1622 3927 et
1643 3872 1823 3929 oratio
1840 3872 1969 3945 fidei
1990 3871 2216 3928 salvabit
2240 3870 2556 3943 infirmum,

546 3952 595 4000 et
618 3948 887 4006 alleviabit
906 3970 1023 4009 eum
1052 3956 1329 4024 Dominus,
1364 3966 1413 4014 et
1437 3961 1488 4015 si
1519 3959 1579 4015 in
1604 3960 1945 4031 peccatam,
1977 3960 2426 4020 remittenturei.
2453 3962 2556 4018 Sic
