2850 4517
742 324 850 379 v'n.
878 352 955 363 —
984 322 1062 379 bu
1106 316 1382 379 semoto
1414 320 1868 378 ‘At-osrononou
2188 295 2302 377 431

296 444 523 511 Domini
548 450 649 509 tui.
676 450 862 522 Aug.'«
891 450 1090 507 Totum
1118 450 1380 523 gaudium
1410 465 1515 506 non
1540 448 1836 507 intrabitin
1860 450 2180 521 gaudenteS,
2200 450 2295 505 sed

295 542 400 600 toti
442 540 763 613 gaudenteS,
797 534 1080 597 intrabunt
1113 539 1167 595 iu
1206 539 1469 611 gaudium
1493 557 1542 595 r.
1565 538 1708 595 Psal.
1739 553 1834 594 xvi
1867 555 1879 593 :
1906 536 2156 595 Satiabor
2184 554 2302 594 cum

292 628 618 703 apparuerit
642 627 820 701 yloria
848 634 965 694 tua,
996 615 1280 685 etiterum
1309 644 1322 683 ε
1354 626 1463 693 Qui
1507 627 1672 698 replet
1708 626 1768 681 in
1811 625 1956 681 bonis
1979 623 2300 682 desiderium

293 726 473 783 tunm,
502 725 610 775 etc.
638 716 918 790 Quidquid
962 716 1109 772 enim
1136 713 1462 773 delectabile
1489 722 1592 781 est,
1620 720 1798 771 totum
1821 722 1906 771 est
1953 714 2026 769 ibi
2073 712 2305 786 supera-

290 806 625 864 bundauter.
652 806 710 863 Si
744 806 889 861 enim
928 812 1259 879 appetantur
1286 804 1699 875 delectationes,
1731 804 1806 860 ibi
1849 802 1954 859 erit
1993 818 2209 860 summa
2250 812 2306 859 et

292 894 695 969 perfectissima
724 893 1039 963 delectatio,
1068 895 1199 968 quia
1241 896 1309 951 de
1344 909 1557 950 summo
1591 892 1753 960 bono,
1781 893 1993 951 scilicet
2023 892 2156 948 Deo.
2183 890 2304 947 Job.
2398 923 2402 927 -

294 999 417 1042 xxn
447 1002 460 1039 :
494 984 640 1041 Tunc
666 999 828 1056 super
856 983 1279 1056 omnipotentem
1308 982 1510 1040 deliciis
1533 983 1732 1055 afflues.
1757 980 1958 1039 Psalm.
1989 997 2094 1049 xv:
2123 979 2307 1037 Delec-

295 1074 527 1131 tationee
548 1075 609 1129 in
637 1072 854 1129 deoetera
882 1080 980 1130 tua
1006 1090 1166 1146 usque
1190 1072 1249 1129 in
1272 1073 1454 1145 finem.
1484 1072 1641 1141 Item,
1669 1072 1714 1126 si
1757 1076 2091 1143 appetuntur
2129 1068 2306 1132 hono?

294 1178 408 1230 rea,
448 1160 527 1219 ibi
571 1162 675 1217 erit
724 1162 901 1219 omnis
949 1162 1140 1219 honor.
1180 1161 1442 1219 Homines
1495 1160 1771 1234 praecipue
1822 1158 2138 1215 desiderant
2189 1171 2308 1213 esse

296 1265 457 1322 reges
485 1258 753 1324 quantu-m
800 1251 872 1307 ad
901 1250 1069 1308 laicos
1099 1268 1111 1305 t
1144 1258 1200 1307 et
1238 1250 1512 1323 Episcopi,
1541 1255 1810 1323 quantum
1855 1247 1925 1305 ad
1971 1246 2220 1313 clericos,
2253 1252 2310 1301 et

295 1347 593 1412 utrumque
634 1340 740 1397 erit
790 1339 907 1396 tibi.
948 1343 1119 1413 Apoc.
1148 1356 1184 1396 v
1216 1356 1229 1395 :
1261 1337 1464 1395 Fecisti
1503 1353 1598 1393 nos
1636 1337 1743 1394 Deo
1785 1343 1966 1393 nostro
2003 1352 2226 1408 reanum
2249 1336 2304 1390 et

296 1428 619 1486 Sacerdotes.
644 1429 773 1501 Sapi
805 1446 844 1485 v
870 1446 883 1484 z
912 1428 1047 1485 Ecce
1075 1428 1325 1501 quomodo
1359 1426 1652 1501 computati
1677 1432 1805 1483 aurit
1839 1425 1988 1482 inter
2012 1422 2152 1497 filios
2182 1424 2309 1480 Dei.

298 1519 457 1591 Item,
488 1518 535 1574 si
558 1517 790 1575 scientia
819 1518 1117 1591 appetitur,
1150 1516 1224 1573 ibi
1250 1518 1354 1573 erit
1380 1514 1798 1588 perfectissima,
1829 1514 1960 1587 quia
1984 1528 2174 1569 omnes
2204 1529 2306 1569 na-

298 1612 453 1667 turas
476 1622 676 1671 rerum,
704 1606 1343 1681 etomnem'veritatemss
1372 1611 1428 1659 et
1457 1603 1726 1675 quidquid
1756 1602 2000 1657 volemus
2047 1602 2305 1670 sciemuS,

297 1701 353 1751 et
382 1694 649 1767 quidquid
680 1694 923 1777 yolemus
950 1693 1153 1766 habere
1181 1691 1502 1748 habebimus
1525 1691 1601 1747 ibi
1625 1706 1752 1746 cum
1782 1689 1901 1762 ipsa
1926 1690 2040 1747 vita
2069 1696 2303 1747 aeterna.

295 1782 534 1855 Sapien.'
562 1798 645 1840 vn
690 1799 703 1837 t
744 1781 1015 1839 Venerunt
1056 1780 1189 1838 mihi
1230 1779 1411 1835 omnia
1448 1779 1583 1835 bona
1616 1778 1831 1849 pariter
1870 1794 1986 1834 cum
2021 1778 2135 1835 illa.
2165 1780 2304 1836 Pro-

294 1870 452 1927 verb.
479 1886 522 1927 x
554 1887 567 1924 :
604 1868 938 1926 Desiderium
964 1885 1121 1926 sunm
1133 1868 1300 1941 justis
1322 1866 1563 1923 dabitur.
1585 1864 1790 1933 Tertio,
1815 1866 2066 1923 consistit
2091 1867 2146 1921 in
2177 1882 2306 1937 per-

295 1960 443 2015 fecta
470 1957 769 2014 securitate
800 1959 1048 2014 :namin
1080 1958 1282 2014 mundo
1311 1958 1418 2012 isto
1460 1972 1566 2011 non
1607 1963 1690 2011 est
1734 1954 1976 2028 perfecta
2016 1954 2305 2021 securium,

295 2047 435 2127 quiam
453 2052 659 2125 quanto
688 2046 811 2120 quis
838 2045 1005 2104 habet
1035 2047 1193 2121 plura
1219 2052 1277 2103 et
1306 2046 1482 2118 magis
1509 2043 1732 2110 eminet,
1764 2048 1919 2101 tanto
1953 2042 2110 2116 plura
2149 2042 2307 2099 timet

293 2144 355 2193 et
374 2135 621 2209 pluribus
649 2134 858 2207 indiget
890 2154 904 2191 ε
934 2136 1032 2193 sed
1070 2136 1125 2192 in
1152 2136 1268 2197 vita
1299 2141 1508 2191 aeterna
1539 2132 1686 2189 nulla
1721 2140 1805 2188 est
1848 2130 2093 2198 tristitia,
2123 2130 2302 2187 nullus

292 2222 472 2291 labor,
502 2223 683 2280 nullus
722 2224 905 2281 timor.
935 2226 1094 2281 Prov.
1126 2241 1140 2279 :
1167 2222 1524 2283 Abundantia
1559 2220 1901 2297 perfruetur,
1917 2220 2182 2277 malorum
2227 2219 2304 2277 ti-

293 2328 444 2369 more
460 2311 686 2369 sublato.
712 2311 940 2383 Quarto,
974 2313 1229 2371 consistit
1256 2313 1311 2369 in
1346 2312 1590 2369 omnium
1612 2311 1898 2391 beatorum
1930 2309 2174 2383 jucunda
2211 2324 2304 2365 so-

294 2400 519 2467 cietate,
562 2418 689 2475 quae
737 2403 975 2461 societas
1030 2403 1135 2460 erit
1179 2402 1418 2460 maxime
1472 2399 1846 2469 delectabiliS,
1895 2400 2028 2474 quia
2077 2398 2308 2473 quilibet

294 2488 523 2546 habebit
550 2492 733 2548 omnia
770 2491 913 2549 bona
959 2508 1087 2550 cum
1126 2492 1379 2550 omnibus
1423 2491 1602 2548 beatis
1635 2506 1802 2547 :nam
1843 2489 2074 2563 quilibet
2115 2487 2308 2561 diliget

278 2577 467 2635 ‘alium
489 2578 633 2635 sicut
670 2580 928 2651 seipsum,
956 2590 1013 2636 et
1058 2582 1181 2638 ideo
1218 2579 1482 2653 gaudebit
1526 2580 1594 2636 de
1623 2579 1766 2636 bono
1795 2578 2022 2635 alterius
2065 2578 2210 2634 sicut
2239 2577 2308 2633 de

295 2683 417 2723 suc.
443 2667 564 2737 Quo
592 2666 654 2723 fit
684 2672 743 2721 ut
768 2672 983 2723 tantum
1013 2675 1283 2739 augeatur
1311 2668 1508 2723 laetitia
1531 2673 1586 2722 et
1614 2666 1877 2739 gaudium
1913 2666 2095 2732 unius,
2119 2682 2302 2738 quan-

297 2763 415 2812 tum
459 2762 546 2811 est
586 2754 847 2827 gaudium
890 2756 1153 2812 omnium.
1199 2755 1344 2812 Psal.
1390 2769 1614 2811 Lxxxv1
1647 2753 1838 2811 :Sicut
1863 2752 2166 2810 laetantium
2192 2770 2307 2809 om-

296 2843 454 2901 nium
496 2842 752 2901 habitatio
789 2852 865 2899 est
901 2843 961 2899 in
1004 2850 1071 2901 te.
1104 2844 1235 2901 Haec
1271 2851 1458 2899 autem
1507 2858 1632 2915 quae
1675 2842 1826 2899 dicta
1871 2849 2018 2911 sunt,
2050 2850 2108 2897 et
2136 2840 2310 2896 multa

296 2932 597 2989 ineffabilia
641 2932 919 2989 habebunt
958 2934 1142 2989 sancti
1198 2935 1295 3006 qui
1338 2938 1500 2988 erunt
1539 2931 1598 2986 in
1638 2931 1838 3005 patria.
1865 2929 1990 2987 Mali
2040 2929 2310 3001 vero-qui

298 3027 461 3077 erunt
484 3020 539 3075 in
566 3026 743 3077 morte
770 3025 986 3099 aeterna·
1016 3035 1121 3076 non
1151 3020 1333 3076 minus
1372 3018 1652 3075 habebunt
1692 3018 1762 3073 de
1787 3017 1975 3075 dolore
2020 3022 2079 3073 et
2123 3030 2306 3089 poena,

299 3123 466 3182 quam
494 3106 621 3164 boni
647 3109 715 3164 de
737 3107 939 3181 gaudio
962 3115 1018 3165 et
1045 3110 1241 3182 gloria.
1271 3108 1651 3181 Exaggeratur
1697 3112 1906 3186 autem·
1925 3122 2087 3180 poena
2115 3118 2305 3163 eorum

300 3198 479 3273 primo
507 3213 574 3254 ex
592 3198 936 3272 separatione
965 3199 1065 3255 Dei
1104 3208 1160 3255 et
1202 3198 1449 3255 omnium
1496 3197 1782 3265 bonorum,
1814 3205 1871 3253 et
1892 3196 2013 3255 haec
2036 3202 2120 3253 est
2141 3208 2308 3270 poena

299 3286 506 3354 damni,
553 3303 679 3360 quae
719 3286 1011 3361 respondet
1052 3288 1345 3356 aversioni,
1394 3302 1522 3361 quae
1572 3302 1733 3361 poeua
1787 3288 1966 3359 major
2011 3292 2097 3341 est
2141 3299 2310 3357 quam

268 3380 463 3448 *poena
503 3391 716 3433 sensus.
759 3376 955 3434 Matth.
996 3392 1119 3435 xxv
1148 3394 1164 3434 ε
1191 3376 1450 3434 Inutitem
1489 3390 1702 3433 servum
1747 3374 1922 3448 ejicite
1966 3373 2026 3429 in
2069 3371 2315 3431 tenebras

299 3464 613 3522 exteriores.
627 3466 686 3521 ln
715 3466 830 3523 vita
860 3466 1004 3522 enirn
1030 3466 1122 3523 illa
1153 3466 1281 3523 mali
1305 3465 1510 3522 habent
1541 3464 1797 3523 'tenebras
1821 3462 2128 3528 interiores,
2156 3460 2313 3517 scili-

301 3562 391 3611 cet
440 3555 673 3627 peccati,
706 3554 803 3611 sed
848 3561 979 3610 tunc
1025 3553 1305 3611 habebunt
1350 3548 1520 3611 etiam
1564 3556 1882 3611 exteriores·
1937 3550 2187 3609 Secundo
2241 3565 2310 3605 ex

302 3657 547 3698 remorsu
572 3636 923 3699 conscientiae
952 3660 965 3698 :
995 3642 1141 3701 Psal.
1174 3658 1316 3699 xmx
1348 3660 1363 3697 ε
1392 3646 1638 3718 Ανραιαηι
1664 3649 1736 3708 te,
1758 3647 1808 3697 et
1844 3647 2080 3698 statuam
2121 3644 2314 3695 contra

298 3728 493 3803 faciem
516 3736 685 3787 tuam.
714 3728 842 3805 Sap.
868 3748 907 3787 v
932 3749 946 3785 z
976 3726 1106 3789 Proe
1138 3732 1392 3804 anqustia
1424 3732 1660 3805 spiritua
1694 3737 1954 3805 ,comentes
1977 3745 1996 3785 .·
2021 3733 2080 3784 et
2123 3732 2310 3783 tamen

300 3818 420 3877 haec
443 3819 765 3893 poenitentia
792 3827 848 3877 et
872 3819 1108 3893 gemitus
1138 3822 1247 3877 erit
1288 3820 1523 3887 inutilis,
1547 3822 1676 3894 quia
1716 3834 1822 3877 non
1871 3826 2095 3893 propter
2125 3816 2312 3873 odium

301 3906 453 3977 mali,
474 3907 571 3967 sed
597 3916 821 3988 propter
864 3908 1107 3977 dolorem
1152 3898 1353 3987 poenae.
1378 3906 1586 3981 Tertio,
1617 3920 1687 3973 ex
1733 3898 2104 3969 immensitate
2133 3912 2316 3986 poente

1042 4103 1155 4112 -.ο-,φ
