2850 4517
799 384 861 434 .1.
889 400 971 419 --
995 384 1395 433 compunctum
1445 385 1809 439 ‘rneonoem
2190 371 2311 449 2147
2385 445 2387 447 v

295 504 394 567 vel
421 501 777 578 suppositum
807 506 1019 563 naturae
1047 502 1312 563 -humanae
1353 502 1654 576 temporale
1694 508 1749 559 et
1793 508 2057 575 creatum,
2088 504 2308 579 ponitur

301 594 473 652 etiarn
502 592 686 666 aliqua
730 606 962 665 persona
1004 592 1060 648 in
1099 592 1314 649 Christo
1343 592 1629 675 temporali
1657 597 1842 649 creata
1870 605 1889 647 ι
1916 591 2021 649 hoc
2050 594 2309 652 enimest

303 682 452 758 quod
481 681 698 738 nomine
725 680 1012 754 suppositi,
1045 679 1129 737 vel
1156 680 1467 759 hypostasis
1501 680 1839 752 significatur
1866 680 2075 737 scilicet
2102 680 2305 739 indivi-

302 772 414 829 dua
441 769 768 829 substantia.
799 768 1068 825 Ponentes
1105 784 1234 841 ergo
1263 768 1320 824 in
1350 767 1565 833 Christo
1593 760 1703 837 duo
1724 769 2025 841 supposita,
2056 770 2139 841 vel
2170 771 2306 829 duas

302 861 646 935 hypostaseS,
699 857 768 913 si¹
792 858 936 931 quod
983 857 1172 915 dicunt
1218 856 1547 930 intelligunt,
1600 871 1821 927 necesse
1861 857 2063 931 habent
2106 874 2307 933 ponere

303 950 442 1007 duas
467 962 748 1022 personas·
797 948 956 1015 Item,
987 961 1348 1019 quaecumque
1383 938 1669 1019 ‚su-pposito
1712 945 1967 1017 differunt
2012 947 2091 1006 ita
2118 963 2177 1004 se
2202 947 2307 1005 ha·-

301 1038 452 1105 bent‚
482 1036 627 1110 quod
653 1051 720 1093 eu
753 1050 880 1109 quae
907 1042 1034 1099 sunt
1057 1034 1277 1109 propria
1299 1034 1480 1115 uniuS,
1526 1034 1682 1093 alteri
1710 1036 2000 1111 conuenire
2028 1052 2149 1109 non
2176 1021 2329 1108 pos·'

299 1132 454 1185 sunt.
483 1126 537 1183 Si
569 1136 698 1197 eigo
722 1139 826 1187 non
857 1130 940 1181 est
968 1124 1113 1181 idem
1139 1126 1477 1196 suppositum
1524 1124 1691 1179 Filius
1718 1124 1837 1193 Dei,
1869 1130 1926 1181 et
1956 1124 2099 1197 filius
2122 1124 2306 1195 ,homi-

301 1216 408 1281 nis‚
436 1215 682 1289 sequitur
707 1213 853 1288 quod
881 1229 948 1271 ea
975 1229 1100 1287 quae
1135 1218 1264 1272 sunt
1287 1212 1380 1269 filii
1407 1204 1776 1269 hominis'non
1816 1219 2044 1287 possunt
2078 1214 2304 1271 attribui

301 1304 438 1362 Filio
469 1305 588 1370 Dei,
621 1318 720 1359 nec
746 1318 776 1358 e
803 1316 1086 1359 converso.
1115 1302 1236 1357 Non
1271 1316 1402 1371 ergo
1432 1302 1633 1373 poterit
1662 1300 1773 1357 dici
1812 1302 1959 1363 Deus
1985 1302 2299 1373 crucifixus,

302 1398 401 1451 aut
426 1398 588 1450 natus
631 1408 700 1450 ex
743 1391 984 1463 Virgine,
1027 1390 1174 1463 quod
1201 1395 1286 1446 est
1330 1390 1670 1447 Nestor-ianae
1708 1389 2033 1462 ,impiet-atis.
2076 1390 2132 1451 Si
2178 1392 2303 1466 quis

303 1486 490 1539 autem
517 1480 582 1537 ad
625 1481 740 1537 hoec
764 1479 948 1536 dicere
973 1477 1124 1545 velit,
1157 1477 1302 1550 quod
1334 1493 1396 1534 ea
1425 1494 1551 1551 quae
1578 1486 1704 1535 sunt
1732 1478 1966 1547 hominis
1988 1478 2152 1547 illiue,
2192 1479 2303 1537 filio

303 1570 402 1627 Dei
418 1568 807 1633 attribuuntur,
825 1573 881 1623 et
899 1582 1206 1625 econverso
1225 1572 1447 1639 propter
1475 1563 1739 1629 unitatem
1764 1583 2027 1641 personae,
2050 1570 2302 1648 quamvis

303 1660 412 1716 sint
439 1659 654 1716 diversa
681 1656 982 1731 supposita,
1012 1656 1116 1711 hoc
1152 1655 1370 1715 omnino
1399 1662 1549 1719 stare
1570 1672 1695 1721 ‚non
1724 1663 1930 1730 potest.⁸
1955 1656 2299 1715 Manifestum

303 1753 388 1805 est
429 1746 576 1805 enim
602 1746 746 1819 quod
776 1744 1116 1819 suppositum
1141 1752 1408 1802 aeternum
1437 1745 1557 1807 Filii
1586 1746 1685 1803 Dei
1718 1761 1824 1811 non
1845 1755 1930 1808 est
1958 1746 2104 1823 aliud
2135 1762 2299 1821 quam

301 1837 424 1911 ipsa
443 1837 832 1909 ejuspersona.
856 1834 1224 1906 Quaecumque
1247 1834 1414 1906 igitur
1438 1834 1695 1893 dicuntur
1720 1834 1789 1891 de
1808 1834 1943 1891 Filio
1966 1836 2065 1893 Dei
2090 1837 2301 1892 ratione

299 1940 421 1983 suae
460 1938 724 1997 personae,
754 1923 1062 1983 dicerentur
1091 1922 1160 1979 de
1189 1922 1308 1996 ipso
1336 1922 1547 1985 ratione
1586 1923 1851 1996 suppositi
1882 1940 1913 1988 ,ε
1946 1924 2041 1981 sed
2084 1914 2301 1995 eaquae

299 2020 432 2071 sunt
460 2012 694 2069 hominis
719 2026 823 2068 non
848 2012 1103 2069 dicuntur
1131 2009 1200 2066 de
1227 2025 1292 2067 eo
1340 2010 1552 2075 ratione
1590 2010 1877 2084 suppositi,
1922 2011 2053 2083 quia
2080 2011 2310 2085 ponitur-

299 2101 469 2159 Filius
497 2101 596 2157 Dei
639 2116 672 2159 a
708 2100 818 2157 filio
844 2100 1076 2157 hominis
1104 2098 1384 2173 supposito
1411 2099 1649 2157 differre.
1678 2099 1870 2172 Neque
1892 2098 2059 2169 igitur
2085 2099 2299 2155 ratione

301 2206 547 2266 personae
574 2190 641 2247 de
659 2190 797 2247 Filio
819 2191 918 2246 Dei
945 2190 1052 2247 dici
1075 2195 1348 2262 poterunt,
1377 2204 1504 2263 quae
1520 2195 1653 2259 ,sunt
1680 2187 1895 2261 propria
1917 2187 2015 2244 filii
2042 2187 2294 2257 hominis,

298 2287 363 2337 ut
391 2282 540 2338 nasci
566 2280 634 2337 de
661 2280 900 2351 Virgine,
924 2280 1082 2347 mori,
1107 2285 1162 2335 et
1184 2278 1402 2338 similia.
1430 2278 1621 2335 Adhuc
1644 2278 1690 2333 si
1716 2276 1784 2333 de
1808 2278 2087 2351 supposito
2116 2276 2299 2351 aliquo

301 2369 586 2443 temporali
628 2370 726 2426 Dei
757 2383 952 2426 nomen
978 2368 1321 2441 praedicetur,
1353 2368 1457 2426 hoo
1484 2368 1589 2426 erit
1617 2384 1807 2435 recens
1841 2374 1897 2423 et
1918 2384 2125 2430 ,novum
2158 2386 2169 2423 ε
2202 2368 2298 2425 sed

295 2473 460 2515 omne
499 2455 644 2531 quod
685 2462 935 2514 recenter
975 2463 1030 2513 et
1057 2458 1124 2513 de
1148 2470 1287 2514 novo
1315 2457 1517 2514 dicitur
1545 2459 1707 2527 Deus,
1750 2473 1856 2515 non
1884 2464 1967 2514 est
1994 2460 2159 2527 Deus,
2191 2458 2297 2516 nisi

299 2548 432 2620 quia
459 2546 662 2603 factum
687 2555 772 2604 est
797 2547 945 2603 Deus
975 2564 990 2602 ε
1023 2547 1168 2618 quod
1195 2553 1378 2604 autem
1403 2551 1489 2605 est
1520 2546 1725 2604 factum
1756 2548 1917 2614 Deus,
1951 2563 2056 2604 non
2086 2553 2168 2603 est
2196 2563 2297 2606 na·

300 2634 552 2693 turaliter
596 2636 758 2703 Beue,
805 2634 900 2691 sed
929 2650 1025 2708 per
1071 2634 1416 2708 adoptionem
1459 2636 1653 2692 solum.
1696 2636 1953 2708 Sequitur
1994 2651 2138 2707 ergo
2149 2637 2297 2708 quod

297 2722 394 2779 ille
416 2722 578 2781 homo
605 2738 708 2782 non
735 2724 896 2781 suerit
921 2739 1049 2780 vene
1069 2731 1124 2779 et
1151 2724 1474 2781 naturaliter
1500 2726 1666 2788 Deus,
1694 2724 1792 2780 sed
1814 2724 1989 2781 solum
2013 2739 2108 2797 per
2136 2724 2297 2799 adop-

301 2813 532 2879 tionem,
563 2812 704 2884 quod
733 2812 896 2869 etiam
922 2813 992 2869 ad
1021 2828 1260 2870 errorem
1287 2812 1523 2869 Nestorii
1548 2795 1806 2885 pertinet.

1002 2984 1283 3053 CAPUT
1365 2982 1594 3051 CCXI.

347 3118 525 3195 Quod
552 3119 618 3184 in
648 3118 888 3185 Christo
917 3126 1006 3185 est
1031 3126 1217 3184 unzcm
1249 3126 1487 3199 tantum
1507 3118 1910 3203 suppositum,
1940 3126 1997 3187 ot
2022 3125 2111 3188 est
2133 3137 2259 3189 una
2321 3194 2325 3198 ,

1033 3215 1269 3275 tantum
1285 3220 1569 3293 persona.

366 3339 490 3397 Sic
487 3339 670 3413 igitur
711 3348 928 3415 oportet
967 3344 1168 3412 dicere,
1203 3346 1377 3418 quod
1391 3344 1449 3401 in
1478 3344 1693 3403 Christo
1738 3360 1846 3405 non
1872 3346 2047 3404 solum
2088 3346 2173 3411 sit
2190 3364 2297 3409 una

275 3438 280 3445 ·
296 3442 527 3501 persona
551 3428 652 3485 Dei
689 3438 744 3486 et
772 3430 1027 3497 hominiS,
1057 3431 1153 3489 sed
1196 3434 1362 3490 etiam
1391 3448 1561 3494 unum
1588 3434 1947 3507 suppositum,
1977 3443 2031 3491 et
2054 3450 2163 3490 una
2190 3434 2299 3507 hy·-

287 3516 534 3588 -postasis
565 3532 579 3571 =
610 3522 1021 3582 naturaautem
1051 3535 1155 3577 non
1189 3537 1314 3590 una,
1353 3522 1451 3579 sed
1488 3522 1645 3586 duae„
1671 3523 1754 3580 Ad
1784 3525 1939 3596 cujus
1967 3522 2296 3589 evidentiam

295 3604 646 3662 considerare
685 3614 920 3677 oportet,
963 3608 1258 3681 quodffhaec
1295 3610 1515 3670 nomina
1560 3628 1811 3684 persona,
1862 3612 2193 3686 hypostasis,
2241 3620 2300 3670 et

295 3693 658 3766 suppositum,
691 3692 964 3767 integrum
997 3698 1270 3771 quoddam
1295 3698 1603 3771 designant.
1634 3702 1754 3757 Non
1787 3686 2295 3777 enimpotestdici,

293 3782 442 3857 quod
467 3798 680 3851 manuS,
713 3789 810 3841 aut
841 3801 990 3857 care,
1023 3794 1118 3843 aut
1157 3802 1517 3861 quaecumque
1543 3788 1773 3847 aliarum
1796 3789 2050 3863 ‚partium
2070 3789 2143 3853 sit
2168 3805 2297 3862 per-

293 3884 446 3941 sona.
476 3872 561 3933 vel
589 3872 924 3952 hypostasis,
955 3883 1050 3935 aut
1073 3875 1435 3951 suppositum,
1461 3876 1555 3931 sed
1586 3876 1687 3933 hoc
1712 3884 1885 3933 totum
1911 3875 2055 3950 quod
2098 3881 2181 3934 cst
2207 3876 2297 3933 hic

285 3958 584 4029 hommfln
611 3978 746 4025 vero
769 3962 990 4027 nomina
1015 3980 1142 4042 quae
1168 3970 1295 4029 sunt
1322 3964 1632 4031 communia
1648 3964 1925 4031 ‚individui
1958 3964 2296 4049 substantia-
