2850 4517
516 317 635 398 158
836 315 843 325 “
974 331 1045 379 ··ε.
1090 330 1324 381 'mona
1361 332 1690 385 sommus
1729 332 2045 381 oruscum

512 447 981 508 Considerandum
1018 449 1165 505 enim
1198 454 1300 518 est,
1328 452 1474 525 quod
1523 449 1658 507 nihil
1683 449 1936 523 prohibet
1972 447 2182 523 aliquid
2221 447 2528 507 secundum

513 539 808 596 essentiam
833 539 1047 595 finitum
1069 554 1209 607 esse,
1237 540 1387 613 quod
1422 545 1611 598 tamen
1641 538 1944 597 secundum
1982 540 2278 596 rationem·
2291 538 2530 611 alicujus

514 626 704 684 formae
732 628 1005 685 infinitum
1033 627 1240 685 existit.
1267 628 1548 686 Infinitum
1589 629 1736 685 enim
1759 628 2064 686 secundum
2091 628 2388 685 essentiam
2417 632 2524 695 est,

518 718 665 791 quod
705 717 871 775 habet
912 704 1087 775 totam
1113 704 1331 775 essendi
1360 718 1775 791 plenitudinem,
1809 719 1957 793 quod
1998 718 2222 791 quidem
2261 716 2364 774 soli
2409 718 2528 774 Deo

513 807 788 874 convenit,
817 806 914 880 qui
942 812 1026 863 est
1050 808 1229 879 ipsum
1254 822 1394 865 esse.
1420 809 1477 865 Si
1503 814 1688 865 autem
1717 813 1953 881 ponatur
1985 823 2109 865 esse
2133 806 2318 880 aliqua
2350 806 2529 863 forma

514 893 768 967 specialis
805 894 1003 950 nonin
1044 893 1291 965 subjecto
1329 893 1590 962 existenS,
1639 900 1772 968 puta
1809 893 2024 962 albedo,
2064 892 2151 951 vel
2201 892 2371 961 calor,
2413 908 2528 949 non

518 981 739 1055 quidem
766 982 969 1039 habere
998 983 1292 1040 essentiam
1317 982 1608 1051 infinitam,
1641 982 1771 1057 quia
1799 984 2038 1051 essentia
2064 983 2184 1055 ejus
2207 988 2353 1039 esset
2377 980 2529 1037 limi-

516 1078 634 1130 tata
674 1072 746 1129 ad
788 1087 978 1143 genuS,
1012 1071 1097 1127 vel
1126 1073 1385 1145 speciem,
1415 1072 1513 1128 sed
1545 1081 1727 1129 tamen
1754 1078 1929 1129 totam
1958 1070 2354 1145 plenitudinem
2379 1070 2528 1127 illius

516 1161 718 1235 speciei
751 1160 1074 1233 possideret,
1118 1161 1260 1217 unde
1298 1161 1600 1219 secundum
1641 1160 1911 1219 rationem
1939 1159 2144 1233 speciei
2183 1159 2394 1231 absque
2411 1164 2530 1214 ter-

518 1252 686 1318 mino,
718 1250 803 1307 vel
832 1266 1089 1307 mensura
1118 1258 1283 1321 esset,
1308 1249 1516 1307 habens
1547 1250 1817 1325 quidquid
1843 1249 1913 1307 ad
1943 1248 2094 1307 iilam
2129 1249 2368 1323 speciem
2395 1263 2528 1321 per-

517 1342 689 1397 tinere
719 1345 918 1413 potest.
945 1340 1001 1397 Si
1040 1345 1226 1397 autem
1255 1340 1312 1395 in
1346 1339 1531 1414 aliquo
1569 1340 1816 1412 subjecto
1855 1338 2154 1413 recipiatur
2201 1337 2416 1401 albede,
2441 1336 2526 1393 vel

519 1429 686 1497 calor,
719 1444 825 1483 non
861 1427 1029 1484 habet
1068 1444 1285 1501 semper
1319 1434 1498 1485 totum
1535 1429 1801 1503 quidquid
1843 1428 2082 1503 pertinet
2127 1426 2198 1485 ad
2252 1427 2528 1483 rationem

521 1518 684 1589 hujus
709 1516 897 1573 formae
926 1516 995 1574 de
1020 1517 1348 1574 necessitate
1375 1523 1434 1573 et
1457 1533 1691 1591 semper,
1717 1517 1814 1575 sed
1839 1516 2015 1575 solum
2044 1517 2263 1590 quando
2291 1516 2375 1573 sic
2396 1531 2530 1590 per-
2577 1528 2584 1535 ·

525 1607 666 1663 secte
716 1606 968 1674 habetur,
1005 1607 1149 1663 sicut
1202 1606 1444 1679 perfecte
1494 1605 1683 1663 haberi
1729 1610 1928 1680 potest,
1975 1605 2057 1663 ita
2115 1603 2328 1662 scilicet
2379 1604 2526 1677 quod

523 1696 716 1752 modus
738 1691 975 1752 habendi
998 1696 1253 1769 adaequet
1282 1696 1377 1753 rei-
1401 1696 1605 1753 habitae
1627 1701 1980 1770 potestatem.
2004 1694 2097 1751 Sic
2141 1693 2312 1767 igitur
2347 1693 2528 1765 gratia

520 1786 719 1843 Christi
771 1784 1067 1843 habitualis
1118 1786 1271 1841 finita
1314 1786 1538 1859 quidem
1577 1784 1682 1841 fuit
1727 1784 2029 1853 secundum
2073 1782 2392 1850 essentiam,
2431 1780 2530 1837 sed

523 1883 704 1932 tamen
723 1875 927 1932 dicitur
949 1874 1155 1948 absque
1194 1876 1425 1932 termino
1468 1881 1526 1931 et
1567 1886 1822 1930 mensura
1855 1873 2023 1930 fuisse
2057 1888 2070 1929 :
2102 1871 2234 1946 quia
2257 1870 2527 1945 quidquid

523 1965 591 2021 ad
618 1963 884 2023 rationem
913 1965 1108 2037 gratiae
1134 1972 1353 2039 poterat
1382 1966 1676 2037 pertinere,
1697 1972 1872 2021 totum
1889 1964 2139 2021 Christus
2157 1962 2393 2036 accepit.
2419 1960 2529 2018 Alii

524 2057 708 2111 a‘utem
750 2070 857 2111 non
885 2063 1059 2111 totum
1088 2055 1384 2128 accipiunt,
1411 2055 1506 2111 sed
1536 2054 1806 2134 unus'sic,
1833 2052 1971 2111 alius
2009 2060 2194 2110 autem
2234 2052 2338 2109 sic.
2366 2050 2532 2107 Divi-

520 2143 690 2200 siones
716 2143 855 2199 enim
897 2142 1206 2216 qratiarum
1234 2150 1381 2209 sunt,
1402 2151 1466 2199 ut
1503 2142 1705 2199 dicitur
1727 2143 1774 2198 Ι.
1814 2142 1884 2198 ad
1916 2141 2162 2198 Corinth.
2193 2156 2301 2198 xu.
2342 2138 2531 2197 Tertio

526 2238 710 2289 autem
739 2248 804 2289 ex
828 2238 986 2305 parte
1012 2246 1214 2289 causae.
1232 2232 1294 2287 In
1317 2246 1486 2289 causa
1509 2232 1655 2287 enim
1679 2230 2081 2306 quodammodo
2105 2229 2337 2287 habetur
2366 2229 2532 2285 effec-
2577 2245 2588 2257 ·

524 2328 633 2375 tus·
664 2320 1001 2392 Cuicumque
1030 2336 1159 2392 ergo
1188 2320 1345 2377 adest
1372 2336 1540 2377 causa
1568 2321 1798 2378 infinitae
1826 2319 2046 2377 virtutis
2073 2319 2143 2379 ad
2170 2319 2529 2386 induendum,

524 2406 688 2464 habet
720 2408 865 2481 quod
910 2400 1154 2464 innuitur
1196 2409 1403 2481 absque
1443 2425 1718 2478 mensura,
1747 2418 1802 2467 et
1842 2408 2247 2483 quodammodo
2293 2408 2528 2476 infinite,

527 2501 661 2569 puta
690 2496 737 2550 si
756 2496 881 2569 quis
904 2496 1129 2553 haberet
1148 2497 1352 2554 fontem
1380 2498 1474 2571 qui
1505 2513 1676 2572 aquas
1702 2500 1758 2554 in
1784 2496 2056 2555 infinitum
2081 2497 2302 2554 effluere
2321 2504 2530 2570 posset,

529 2600 730 2657 aquam
760 2584 966 2657 absque
1009 2602 1279 2654 mensura,
1312 2594 1368 2643 et
1407 2587 1620 2644 infinite
1666 2587 2070 2661 quodammodo
2113 2587 2390 2645 diceretur
2426 2585 2535 2643 ha·

526 2672 676 2728 bere.
701 2674 793 2730 Sic
818 2674 985 2745 igitur
1014 2676 1196 2731 anima
1231 2674 1435 2732 Christi
1473 2676 1742 2733 infinitam
1771 2684 1827 2733 et
1855 2676 2062 2750 absque
2103 2691 2358 2733 mensura
2399 2690 2534 2748 gra-

530 2760 665 2819 tiam
698 2760 865 2818 habet
900 2778 969 2819 ex
995 2761 1099 2819 hoc
1136 2764 1273 2835 ipso,
1306 2764 1452 2837 quod
1493 2764 1659 2821 habet
1699 2765 1926 2822 verbum
1973 2764 2078 2821 sibi
2117 2764 2350 2831 unitum,
2383 2764 2533 2838 quod

536 2857 618 2907 est
649 2851 817 2908 totius
846 2853 1207 2909 emanationis
1228 2862 1607 2911 creaturarum
1634 2853 1952 2911 indeficiens
1979 2862 2036 2911 et
2074 2852 2348 2911 infinitum
2375 2854 2536 2926 prin-

534 2939 756 3011 cipium.
784 2940 863 2995 Ex
890 2939 993 2996 hoc
1030 2948 1217 2999 autem
1256 2944 1401 3016 quod
1444 2942 1621 3014 gratia
1645 2942 1936 3014 singularis
1977 2942 2176 2999 animae
2213 2941 2419 2999 Christi
2448 2948 2535 2999 est

532 3027 707 3083 modis
733 3028 1013 3099 praedictis
1052 3029 1282 3096 infinita,
1315 3030 1598 3086 evidenter
1627 3030 1901 3103 colligitur
1929 3030 2075 3103 quod
2112 3030 2288 3102 gratia
2337 3029 2531 3102 ipsius,

530 3114 828 3170 secundum
871 3116 1018 3189 quod
1056 3125 1140 3173 est
1178 3117 1440 3175 Ecclesiae
1475 3128 1662 3191 caput,
1698 3126 1784 3175 est
1823 3119 1993 3177 etiam
2043 3118 2278 3175 infinita.
2304 3118 2388 3175 Ex
2430 3118 2536 3175 hoc

530 3204 677 3258 enim
714 3205 859 3275 quod
896 3205 1079 3273 habet,
1107 3208 1357 3265 effundit.
1383 3208 1542 3265 Unde
1583 3210 1714 3283 quia
1757 3208 1966 3282 absque
2008 3223 2264 3267 mensura
2304 3207 2538 3281 spiritus

530 3291 673 3347 dona
715 3294 1134 3366 accepit,habet‘
1167 3296 1427 3353 virtutem
1468 3298 1676 3370 absque
1715 3313 1970 3355 mensura
2017 3296 2350 3366 effundendi,
2383 3297 2534 3371 quod

533 3380 601 3435 ad
632 3382 865 3451 gratiam
894 3384 1090 3456 capitis
1115 3386 1367 3458 pertinet,
1392 3392 1454 3443 ut
1481 3386 1691 3443 scilicet
1717 3402 1816 3443 sua
1844 3387 2026 3459 gratia
2057 3401 2164 3443 non
2193 3386 2370 3443 solum
2393 3386 2538 3443 suffi-

532 3468 644 3525 ciat
690 3470 759 3526 ad
800 3472 1035 3527 salutem
1076 3473 1353 3531 hominum
1388 3476 1718 3549 aliquorum,
1751 3475 1848 3531 sod
1877 3475 2046 3533 etiam
2101 3474 2271 3532 totius
2316 3477 2532 3543 mundi,

530 3559 829 3614 secundum
874 3560 1003 3616 illud
1048 3562 1251 3619 IJoan.
1288 3579 1333 3620 11
1372 3582 1383 3619 :
1416 3566 1491 3620 Et
1535 3565 1645 3637 ipse
1681 3571 1758 3623 est
1787 3564 2111 3638 propitiatio
2150 3581 2257 3637 pro
2301 3566 2538 3637 peccatis

516 3647 751 3712 nostris,
781 3655 834 3704 et
851 3665 957 3703 non
979 3650 1145 3706 solum
1168 3668 1271 3723 pro
1294 3653 1514 3717 nostris,
1539 3653 1629 3708 sed
1651 3652 1809 3708 etiam
1833 3669 1938 3725 pro
1965 3652 2126 3709 totius
2155 3650 2362 3707 oriundi.
2387 3652 2535 3708 Addi

533 3744 719 3797 autem
742 3746 797 3795 et
821 3745 1023 3813 potest,
1047 3739 1283 3812 plurium
1309 3742 1655 3810 mundorum,
1684 3743 1730 3801 si
1761 3748 1962 3801 essent.
