2850 4517
488 319 609 379 448
968 334 1021 377 s.
1064 330 1299 375 moiun
1336 328 1667 379 munem-rs
1707 328 2018 373 oruscum

488 449 614 524 plex
649 450 827 524 panis,
870 447 1084 505 scilicet
1132 444 1567 515 sacramentalis,
1613 451 1674 501 et
1711 445 1872 519 panis
1907 445 2062 501 verbi
2101 446 2226 503 Dei.
2265 448 2520 503 Petimus

488 554 621 612 crgo
658 553 857 611 panem
914 543 1163 593 nostrum
1202 534 1682 602 sacramentalem,
1737 533 1833 607 qui
1879 535 2128 607 quotidie
2171 535 2227 591 in
2265 535 2520 592 Ecclesia

488 627 795 694 conficitur,
844 632 906 681 ut
958 626 1104 682 sicut
1158 624 1293 681 illud
1338 624 1640 696 accipimus
1684 624 1745 678 in
1797 629 2167 691 sacramento,
2211 624 2291 681 ita
2349 626 2518 680 detur

493 715 648 771 nobis
684 714 755 772 ad
780 714 1037 771 salutem.
1063 713 1222 770 Joan.
1254 729 1313 771 vt
1358 730 1375 768 :
1406 713 1517 785 Eyo
1537 712 1836 784 sumpam'a
1857 712 2009 767 vivus
2029 714 2126 784 qui
2159 712 2224 768 do
2243 712 2368 769 coelo
2389 713 2520 769 des-

491 804 661 861 cendi.
683 804 707 860 1
730 805 854 861 Cor.
882 819 948 861 ιι
974 821 988 858 :
1022 802 1130 869 Qui
1148 802 1438 859 manducat
1458 808 1510 858 et
1533 800 1663 856 bibit
1683 799 1922 873 indique,
1935 801 2207 873 judicium
2233 800 2337 857 sibi
2351 818 2518 857 man·

494 894 655 951 ducat
682 899 734 950 et
768 892 921 949 bibit.
962 893 1099 949 Item
1134 892 1275 948 alius
1300 891 1460 963 panis
1495 896 1582 946 est
1607 886 1846 946 verbum
1875 891 1998 945 Dei.
2041 892 2173 947 Mat.
2213 907 2272 946 iv
2319 908 2334 943 z
2381 891 2516 948 Non

493 981 555 1038 in
594 982 701 1037 solo
739 980 1041 1053 pane-vivit
1080 980 1248 1047 homo,
1289 980 1382 1037 sed
1409 979 1470 1035 in
1497 977 1644 1035 omni
1681 978 1838 1034 verbo
1857 978 2014 1050 'quod
2047 978 2290 1052 procedit
2329 979 2393 1034 do
2419 994 2518 1034 ore

500 1069 621 1127 Dei.
652 1069 895 1127 Petimus
920 1084 1067 1140 erg0,
1100 1075 1161 1124 ut
1196 1068 1355 1125 nobis
1385 1066 1480 1124 det
1517 1081 1716 1139 panem
1753 1066 1814 1123 id
1836 1074 1924 1123 est
1951 1068 2178 1123 verbum
2205 1082 2368 1122 suum
2387 1072 2426 1127 ἰ
2446 1082 2519 1122 ex

499 1158 601 1214 hoc
646 1163 833 1215 autem
868 1156 1122 1230 provenit
1156 1156 1364 1213 homini
1406 1153 1711 1223 beatitudo,
1757 1170 1882 1228 quae
1927 1161 2013 1211 est
2049 1154 2222 1211 fames
2256 1155 2513 1227 justitiae.

496 1246 637 1303 Nam
684 1260 949 1318 posquam
988 1244 1299 1318 spiritualia
1343 1242 1634 1311 habentur,
1680 1245 1858 1317 magis
1891 1243 2294 1310 desiderantur,
2344 1249 2402 1298 et
2445 1258 2520 1299 ex

499 1334 600 1391 hoc
626 1333 899 1392 desiderio
928 1335 1178 1408 provenit
1220 1330 1414 1399 sames,
1461 1341 1521 1390 et
1547 1348 1617 1388 ex
1649 1331 1798 1389 fame
1824 1332 2052 1389 satietas
2091 1332 2222 1389 vitae
2261 1336 2514 1391 oetcrnae.

1248 1527 1485 1623 Quinta
1523 1528 1766 1607 petitio.

575 1690 649 1747 Et
676 1687 887 1745 dimitte
912 1686 1064 1744 nobis
1090 1686 1266 1744 debita
1302 1694 1512 1753 nostra,
1550 1687 1689 1745 sicut
1727 1694 1781 1744 et
1819 1700 1916 1743 nos
1946 1686 2270 1744 dimittimus
2307 1687 2522 1745 debito-

502 1779 651 1836 ribus
672 1777 891 1835 nostris.
922 1777 1277 1835 Inveniuntur
1306 1776 1477 1849 aliqui
1507 1790 1720 1847 magnae
1742 1775 2030 1847 sapientiae
2055 1785 2111 1832 at
2133 1768 2478 1833 fortitudinis
2504 1796 2519 1832 ε

502 1878 557 1931 et
584 1869 715 1943 quia
742 1866 905 1923 nimis
930 1865 1212 1923 confidunt
1238 1864 1307 1921 de
1338 1866 1544 1921 virtute
1589 1880 1711 1931 sua,
1743 1880 1852 1920 non
1889 1873 2060 1936 agunt
2088 1864 2366 1938 sapienter
2393 1874 2522 1939 q'uae

502 1963 691 2029 agunt,
709 1970 809 2011 nac
824 1953 1288 2027 perducuntquod
1308 1952 1599 2010 intendunt
1621 1952 2188 2025 adcomplementum.
2213 1955 2376 2009 Prov.
2393 1969 2518 2010 xx:

462 2050 465 2057 '
504 2043 863 2118 Coqitationes
902 2043 1139 2101 consiliis
1184 2042 1538 2099 robovmamur
1573 2041 1682 2099 Sed
1727 2041 2049 2109 notandum,
2098 2042 2245 2117 quod
2285 2044 2526 2115 Spiritus

502 2133 736 2193 Sanctus
775 2133 870 2207 qui
917 2132 1013 2189 dat
1040 2125 1437 2199 fortitudinem,
1475 2130 1574 2187 dat
1618 2130 1786 2187 etiam
1822 2126 2131 2187 consilium.
2175 2132 2318 2187 Nam
2361 2146 2524 2187 omne

505 2224 708 2279 bonum
734 2220 1023 2279 consilium
1051 2220 1121 2277 de
1148 2219 1327 2277 salute
1369 2218 1650 2275 hominum
1677 2227 1762 2275 est
1797 2234 1830 2275 a
1869 2217 2080 2290 Spiritu
2115 2220 2342 2275 Sancto.
2372 2219 2526 2276 Tunc

506 2318 688 2369 autem
730 2307 1019 2365 consilium
1056 2313 1141 2364 est
1177 2306 1383 2365 homini
1412 2308 1802 2375 necessarium,
1833 2307 2058 2379 quando
2094 2308 2262 2363 estin
2293 2308 2526 2365 tribula-

510 2398 675 2465 tione,
724 2395 867 2451 sicut
902 2394 1189 2452 consilium
1220 2394 1556 2451 medicorum
1598 2398 1724 2452 cum
1769 2395 2323 2469 aliquis'infirmatur.
2367 2395 2526 2460 Unde

507 2492 563 2543 et
604 2484 763 2542 homo
790 2496 918 2539 cum
942 2481 1301 2555 spiritualiter
1342 2482 1650 2539 infirmetur
1677 2499 1774 2557 per
1817 2492 2122 2557 peccatum,
2158 2482 2322 2539 debet
2357 2498 2524 2557 quae-

506 2588 627 2631 rere
650 2571 936 2629 consilium
956 2577 1018 2627 ut
1040 2578 1263 2629 sanetur
1290 2590 1303 2628 ε
1326 2571 1616 2629 consilium
1637 2579 1821 2630 autem
1847 2574 2123 2646 peccatori
2153 2576 2526 2630 necessarium

506 2658 837 2728 ostenditur,
890 2660 1105 2717 Daniel.
1159 2676 1240 2727 nv,
1284 2676 1409 2718 cum
1457 2660 1661 2717 dicitur
1701 2678 1714 2716 :
1760 2660 2058 2733 Comitium
2101 2677 2274 2719 meum
2313 2660 2528 2733 placcat

508 2750 629 2815 tibi,
652 2764 771 2807 rex.
802 2750 1140 2807 Peccata'iua
1162 2750 1491 2823 eleemosynis
1517 2750 1734 2807 redime.
1767 2749 2050 2833 Optimum
2079 2768 2211 2823 ergo
2231 2751 2528 2807 consilium

506 2842 967 2912 cantrapsccata'
995 2846 1081 2896 est
1126 2839 1494 2913 eleemosyna,
1515 2848 1570 2895 et
1598 2839 1974 2897 misericordia
2006 2857 2020 2895 z
2045 2848 2104 2897 et
2129 2840 2256 2895 ideo
2287 2840 2530 2913 Spiritus

508 2929 743 2985 Sanctus
784 2926 955 2983 docet·
981 2936 1299 2998 peccatores
1338 2934 1528 2999 petere
1573 2932 1630 2982 et
1661 2941 1820 2985 orare
1856 2944 1870 2982 :
1901 2927 2126 2983 Dimitte
2163 2927 2313 2983 nobis
2349 2926 2530 2983 debita

511 3023 715 3073 nostra.
753 3015 1030 3072 Debemus
1054 3021 1243 3072 autem
1272 3015 1388 3072 Deo
1416 3014 1556 3071 ‘illud
1586 3015 1735 3089 quod
1773 3014 2074 3072 auferimus
2115 3015 2187 3071 de
2215 3018 2344 3087 jure
2377 3030 2526 3071 suo:

505 3105 599 3176 jus
626 3112 811 3161 autem
830 3104 939 3160 Dei
972 3108 1057 3161 est
1085 3115 1147 3160 ut
1174 3102 1441 3161 faciamus
1479 3102 1822 3161 voluntatem
1843 3118 2002 3161 suam
2032 3103 2374 3177 prael'erendo
2403 3120 2532 3160 eam

511 3191 779 3248 voluntati
809 3197 1031 3249 nostrae.
1062 3190 1374 3249 Auferimus
1404 3196 1536 3263 er'go
1557 3191 1672 3249 Deo
1695 3192 1788 3263 jus
1819 3206 2001 3263 suum,
2029 3207 2158 3249 cum
2181 3190 2532 3264 praererimus

516 3278 853 3338 voluntatem
876 3286 1120 3337 nostram
1150 3277 1419 3337 voluntati
1449 3294 1586 3346 suae,
1617 3286 1674 3335 et
1704 3278 1809 3336 hoc
1833 3289 1918 3337 est
1944 3287 2270 3354 peccatum;
2297 3290 2534 3353 peccata

512 3382 643 3439 ergo
681 3372 809 3427 sunt
845 3364 1031 3425 debita
1071 3374 1277 3425 nostra.
1321 3368 1417 3424 Est
1462 3382 1596 3440 ergo
1637 3368 1925 3425 consilium
1959 3368 2197 3442 Spiritus
2223 3367 2432 3433 Sancti,
2467 3374 2534 3427 ut

510 3462 767 3531 patamus
811 3471 846 3513 a
873 3455 988 3513 Deo
1015 3456 1233 3513 veniam
1274 3464 1667 3530 peccatorum:
1711 3463 1770 3512 et
1812 3457 1940 3513 ideo
1973 3457 2255 3513 dicimus:
2295 3456 2538 3515 Dimitte

512 3543 659 3601 nobis
687 3542 863 3601 debita
898 3551 1104 3601 nostra.
1150 3544 1440 3601 Possumus
1481 3552 1665 3602 autem
1705 3544 1762 3601 in
1787 3543 1876 3601 his
1905 3544 2087 3602 verbis
2116 3545 2226 3603 tria
2269 3546 2538 3603 conside-

516 3645 660 3686 rare.
702 3631 945 3689 Primum
985 3638 1121 3702 est,
1133 3648 1305 3705 quare
1346 3633 1408 3689 fit
1449 3632 1568 3690 haec
1610 3634 1854 3707 petitio·
1885 3635 2206 3702 secundum,
2251 3635 2538 3707 quomodo

513 3717 806 3793 impleatur
846 3736 857 3774 :
906 3721 1127 3778 tertium
1151 3728 1255 3788 est,
1288 3721 1420 3794 quid
1457 3721 1756 3795 requiritur
1783 3737 1850 3779 ox
1892 3732 2051 3797 parte
2081 3731 2272 3779 nostra
2313 3728 2379 3778 ut
2419 3722 2540 3779 im-

514 3804 749 3873 pleatur.
774 3808 932 3866 Circa
954 3810 1194 3883 'primum
1216 3810 1519 3879 sciendum,
1546 3811 1696 3885 quod
1717 3826 1792 3867 ex
1817 3810 1920 3868 hac
1941 3812 2210 3885 petitione
2237 3825 2540 3883 possumus

514 3887 625 3945 duo
650 3891 925 3964 colligere,
964 3912 1091 3969 quae
1118 3900 1427 3959 necessaria
1449 3905 1579 3959 sunt
1615 3897 1924 3961 hominibus
1955 3900 2014 3955 in
2039 3901 2154 3960 vita
2189 3900 2320 3959 ista.
2351 3900 2536 3959 Unum
