2850 4517
508 373 629 438 360
988 386 1038 430 s.
1084 383 1317 429 ¹1·quAE
1358 384 1688 434 somnitus
1728 384 2039 429 croscum

508 514 661 564 mans
689 505 871 569 lucem,
899 508 951 559 et
992 516 1179 557 creans
1207 500 1469 565 tenebras,
1494 498 1700 573 faciens
1731 516 1935 572 pacem,
1965 507 2016 557 et
2045 517 2233 557 creans
2267 502 2468 559 malum
2497 516 2516 558 .·

512 596 641 667 quia
679 594 793 666 ipse
841 590 1138 647 secundum
1178 606 1333 646 suam
1370 589 1645 661 justitiam
1685 588 1882 661 infligit
1923 590 2124 647 malum
2170 606 2367 664 poenae,
2393 606 2518 645 cum

511 698 631 739 esse
666 682 932 754 conspicit
974 681 1036 737 -in
1082 696 1182 736 sua
1218 686 1474 735 creatura
1516 682 1719 733 malurn
1763 677 1956 750 culpae.
1989 678 2208 734 Tertius
2246 687 2331 736 est
2370 694 2521 734 error

511 768 1187 843 Anthi-opomorphitarum
1241 766 1559 841 ponentium
1603 782 1772 821 unum
1822 768 2016 835 Deum,
2063 768 2160 822 sed
2220 767 2522 824 dicentium
2617 782 2623 789 ·

510 878 637 918 eum
660 875 1001 931 corporeum,
1030 866 1087 915 et
1114 857 1182 915 ad
1214 856 1435 912 modum
1459 855 1683 911 humani
1717 856 1963 929 corporis
1986 856 2300 923 formatum,
2328 864 2550 914 contra·

510 966 649 1023 quos
676 949 898 1015 dicitur,
922 949 1079 1003 Joan.
1108 963 1165 1003 ιν
1199 962 1211 1000 :
1244 944 1482 1017 Spiritus
1519 950 1595 1001 est
1623 944 1786 1009 Deus,
1817 950 1873 1000 et
1915 945 2022 1001 Isa.
2055 960 2132 1001 xl,
2165 964 2178 1000 ·.
2213 944 2319 1001 Cui
2367 945 2521 1001 simi-

512 1041 607 1096 lem
648 1036 852 1111 fecistis
899 1024 1083 1100 Deum,
1115 1040 1211 1090 aut
1247 1049 1402 1107 quam
1449 1031 1734 1105 imayinem
1772 1035 1984 1105 ponetis
2021 1033 2113 1090 ei?
2151 1033 2395 1104 Quartus
2438 1042 2524 1091 est

513 1130 663 1184 error
690 1126 1080 1198 Epicureorum
1107 1122 1423 1194 ponentium
1447 1122 1593 1195 quod
1621 1123 1766 1177 Deus
1789 1138 1893 1177 non
1917 1121 2084 1178 habet
2119 1122 2518 1195 providentiam

513 1221 569 1269 et
595 1212 881 1269 scientiam
910 1211 977 1265 de
1006 1208 1168 1265 rebus
1194 1207 1467 1275 humanis,
1499 1216 1692 1264 contra
1720 1207 1865 1281 quod
1891 1207 2157 1276 dicitur,1
2190 1210 2307 1263 Pet.
2330 1208 2516 1267 ultim:

515 1302 735 1357 Omnem
758 1298 1169 1356 sollicitudinem
1198 1296 1546 1371 projicientes
1575 1296 1636 1351 in
1659 1313 1795 1363 eum,
1826 1303 2072 1369 quoniam
2118 1296 2223 1369 ipsi
2269 1314 2403 1353 cura
2447 1306 2521 1355 est

514 1388 766 1455 clevobis.
800 1387 1034 1457 Quintus
1057 1402 1207 1442 error
1234 1392 1319 1441 est
1346 1386 1710 1459 quorumdam
1739 1384 2042 1441 Gentilium
2071 1384 2520 1459 Philosophorum

516 1478 816 1535 dicentium
839 1477 1011 1531 Deum
1040 1490 1147 1530 non
1188 1490 1319 1537 esse,
1348 1474 1797 1548 omnipotentem,
1830 1474 1931 1529 sed
1952 1474 2099 1547 quod
2137 1474 2315 1531 solum
2344 1485 2519 1548 potest

498 1578 584 1623 'ea
606 1582 731 1639 quae
760 1564 1085 1622 naturaliter
1125 1564 1278 1633 fiunt,
1310 1571 1504 1620 contra
1550 1578 1688 1637 quos
1734 1563 1940 1619 dicitur
1974 1564 2031 1619 in
2074 1564 2218 1621 Psal.
2246 1581 2517 1645 cxxmu:

518 1656 715 1711 Omnia
732 1668 1059 1725 quascumque
1083 1651 1250 1710 voluit
1273 1652 1532 1709 Dominus
1559 1652 1707 1723 fecit.
1725 1652 1929 1709 Omnes
1958 1652 2127 1725 igitur
2159 1652 2216 1709 hi
2257 1653 2518 1725 derogant

516 1743 715 1801 unitati
740 1742 939 1799 divinae
966 1743 1238 1809 essentiae,
1262 1742 1345 1797 vel
1372 1741 1694 1813 perfectioni
1718 1758 1729 1796 :
1752 1740 1894 1797 unde
1925 1748 2116 1798 contra
2141 1758 2334 1798 omnes
2363 1744 2518 1815 poni-

519 1834 685 1889 turin
714 1830 971 1906 Symbolo
998 1848 1013 1887 :
1040 1830 1213 1887 Credo
1234 1830 1295 1887 in
1316 1846 1486 1887 unum
1512 1830 1734 1887 Patrem
1750 1830 2175 1903 omnipotentem.

586 1921 867 1979 Secundus
896 1920 1161 1977 articulus
1184 1925 1286 1989 est,
1319 1918 1466 1992 quod
1491 1924 1620 1997 sunt
1645 1927 1758 1975 tres
1786 1934 2034 1992 personae
2073 1918 2276 1977 divinae
2315 1920 2372 1976 in
2419 1937 2520 1977 una

519 2010 777 2077 essentia,
804 2008 1105 2065 secundum
1134 2007 1286 2076 illud,
1313 2009 1334 2064 1
1358 2009 1516 2064 Joan.
1549 2007 1727 2063 ultim.
1761 2024 1777 2064 τ
1817 2008 1947 2065 Tres
1987 2016 2121 2065 sunt
2163 2008 2256 2081 qui
2287 2010 2521 2068 testimo-

519 2098 671 2155 nium
698 2098 829 2154 dant
863 2096 923 2153 in
948 2098 1091 2163 coelo,
1120 2096 1307 2163 Pater,
1340 2096 1587 2163 Verbum,
1613 2104 1669 2153 et·
1704 2096 1944 2169 Spiritus
1969 2097 2213 2165 Sanctus,
2245 2106 2299 2156 et
2339 2100 2396 2157 hi
2421 2107 2522 2155 tres

519 2204 687 2245 unum
717 2194 861 2244 sunt.
888 2188 1090 2243 Contra
1127 2186 1273 2243 hune
1314 2194 1499 2243 autem
1541 2185 1834 2242 articulum
1874 2194 2002 2243 sunt
2051 2186 2234 2258 plures
2290 2204 2518 2244 errores⁸

505 2268 733 2332 'Primus
755 2276 859 2331 fuit
890 2274 1129 2343 Sabellii,
1156 2274 1253 2347 qui
1295 2274 1478 2346 posuit
1513 2290 1681 2331 unam
1719 2275 2031 2343 essentiam,
2063 2275 2159 2331 sed
2201 2276 2522 2333 Trinitatem

520 2378 877 2438 personarum
898 2364 1138 2433 negavit,
1170 2362 1357 2419 dicens
1380 2362 1528 2435 quod
1558 2379 1667 2419 una
1709 2378 1940 2436 persona
1969 2336 2298 2438 qua⁶ndoque
2327 2366 2523 2422 dicitur

520 2454 703 2522 Pater,
734 2450 1061 2524 quandoque
1096 2449 1283 2516 Filius,
1316 2452 1646 2525 quandoque
1687 2453 1922 2525 Spiritus
1963 2454 2215 2511 Sanctus.
2242 2454 2522 2521 Secundus

522 2547 606 2596 est
631 2554 783 2595 error
828 2540 991 2607 Arrii,
1024 2539 1119 2611 qui
1155 2538 1334 2612 posuit
1382 2547 1494 2595 tres
1539 2556 1818 2613 personaS,
1850 2542 1946 2598 sed
1997 2543 2220 2615 negavit
2251 2542 2519 2602 unitatem

522 2629 795 2693 essentiae,
824 2625 1011 2683 dicens
1039 2627 1209 2683 filium
1246 2644 1369 2685 esse
1390 2628 1617 2685 alterius
1658 2630 1984 2688 substantias
2025 2646 2058 2687 a
2095 2638 2273 2705 patre,
2306 2638 2364 2689 et
2407 2650 2517 2689 esse

522 2724 853 2782 creaturam,
885 2720 939 2770 et
962 2714 1228 2771 minorem
1272 2720 1446 2787 patre,
1475 2722 1528 2773 et
1572 2715 1677 2773 sibi
1719 2732 1826 2773 non
1860 2718 2217 2792 coaequalem,
2242 2736 2346 2777 nec
2382 2736 2518 2776 coae-

526 2814 761 2873 ternum,
800 2804 897 2861 sed
926 2806 1070 2879 quod
1100 2806 1325 2878 incoepit
1368 2822 1490 2863 esse
1519 2812 1810 2880 postquam
1853 2824 1960 2865 non
2001 2808 2202 2877 fuerat,
2236 2817 2292 2867 et
2339 2818 2516 2867 contra

524 2896 621 2951 hos
646 2895 783 2951 duos
814 2910 1026 2951 errores
1066 2894 1202 2950 dicit
1229 2895 1512 2965 DominuS‚
1537 2896 1693 2951 Joan.
1727 2912 1768 2952 x
1795 2913 1808 2951 ε
1836 2896 1952 2969 Epo
1981 2904 2034 2954 et
2055 2905 2220 2971 pater
2246 2914 2414 2955 unum
2432 2914 2516 2971 su-

526 3000 660 3050 mus,
686 2984 816 3057 quia
840 2991 901 3039 ut
920 2982 1055 3038 dicit
1079 2985 1309 3054 August.
1342 2984 1489 3056 quod
1517 2982 1652 3039 dicit
1673 3000 1864 3051 unum,
1888 2984 2084 3042 liberat
2114 2992 2169 3042 te
2213 2986 2283 3043 ab
2321 2987 2474 3043 Arrio
2503 3002 2514 3039 z

526 3073 669 3145 quod
715 3072 852 3128 dicit
888 3065 1085 3137 sumus,
1134 3071 1436 3144 pluraliter,
1479 3071 1674 3129 liberat
1719 3080 1774 3129 te
1812 3089 1844 3129 a
1891 3072 2150 3129 Sabellio,
2182 3074 2404 3131 Tertius
2443 3080 2518 3129 est

526 3176 677 3217 error
716 3161 987 3227 Eunomii,
1024 3160 1117 3233 qui
1145 3160 1329 3233 posuit
1366 3160 1538 3216 filium
1576 3161 1896 3219 dissimilem
1936 3162 2101 3236 patri,
2131 3168 2327 3221 contra
2369 3177 2516 3237 quem

525 3250 747 3317 dicitur,
776 3248 1050 3305 Colossen.
1082 3265 1103 3305 ι
1133 3267 1146 3305 :
1179 3249 1285 3315 Qui
1324 3257 1401 3306 est
1447 3249 1621 3321 imaqo
1662 3250 1763 3307 Dei
1802 3250 2109 3308 invisibilis.
2157 3252 2417 3322 QuartuS,
2443 3259 2517 3307 est

524 3353 679 3394 error
712 3336 1032 3405 Macedouii,
1061 3338 1157 3409 qui
1190 3336 1373 3409 posuit
1412 3337 1676 3409 Spiritum
1722 3340 1983 3396 Sanctum
2029 3356 2149 3396 esse
2191 3348 2514 3409 creaturam,

526 3433 716 3483 contra
744 3441 907 3499 quem
932 3424 1153 3491 dicitur,
1176 3424 1225 3479 11
1254 3424 1496 3480 Corinth.
1523 3440 1594 3481 111
1623 3444 1636 3481 :
1663 3426 1926 3484 Dominus
1963 3435 2143 3485 aute-m
2179 3429 2408 3503 spiritus
2429 3434 2519 3486 est·

526 3514 759 3585 Quintus
786 3519 872 3570 est
895 3528 1046 3569 error
1069 3512 1407 3579 Graecorum,
1442 3514 1536 3585 qui
1566 3514 1756 3571 dicunt
1798 3516 2060 3589 Spiritum
2105 3514 2369 3575 Sanctum
2401 3532 2521 3591 pro-

526 3604 721 3661 cedere
749 3619 783 3660 a
806 3609 983 3675 patre,
1016 3600 1112 3657 sed
1151 3616 1257 3657 non
1294 3614 1325 3657 a
1362 3600 1495 3669 filie,
1529 3608 1721 3659 contra
1763 3620 1902 3677 quos
1941 3604 2160 3675 dicitur,
2182 3607 2343 3664 Joan.
2383 3621 2517 3663 xlv:

532 3691 838 3749 Paraelitus
883 3697 1061 3747 autem
1099 3688 1337 3761 Spiritus
1374 3689 1619 3757 Sanctus,
1647 3708 1798 3764 quem
1839 3694 2018 3751 mittet
2047 3700 2212 3767 pater
2235 3695 2296 3751 in
2325 3693 2521 3750 nomine

532 3796 657 3846 meo,
688 3780 818 3852 quia
842 3778 1051 3835 scilicet
1074 3793 1200 3834 eum
1241 3776 1411 3835 mittit
1436 3786 1612 3851 pater,
1643 3796 1924 3855 nunquam
1965 3782 2218 3856 spiritum
2267 3782 2382 3851 filii,
2415 3789 2467 3837 et
2491 3797 2520 3836 a

534 3868 641 3923 filio
666 3868 1069 3939 procedentem.
1098 3873 1151 3923 et
1184 3868 1341 3925 Joan.
1374 3884 1496 3937 xvi,
1529 3868 1732 3927 dieitur
1762 3886 1776 3925 ε
1805 3870 1896 3926 iile
1925 3886 2005 3927 me
2037 3870 2377 3942 clarificabit,
2404 3868 2522 3941 quia

532 3954 595 4009 cie
605 3969 717 4009 meo
732 3954 983 4026 accipiet.-
996 3960 1053 4012 et
1072 3964 1261 4014 contra
1282 3972 1472 4015 omnes
1489 3972 1702 4015 errores
1721 3957 1776 4013 in
1793 3957 2050 4032 Symbolo
2068 3958 2302 4017 dicitur:
2319 3980 2346 4013 ιι
2363 3956 2521 4016 Credo
