2850 4517
724 399 780 448 ·1.
811 419 890 434 -
916 405 1321 455 ceurennum
1358 407 1738 464 ‘rnnomem'z
2123 415 2240 478 197

231 533 418 576 omnes
436 517 577 591 justi
590 517 938 592 judicabunt,
956 525 1260 582 secundum
1287 527 1421 586 illud
1441 531 1569 606 Sap.
1595 550 1684 591 ιιι.
1712 537 2038 602 Iudicabunt
2063 552 2238 608 sancti

230 607 487 664 nationes.
518 607 755 678 Quidam
782 625 914 666 vere
942 611 1292 684 judicabunt,
1326 621 1486 691 quasi
1525 623 1876 694 Judiciariam
1908 639 2234 702 potestatem

229 697 603 772 accipientesa
620 697 857 766 Christo,
873 701 1175 760 secundum
1205 704 1337 762 illud
1363 708 1508 772 Psal.
1531 727 1710 770 cxmx
1730 716 1942 776 :aladii
1973 725 2233 797 ancipites

228 785 281 840 in
306 785 554 841 manibus
584 802 793 848 eorum5
814 789 967 844 Hanc
996 799 1179 848 autem
1214 793 1467 853 ultimam
1505 799 1860 871 judiciariam
1904 817 2234 881 potestatem

227 875 487 930 Dominus
510 874 787 947 Apostolis
814 879 1146 950 repromisit,
1174 882 1329 939 Matt.
1372 900 1500 944 xlx.
1541 888 1732 948 dicens
1761 909 1779 949 ε
1817 893 1918 953 Vos
1949 899 2043 971 qui
2067 904 2234 962 secuti

228 963 341 1020 estis
362 979 467 1030 me,
489 963 550 1019 in
572 968 973 1037 reqeneratione
997 983 1113 1026 cum
1139 971 1340 1030 sederit
1366 974 1516 1046 filius
1545 977 1776 1038 hominis
1807 981 1868 1040 in
1887 987 2006 1044 sede
2031 992 2232 1064 majes-

227 1051 347 1108 tatis
364 1067 500 1123 sace,
525 1051 771 1108 sedebitis
794 1060 847 1111 et
870 1072 961 1111 vos
981 1073 1145 1129 super
1164 1060 1309 1116 sedes
1324 1062 1599 1122 duodecim
1617 1068 2230 1140 judicantes'duodeoim

226 1141 387 1196 tribus
411 1141 604 1198 Israel.
629 1143 751 1198 Non
774 1151 857 1200 est
882 1151 1069 1201 autem
1090 1149 1500 1221 aestimandum,
1533 1157 1683 1228 quod
1708 1159 1808 1216 soli
1833 1163 1864 1217 J
1871 1163 2012 1222 udaei
2037 1170 2130 1242 qui
2155 1169 2228 1229 ad

224 1229 506 1287 duodecim
537 1229 713 1286 tribus
754 1232 921 1288 Israel
964 1235 1259 1306 pertinent,
1294 1256 1393 1312 per
1430 1244 1722 1315 Apostolos
1755 1249 2094 1324 judicentur,
2127 1260 2223 1316 sed

223 1334 307 1389 per
346 1319 641 1394 duodecim
684 1319 857 1376 tribus
896 1321 1065 1380 Israel
1106 1339 1295 1383 omnes
1344 1329 1537 1390 fideles
1590 1333 1988 1412 intelliguntur,
2023 1349 2120 1419 qui
2165 1349 2222 1406 in

224 1407 374 1462 fidem
397 1409 839 1466 Patriarcharum
864 1418 991 1468 sunt
1006 1417 1292 1489 assumpti.
1312 1419 1456 1474 Nam
1485 1419 1732 1481 infideles
1751 1443 1856 1484 non
1875 1428 2214 1508 judicantur,

220 1495 303 1551 sed
319 1497 442 1568 jam
458 1497 691 1573 judicati
720 1501 1143 1560 sunt.Similiter
1168 1505 1330 1562 etiam
1360 1523 1469 1564 non
1497 1510 1598 1567 soli
1627 1512 1917 1575 duodecim
1940 1524 2212 1594 Apostoli,

220 1585 301 1657 qui
330 1591 465 1640 tunc
494 1593 667 1654 erant,
700 1603 826 1643 cum
854 1589 1071 1649 Christo
1102 1592 1452 1664 judicabunt.
1478 1600 1619 1657 Nam
1649 1617 1828 1678 neque
1861 1609 2033 1666 sudas
2058 1613 2218 1685 judi-

218 1674 351 1731 cabit
379 1691 395 1730 z
422 1691 525 1731 nec
550 1675 769 1744 Paulus,
796 1679 895 1751 ,qui
926 1679 1049 1751 plus
1076 1681 1199 1738 aliis
1224 1683 1518 1754 laboravit,
1549 1691 1760 1747 carebit
1782 1694 2076 1766 judiciaria
2107 1719 2215 1776 po-

217 1769 426 1832 testate,
449 1766 757 1838 praesertim
785 1781 911 1822 cum
946 1767 1064 1840 ipse
1102 1771 1289 1827 dicat:
1315 1773 1568 1843 Nescitis,
1598 1779 1727 1850 quia
1764 1787 1973 1856 anqelos
1988 1788 2214 1859 ,iudica-

217 1852 415 1911 timus?
444 1854 543 1910 sed
582 1854 652 1910 ad
687 1855 810 1910 illos
854 1858 1075 1929 proprie
1116 1859 1237 1917 haec
1276 1861 1520 1934 dignitas
1569 1868 1804 1938 pertinet
1849 1875 1944 1944 qui
1996 1877 2202 1934 relictis

216 1943 458 2000 omnibus
494 1941 771 1998 Christum
812 1950 938 1999 sunt
978 1947 1153 2002 secuti
1182 1964 1197 2002 ε
1228 1947 1332 2004 hoc
1377 1951 1524 2007 enim
1560 1956 1886 2024 promissum
1931 1969 2015 2017 est
2048 1965 2208 2024 Petro

218 2029 498 2102 quaerenti.
529 2028 667 2086 Ecce
690 2046 784 2086 nos
808 2031 1124 2103 reliquimus
1151 2035 1329 2090 omnia
1351 2043 1403 2092 et
1428 2040 1594 2096 secuti
1621 2047 1802 2100 sumus
1829 2053 1898 2112 te,
1925 2050 2054 2120 quid
2086 2069 2210 2126 erqo

217 2118 307 2176 orit
323 2115 525 2174 nobis?
552 2116 697 2172 unde
716 2116 841 2173 Job.
872 2133 1060 2176 xxxvx
1092 2137 1107 2176 :
1136 2121 1413 2180 Iudicium
1438 2128 1771 2200 pauperibus
1801 2133 1998 2204 tribue,
2025 2145 2080 2194 et
2106 2139 2211 2197 hoc

217 2204 601 2264 rationabiliter
628 2220 642 2260 τ
668 2212 730 2262 ιιι
754 2207 900 2262 enim
925 2207 1133 2265 dictum
1161 2211 1549 2297 est,discussio
1573 2216 1678 2272 erit
1705 2219 1776 2276 de
1800 2223 2015 2282 actibus
2042 2226 2210 2285 homi·

217 2277 345 2364 num,
376 2295 473 2369 qui
493 2295 729 2352 terrenis
751 2295 916 2353 rebus
943 2287 1101 2368 ben'e,
1121 2299 1373 2357 vel-male
1396 2311 1525 2360 sunt
1555 2304 1660 2362 usi.
1677 2307 1998 2384 Requirit'ur
2019 2325 2208 2376 autem

218 2384 273 2439 ad
308 2378 694 2440 rectitudinem
729 2384 946 2456 judicii,
985 2394 1047 2443 ut
1089 2387 1305 2446 animus
1343 2390 1568 2462 judiciS,
1605 2395 1680 2452 sit
1717 2396 1858 2457 liber
1896 2403 1967 2460 ab
2012 2405 2101 2474 iis,
2129 2407 2198 2464 de

218 2471 395 2544 quibus
414 2471 601 2529 habet
609 2473 878 2545 judicare,
908 2479 965 2530 et
1004 2474 1127 2532 ideo
1165 2493 1262 2550 per
1289 2477 1410 2548 hoc,
1445 2482 1576 2556 quia
1622 2485 1793 2562 aliqui
1830 2489 2036 2550 habent
2077 2499 2202 2554 ani-

218 2574 347 2617 mum
387 2577 550 2619 suum
596 2575 630 2618 a
678 2561 841 2619 rebus
894 2564 1128 2621 terrenis
1181 2565 1432 2624 totaliter
1477 2569 1839 2646 abstractum,
1867 2581 2198 2654 dignitatem

216 2647 429 2721 judiciar
450 2651 563 2707 iam
588 2658 885 2708 merentur.
914 2651 1069 2709 Facit
1105 2653 1274 2712 etiam
1302 2657 1373 2713 ad
1415 2661 1673 2719 meritum
1707 2663 1872 2739 hujus
1911 2671 2201 2742 dignitatis

217 2745 594 2812 praeceptorum
620 2739 930 2798 divinorum
950 2743 1296 2798 annuntiatio
1315 2759 1329 2798 z
1348 2745 1494 2800 unde
1505 2747 1794 2818 Mat.xxv‚
1809 2754 2058 2816 Christus
2071 2776 2200 2818 cum

218 2826 402 2897 angelis
426 2828 497 2886 ad
533 2827 893 2901 judicandum
932 2829 1137 2884 dicitur
1176 2845 1296 2885 esse
1320 2837 1602 2900 venturus,
1633 2852 1730 2907 per
1757 2847 2200 2918 quos-'praedica-

220 2918 343 2972 tores
366 2915 763 2990 intelliguntur,
790 2924 853 2974 ut
875 2921 1017 2990 Aug.
1035 2917 1093 2972 in
1117 2917 1213 2972 lib.
1237 2916 1308 2972 de
1330 2919 1656 2990 poenitentia
1684 2925 1840 2982 dicit.
1857 2931 2028 2988 Decet
2054 2937 2201 2993 enim

220 3009 268 3058 ut
290 3004 361 3060 illi
399 2993 700 3064 discutiant
741 3013 900 3064 actus
937 3004 1222 3063 hominum
1260 3005 1409 3063 circa
1447 3006 1853 3071 observantiam
1888 3017 2200 3081 divinorum

219 3085 613 3168 praeceptorum,
655 3097 750 3170 qui
803 3102 1081 3170 praecepta
1130 3095 1265 3154 vitae
1306 3096 1772 3158 annuntiaverunt
1815 3119 1830 3160 z
1869 3107 2200 3192 judicabunt

217 3189 378 3240 autem
396 3186 645 3258 praedicti
666 3185 727 3242 in
745 3193 1011 3259 quantum
1030 3183 1470 3260 cooperabuntur
1499 3188 1566 3244 ad
1590 3189 1712 3259 hoc,
1727 3193 1873 3266 quod
1900 3197 2198 3276 unicuique

217 3283 452 3343 appareat
478 3289 649 3332 causa
676 3274 997 3332 salvationis
1019 3281 1077 3331 et
1104 3273 1476 3349 damnationis
1502 3283 1618 3335 tam
1645 3280 1752 3363 sui,
1769 3299 1935 3356 quam
1965 3287 2198 3350 aliorum

216 3371 270 3412 eo
291 3363 462 3430 modo,
490 3378 602 3436 quo
624 3364 935 3437 superiores
961 3363 1143 3436 angeli
1164 3361 1470 3434 inferioreS,
1502 3365 1590 3422 vel
1615 3369 1782 3425 etiam
1801 3370 2048 3429 homines
2067 3374 2199 3432 illu-

217 3447 401 3507 minare
426 3449 705 3509 dicuntur.
735 3453 889 3510 Hanc
916 3453 1085 3525 igitur
1105 3451 1460 3527 judiciariam
1496 3455 1827 3528 potestatem
1871 3453 2198 3544 confitemur

216 3531 262 3588 iu
285 3539 487 3597 Christo
515 3541 571 3597 in
596 3541 842 3614 symbol.
876 3541 1124 3616 Apostol.
1148 3541 1395 3600 dicentes
1422 3560 1438 3599 ε
1469 3543 1597 3602 lude
1633 3554 1892 3607 venturus
1925 3555 2005 3609 est
2033 3551 2196 3626 judi-

214 3637 319 3680 care
336 3628 479 3687 vivos
504 3637 557 3689 et
577 3638 839 3690 mortuos.
1449 3631 1461 3645 “
