2850 4517
514 292 639 355 350
832 319 838 326 ·
994 308 1048 353 s.
1094 306 1329 351 meum
1366 304 1697 357 somnitus
1737 304 2049 351 ornacum

514 424 695 497 prium
722 438 833 481 non
870 422 1134 481 habentes
1161 438 1227 480 ea
1271 438 1493 481 servare
1527 436 1634 479 nen
1679 426 1929 495 possunt.
1959 420 2116 491 Quod
2143 434 2278 479 vero
2317 418 2542 477 duode-

513 513 656 569 cimo
678 513 1012 586 proponitur,
1039 512 1184 585 quod
1200 511 1408 570 nullum
1429 510 1762 569 sacrificium
1785 518 1868 567 est
1885 511 2000 567 Deo
2023 509 2197 581 magis
2216 516 2534 581 acceptum,

514 618 677 673 quam
706 601 857 658 zelus
888 601 1213 669 animarum,
1246 600 1452 674 absque
1491 598 1834 657 dubitatione
1863 599 2234 665 concedimus,
2267 597 2369 653 sed
2411 598 2540 654 ani-

516 706 731 747 marum
755 690 844 747 bic
872 690 1005 748 ordo
1024 689 1327 747 servandus
1349 696 1454 758 est,
1485 696 1549 746 ut
1576 691 1752 763 prime
1779 688 1942 745 bomo
1978 688 2154 745 zelum
2191 686 2398 743 animae
2419 702 2541 743 suae

514 778 733 847 babeat,
766 796 891 837 eam
928 780 1001 837 ab
1042 780 1189 837 omni
1240 769 1440 837 affectu
1483 785 1827 836 terrenorum
1868 776 2177 844 absolvens,
2227 776 2538 831 secundum

516 868 649 925 illud
670 868 963 942 Sapientis,
976 867 1316 931 Ecclesiasti.
1342 884 1469 925 xxx
1491 885 1504 923 :
1527 866 1786 926 Miserere
1807 867 2006 923 animm
2030 874 2136 924 tiioe
2153 866 2374 938 placem
2403 866 2538 930 Deo,

516 964 579 1014 ut
604 964 758 1031 patet
792 974 891 1031 per
920 960 1058 1029 Aug.
1108 972 1235 1014 ιιι.
1279 958 1358 1013 De
1394 958 1612 1015 civitat.
1639 957 1760 1013 Dei.
1791 954 1882 1014 Si'c
1917 964 2048 1027 ergo
2075 954 2122 1011 si
2163 953 2392 1026 aliquia,
2411 959 2537 1027 post

516 1052 889 1120 contemptum
941 1054 1281 1103 terrenorum
1321 1052 1379 1103 et
1424 1046 1683 1119 suipsius,
1727 1045 1786 1102 in
1823 1046 1927 1103 hoc
1971 1044 2236 1118 procedat
2275 1042 2534 1111 ulterius,

518 1134 772 1192 avetinu
802 1134 1034 1192 aliarum
1073 1135 1379 1193 animarum
1404 1135 1584 1192 zelum
1625 1134 1844 1201 habeat,
1889 1134 1995 1191 erit
2027 1132 2330 1207 perfectius
2359 1132 2536 1189 sacri·-

518 1224 723 1281 fieium.
754 1222 857 1280 Sed
890 1229 1021 1279 tnnc
1046 1222 1504 1297 perfectissimum
1528 1232 1630 1290 est,
1665 1223 1885 1297 quando
1911 1222 1981 1280 ad
2021 1222 2196 1279 zelum
2223 1222 2536 1278 animarum

518 1312 827 1369 habendum
877 1318 1005 1369 vote
1050 1327 1146 1370 seu
1196 1313 1532 1386 professione
1577 1312 1870 1385 obligatur,
1919 1312 2064 1369 sicut
2103 1310 2404 1385 episcopus
2449 1310 2536 1369 vel
2581 1328 2588 1337 ·

518 1400 687 1457 etiarn
712 1399 953 1471 religiosi
982 1400 1053 1457 ad
1078 1400 1181 1457 hoc
1200 1418 1296 1474 per
1322 1406 1510 1459 votum
1535 1401 1781 1474 obligati.
1807 1401 1966 1471 Quod
1987 1414 2118 1460 vero
2147 1400 2534 1457 tertiodecimo

518 1488 857 1563 proponitur,
892 1489 1038 1563 quod
1074 1490 1219 1547 siout
1242 1490 1557 1563 patriarcha
1601 1491 1857 1564 praesidet
1902 1490 1958 1546 in
1987 1506 2086 1547 suo
2127 1488 2530 1562 patriarchato,

520 1584 576 1633 et
613 1576 902 1651 episcopus
939 1578 993 1634 in
1028 1594 1137 1636 -suo
1176 1579 1518 1653 episcopatu,
1551 1580 1627 1637 ita
1673 1577 2090 1636 archidiacenus
2117 1578 2176 1633 in
2214 1592 2324 1635 suo
2353 1578 2532 1635 archi·

519 1665 831 1734 diaconatu,
874 1671 931 1722 et
969 1667 1255 1740 presbyter
1294 1674 1522 1725 curatus
1562 1668 1618 1723 in
1658 1683 1758 1725 sua
1803 1666 2082 1741 parochia,
2113 1673 2202 1723 est
2241 1666 2536 1725 manifeste

520 1752 717 1811 falsum
758 1770 773 1811 ε
812 1768 939 1813 nam
974 1756 1217 1829 enisoopi
1254 1755 1628 1830 principaliter
1655 1772 1846 1813 curam
1887 1756 2087 1812 habent
2127 1756 2386 1813 emnium
2426 1771 2534 1812 suin

520 1844 793 1913 dioecesis,
824 1844 1131 1919 presbyteri
1161 1854 1345 1903 autem
1370 1846 1568 1913 curati,
1599 1846 1685 1903 vel
1716 1845 1884 1901 etiam
1908 1844 2302 1913 archidiaconi,
2335 1844 2534 1901 habent

521 1933 733 2006 aliquas
761 1934 1267 1993 administrationes
1306 1934 1410 1991 snb
1450 1932 1723 2007 episcopis
1769 1950 1784 1990 z
1827 1936 1909 1991 eie
1949 1933 2094 1990 enim
2127 1950 2190 1990 se
2230 1932 2442 1991 habent
2466 1932 2532 1990 ad

522 2023 855 2095 episcopam,
887 2024 1031 2081 sicut
1053 2022 1185 2081 balii
1213 2024 1300 2083 vel
1328 2024 1365 2079 ii
1394 2024 1674 2097 praepositi
1705 2022 1776 2080 ad
1801 2034 2004 2095 regem,
2035 2021 2178 2078 unde
2203 2036 2376 2096 super
2402 2022 2532 2078 illud

520 2110 546 2165 1
570 2112 694 2167 Cor.
712 2126 823 2167 xu.
844 2128 871 2165 α
892 2110 1000 2169 Alii
1028 2112 1435 2185 opitulationes,
1455 2094 1548 2169 alii
1572 2110 1994 2185 gubernationes
2017 2122 2064 2180 ιι,
2085 2110 2221 2167 dicit
2242 2110 2320 2183 gl.
2343 2112 2532 2184 Opicu-

521 2198 763 2267 lationes,
790 2195 846 2255 id
872 2209 975 2268 est,
1002 2217 1098 2257 eos
1125 2202 1221 2273 qui
1251 2201 1551 2274 majoribus
1578 2200 1800 2257 suerunt
1825 2216 1944 2273 ope,
1973 2206 2035 2257 ut
2059 2200 2219 2257 Titus
2247 2199 2526 2273 Apost010‚

522 2286 608 2344 vel
648 2288 1017 2344 archidiaconi
1064 2289 1354 2361 episcopis,
1382 2289 1808 2361 gubernationes,
1841 2284 2052 2345 scilicet
2087 2290 2364 2345 minorum
2405 2306 2530 2363 per-

522 2390 780 2430 sonarum
818 2374 1185 2447 praelationes,
1220 2384 1279 2433 ut
1307 2386 1435 2435 sunt
1477 2379 1806 2453 presbyteri,
1838 2379 1934 2453 qui
1973 2378 2305 2435 documento
2341 2386 2468 2435 sunt
2510 2396 2525 2437 z

522 2461 665 2518 unde
696 2464 753 2516 et
778 2462 879 2517 hoe
907 2462 1088 2536 ipsum·
1114 2464 1420 2521 ostenditur
1449 2467 1506 2524 in
1534 2466 1878 2525 ordinatione
1919 2467 2268 2524 sacerdotum
2293 2466 2360 2523 de
2395 2468 2526 2541 qui-

521 2551 625 2607 bus
652 2550 940 2624 episcopus
968 2552 1133 2609 dieitz
1152 2574 1178 2607 α
1195 2554 1411 2625 Quanto
1427 2554 1733 2629 fragiliores
1761 2572 1968 2625 sumus,
1995 2557 2209 2613 scilicet
2233 2558 2522 2631 Apostolis,

522 2644 676 2695 tanto
694 2640 869 2711 magis
893 2640 977 2697 bis
996 2641 1215 2699 auxiliis
1236 2644 1544 2717 indigemus
1563 2666 1612 2713 n,
1633 2646 1774 2701 unde
1801 2648 1888 2703 ⁴6.
1918 2656 2014 2719 qus
2034 2660 2076 2703 ιι
2093 2661 2145 2702 ο.
2171 2645 2438 2713 zGunctis,
2455 2646 2520 2702 di·

521 2729 665 2785 citur
685 2744 699 2785 i
720 2749 745 2783 α
768 2728 1031 2787 Omnibus
1046 2732 1400 2807 presbyteris,
1424 2734 1760 2803 diaconibus,
1787 2742 1842 2791 et
1861 2734 2088 2811 reliquis
2105 2734 2326 2792 clericis
2349 2742 2524 2793 etten-

520 2818 761 2875 dendum
787 2832 889 2887 est,
920 2826 982 2875 ut
1022 2820 1153 2875 nihil
1185 2819 1391 2897 absque
1422 2825 1628 2899 proprii
1667 2823 1908 2898 episcopi
1937 2824 2160 2881 lieentia
2185 2830 2376 2897 agant.
2413 2826 2522 2883 Non

522 2907 714 2979 utique
762 2908 955 2965 Missas
1004 2909 1123 2966 eine
1164 2925 1262 2966 suo
1302 2912 1461 2984 jussu
1503 2912 1794 2987 quisquam
1839 2912 2292 2987 presbyterorum
2334 2916 2390 2969 in
2434 2928 2524 2969 sua

522 2995 781 3067 parochia
810 3003 957 3068 agat,
984 3012 1092 3053 nou
1120 2997 1381 3072 baptizet,
1412 3005 1516 3058 nec
1540 3001 1841 3077 quidquam
1873 3002 2078 3075 absque
2109 3002 2232 3076 ejus
2264 3002 2532 3076 permissu·

522 3083 690 3140 faciat
713 3102 761 3152 n,
780 3090 837 3141 et
863 3086 1115 3143 similiter
1130 3090 1221 3145 80.
1246 3088 1377 3146 dist.
1408 3104 1461 3145 c.
1489 3091 1614 3149 Non
1640 3092 1848 3149 debere:
1873 3106 1900 3145 α
1919 3091 2232 3165 Presbyteri
2262 3092 2396 3149 nihil
2416 3093 2523 3149 sine

522 3178 797 3245 praecepto
824 3181 878 3229 et
906 3176 1133 3233 coneilio
1176 3179 1415 3249 episcopi
1447 3187 1612 3251 agant
1645 3196 1695 3237 n.
1725 3180 1878 3249 Quod
1904 3196 2034 3238 vero
2075 3188 2277 3258 quarto
2319 3181 2524 3238 decimo

524 3260 843 3333 proponitur
870 3261 939 3317 de
962 3264 1179 3321 clericis
1203 3265 1297 3338 qui
1334 3273 1558 3339 propter
1591 3268 1834 3325 enormia
1862 3268 2062 3325 delicta
2105 3270 2161 3325 in
2196 3270 2523 3332 monasterie

523 3349 899 3419 retruduntur,
932 3354 1069 3410 satis
1093 3366 1279 3409 eornm
1314 3355 1556 3411 animum
1589 3363 1644 3412 et
1687 3357 2043 3413 intentionem
2071 3356 2318 3415 declarat
2352 3377 2365 3414 :
2406 3366 2525 3416 nani

522 3439 667 3495 sicut
694 3440 925 3512 Gregor.
956 3442 1111 3498 dicit.
1130 3444 1218 3511 40,
1246 3444 1395 3499 Mora
1418 3460 1432 3499 ε
1457 3462 1484 3497 α
1503 3445 1662 3503 Pravi
1687 3456 1812 3502 cum
1837 3453 1987 3503 recta
2016 3446 2338 3519 praedicant,
2375 3448 2524 3503 valde

522 3525 743 3585 difficile
772 3536 873 3597 est,
896 3536 955 3585 ut
982 3530 1054 3586 ad
1077 3530 1182 3586 hoc
1206 3531 1352 3603 quod
1386 3533 1540 3590 taciti
1567 3534 1814 3592 ambiant
1843 3543 1952 3593 non
1980 3542 2288 3611 erumpant.
2321 3556 2348 3590 n
2366 3536 2525 3594 Arbi-

523 3620 740 3673 trantur
768 3618 913 3673 enlm
941 3618 1169 3675 clericos
1210 3628 1329 3676 esse
1361 3622 1415 3677 in
1443 3628 1592 3680 statu
1630 3624 1998 3698 perfectionis,
2031 3640 2140 3682 non
2176 3630 2363 3683 autem
2407 3634 2524 3681 mo·

524 3706 745 3773 metm,
777 3713 1000 3781 propter
1015 3708 1357 3782 poenitentlae
1380 3710 1744 3783 altitudinem,
1769 3724 1935 3787 quam
1955 3714 2203 3771 monachi
2225 3713 2525 3771 voluntarie

522 3795 827 3868 suscipiunt
872 3796 1207 3869 innocentes,
1253 3801 1324 3858 ad
1376 3814 1541 3875 quam
1583 3809 1851 3874 coguntur
1900 3803 2083 3861 clerici
2125 3803 2521 3877 delinquentes.

524 3882 629 3958 Qui
658 3882 880 3961 quidem
905 3890 1082 3949 status
1114 3894 1265 3952 tanto
1288 3896 1373 3956 est
1401 3888 1545 3965 apud
1579 3891 1753 3963 Deum
1783 3892 1962 3961 altior,
1989 3900 2195 3965 quantu
2231 3894 2288 3953 iu
2323 3892 2523 3955 mundo
