2850 4517
666 350 758 395 m.
782 365 865 379 —
890 350 970 395 nn
1009 346 1365 395 »moneris
1402 348 1788 409 cuAmTATIS,
1819 350 1952 395 mc.
2195 336 2316 397 249

300 466 569 528 Dominus
605 481 768 539 super
808 472 1034 522 terram.
1080 464 1191 523 Sed
1230 465 1512 523 sciendum
1554 465 1702 539 quod
1730 466 1852 524 haec
1891 467 1976 522 lex
2003 465 2168 524 debet
2194 484 2317 527 esse

303 557 497 632 regula
518 555 762 613 omnium
785 558 1015 612 ‘actuum
1047 554 1432 614 humanorum.
1466 552 1621 611 Sicut
1644 553 1791 611 enim
1818 553 2068 613 videmus
2094 554 2152 613 in
2175 558 2318 614 arti-

302 644 594 712 ficialibus,
625 643 774 718 quod
816 644 1245 717 unumquodque
1271 659 1408 717 opus
1437 650 1569 699 tunc
1607 642 1809 699 honum
1838 650 1896 701 et
1934 649 2146 702 rectum
2173 647 2318 704 dici-

304 746 416 806 tur,
462 734 682 811 quando
716 733 922 806 regulae
967 739 1306 807 coaequatur,
1353 732 1438 789 sic
1479 732 1648 789 etiam
1693 731 1976 805 quodlibet
2019 734 2318 795 humanum

302 842 451 901 opus
476 832 689 903 rectum
717 830 802 881 est
830 829 889 879 et
926 823 1251 890 virtuosum,
1288 822 1509 895 quando
1549 822 1754 895 regulae
1779 821 1982 883 divinae
2007 824 2320 884 dilectionis

304 914 645 973 concordat:
670 912 893 986 quando
914 926 1047 969 vero
1074 910 1355 967 discordat
1386 909 1460 967 ab
1484 908 1590 969 bac
1617 912 1825 984 regula,
1853 927 1960 969 non
1983 920 2070 971 est
2092 913 2315 984 bonum,

306 1022 410 1062 nec
440 1011 671 1070 rectum,
720 1006 819 1059 aut
846 1000 1170 1075 perfectum.
1214 1000 1300 1057 Ad
1342 999 1447 1056 hoc
1475 1006 1660 1057 autem
1699 1000 1847 1074 quod
1889 1009 2048 1059 actus
2092 1003 2318 1061 humani

306 1093 437 1153 boni
464 1092 781 1156 reddantur,
812 1095 1031 1164 oportet
1075 1089 1223 1163 quod
1266 1089 1471 1161 regulae
1510 1088 1712 1146 divinae
1739 1089 2050 1149 dilectionis
2084 1108 2319 1151 concor-

306 1184 461 1239 dent.
491 1182 595 1239 Sed
620 1179 921 1245 sciendum,
944 1178 1089 1252 quod
1119 1177 1238 1235 baec
1260 1176 1366 1245 lex,
1393 1177 1606 1235 scilicet
1633 1178 1805 1234 divini
1835 1181 2056 1249 amoris,
2081 1191 2320 1256 quatuor

307 1270 479 1328 efficit
519 1270 574 1325 in
614 1262 833 1325 homine
867 1267 1029 1343 valde
1056 1265 1464 1326 desiderabilia.
1506 1266 1707 1335 Primo,
1739 1276 1932 1325 causat
1961 1267 2018 1325 in
2057 1285 2125 1327 eo
2152 1272 2321 1346 spiri-

309 1359 515 1418 tualem
555 1359 747 1415 vitam.
790 1355 1138 1413 Manifestum
1174 1363 1260 1412 est
1304 1355 1471 1429 enim,
1524 1356 1672 1429 quod
1725 1356 2049 1414 naturaliter
2074 1366 2320 1417 amatum

310 1456 398 1508 est
425 1448 481 1505 in
526 1452 765 1512 amante,
796 1453 853 1503 et
898 1444 1024 1501 ideo
1073 1444 1169 1519 qui
1214 1444 1396 1500 Deum·
1431 1442 1629 1517 diligit,
1662 1443 1841 1518 ipsum
1869 1446 1924 1502 in
1971 1462 2032 1503 se
2057 1447 2244 1505 habet.
2275 1466 2317 1505 1.

308 1541 394 1596 Jo.
422 1554 481 1596 ιν
508 1555 522 1593 z
553 1536 656 1603 Qut
672 1539 851 1593 manet
872 1534 934 1590 in
956 1533 1221 1590 charitate
1244 1531 1304 1589 in
1330 1534 1440 1590 Deo
1457 1540 1654 1601 manet,
1681 1541 1733 1590 et
1757 1535 1898 1591 Deua
1923 1535 1981 1591 in
2004 1552 2084 1592 eo.
2109 1539 2319 1595 Natura

308 1628 480 1686 etiam
504 1625 707 1683 amoris
744 1631 849 1691 est,
888 1618 1044 1696 quod'
1067 1629 1343 1679 amantem
1380 1623 1439 1678 in
1475 1631 1719 1679 amatum
1749 1624 2134 1695 transformat3
2175 1628 2319 1684 unde

308 1717 358 1774 si
385 1715 519 1773 vilia
546 1713 824 1786 diligimus
849 1711 1161 1779 etcaduca,
1190 1711 1329 1769 viles
1355 1718 1413 1769 et
1433 1711 1724 1769 instabiles
1749 1712 2037 1770 efficimur.
2068 1715 2228 1773 Oseae
2254 1732 2276 1773 1
2303 1732 2318 1772 ε

306 1804 469 1863 Facti
496 1809 638 1860 sunt-
655 1799 1029 1859 abominabiles
1060 1799 1202 1857 sicut
1245 1800 1385 1873 quod
1418 1800 1726 1858 dilexerunt
1770 1816 1790 1859 .·
1822 1802 1881 1859 Si
1919 1812 2102 1861 autem
2145 1807 2320 1863 Deum

308 1893 611 1965 diligimuS‚
642 1890 813 1947 divini
841 1889 1125 1958 efficimur,
1156 1882 1379 1962 quia'ut
1406 1888 1628 1945 dicitur.
1660 1904 1704 1945 ι.
1729 1891 1856 1947 Cor.
1886 1906 1948 1947 ιν
1977 1907 1991 1946 :
2024 1891 2130 1959 Qui
2152 1894 2321 1950 adhoe·

308 1988 398 2039 ret
425 1979 677 2045 Domino,
705 1994 843 2035 unus
864 1978 1091 2052 spiritus
1116 1985 1192 2034 est
1220 1994 1241 2036 .·
1264 1977 1362 2035 sed
1388 1978 1531 2033 sicut
1553 1982 1759 2050 Augus.
1789 1979 1944 2047 dicit,
1970 1980 2115 2037 sicut
2137 1983 2321 2040 anima

308 2078 398 2129 est
432 2070 548 2127 vita
576 2067 838 2143 corporis,
884 2068 963 2125 ita
1002 2068 1153 2123 Deus
1191 2074 1277 2124 est
1315 2066 1431 2124 vita
1477 2066 1696 2133 animae,
1740 2072 1800 2122 et
1840 2065 1947 2124 hoc
1972 2070 2320 2128 manifestum

310 2166 415 2218 est.
441 2159 596 2217 Tunc
618 2158 764 2214 enim
788 2156 1025 2213 dicimus
1045 2171 1246 2230 corpus
1274 2171 1371 2227 per
1399 2156 1638 2212 animam
1667 2155 1874 2223 vivere,
1906 2158 2126 2230 quando
2154 2158 2323 2219 habet

309 2248 659 2323 operationes
684 2244 933 2319 proprias
952 2244 1101 2313 vitai,
1130 2250 1186 2301 et
1209 2244 1431 2318 quando
1453 2251 1712 2318 operatur
1734 2250 1793 2301 et
1814 2252 2064 2303 movetur
2089 2263 2106 2304 ε
2140 2249 2340 2307 anima·

309 2354 447 2395 vero
470 2335 773 2402 recedente,
804 2350 1005 2406 corpus
1031 2350 1134 2391 nec
1156 2340 1434 2407 operatur,
1463 2350 1565 2391 nec
1590 2342 1859 2392 movetur.
1889 2334 1981 2393 Sic
1999 2337 2166 2394 etiam
2190 2345 2322 2395 tunc

309 2426 497 2484 anima
524 2433 782 2498 operatur
808 2422 1055 2481 virtuose
1081 2428 1137 2479 et
1166 2422 1427 2495 perfecte,
1464 2423 1684 2497 quando
1712 2440 1811 2497 per
1836 2424 2163 2484 charitatem
2184 2443 2322 2501 ope-

310 2522 488 2582 ratur,
530 2530 629 2588 per
654 2529 821 2586 quam
858 2511 1073 2570 habitat
1098 2512 1248 2569 Deus
1281 2512 1336 2568 in
1375 2527 1461 2579 ea,
1507 2512 1712 2586 absque
1740 2512 2012 2571 charitate
2037 2530 2169 2573 vero
2211 2533 2318 2573 non

309 2607 570 2675 operatur
598 2600 641 2657 1.
672 2601 827 2657 loan.
864 2614 933 2655 ιιι
960 2614 974 2653 :
1006 2597 1113 2664 Qui
1138 2614 1247 2655 mm
1286 2596 1486 2670 diligit,
1527 2605 1706 2655 manet
1733 2597 1794 2654 in
1817 2607 2009 2658 morte.
2051 2604 2320 2660 Conside-

309 2690 550 2749 randum
571 2694 656 2745 est
680 2696 881 2757 autem,
912 2688 1061 2761 quod
1084 2686 1132 2743 si
1147 2687 1282 2762 ‘quis
1302 2685 1470 2745 habet
1496 2687 1678 2744 omnia
1703 2686 1848 2745 dona
1869 2689 2105 2762 Spiritus
2131 2693 2316 2750 Sartcti

308 2779 525 2853 absque
549 2777 835 2843 charitate,
854 2775 1141 2833 nonhabet
1157 2775 1350 2831 vitam.
1365 2774 1494 2831 Sive
1515 2774 1662 2830 enim
1686 2775 1758 2830 sit
1782 2776 1961 2847 gratia
1985 2777 2314 2851 linguarum,

308 2870 429 2931 sive
457 2868 533 2924 sit
558 2866 761 2923 donum
787 2864 934 2932 fidei,
972 2864 1061 2921 vel
1088 2861 1359 2938 quidquid
1398 2862 1474 2918 sit
1495 2861 1664 2929 aliud,
1690 2862 1810 2919 sine
1848 2864 2117 2922 charitate
2143 2868 2318 2927 vitam

310 2973 421 3015 non
460 2955 729 3013 tribuunt.
752 2955 808 3012 Si
836 2953 983 3011 enim
1010 2968 1209 3026 corpus
1247 2956 1528 3009 mortuum
1554 2950 1812 3007 induatur
1837 2967 1990 3023 auro,
2035 2959 2093 3010 et
2119 2953 2320 3027 lapidi-

310 3048 416 3103 bus
445 3044 717 3119 pretiosis,
748 3042 1101 3099 nihilominus
1132 3048 1406 3097 mortuum
1434 3046 1638 3107 manet,
1668 3039 1773 3097 hoc
1799 3047 1886 3097 est
1915 3057 2046 3115 ergo
2082 3044 2318 3117 primum

309 3134 459 3208 quod
489 3133 657 3190 efficit
678 3131 939 3189 charitas.
963 3130 1274 3189 Secundum
1302 3126 1448 3203 quod
1472 3128 1606 3185 facit
1633 3128 1874 3185 charitas
1899 3138 1986 3187 est
2008 3132 2316 3193 divinorum

310 3222 697 3280 mandatorum
724 3218 1092 3279 observantia.
1119 3219 1323 3290 Greg.:
1353 3217 1648 3291 Nunquam
1673 3222 1749 3274 est
1769 3216 1875 3274 Dei
1909 3234 2063 3276 amor
2097 3222 2312 3281 otiosus.

310 3312 585 3386 Operatur
612 3308 757 3366 enim
799 3323 997 3380 magna
1025 3308 1071 3363 si
1114 3314 1240 3364 est:
1287 3306 1333 3363 si
1375 3321 1506 3363 vero
1546 3306 1760 3380 operari
1787 3306 1987 3377 renuit,
2019 3324 2172 3367 amor
2205 3328 2312 3370 non

308 3408 399 3459 est
432 3418 445 3456 ε
468 3403 611 3456 unde
634 3396 984 3455 manifestum
1006 3395 1221 3468 signum
1243 3394 1532 3453 charitatis
1551 3401 1636 3452 est
1661 3396 2034 3469 promptitudo
2056 3399 2314 3473 implendi

306 3488 498 3547 divina
525 3492 820 3561 praecepta.
849 3485 1098 3543 Vidimus
1125 3484 1268 3540 enim
1298 3489 1578 3540 amantem
1603 3492 1829 3557 propter
1853 3492 2098 3542 amatum
2123 3503 2322 3559 magna

304 3584 373 3635 et
396 3575 639 3633 difficilia
661 3573 899 3649 operari.
930 3576 1089 3630 Joan.
1115 3587 1217 3629 xrv
1249 3589 1262 3627 ε
1289 3571 1347 3628 Si
1370 3572 1487 3644 quis
1509 3572 1690 3646 diliqit
1711 3589 1814 3639 me,
1834 3564 2128 3631 'sennonem
2149 3591 2324 3631 meum

299 3665 562 3724 servabit.
602 3664 708 3721 Sed
750 3661 1211 3721 considerandum
1250 3660 1397 3734 quod
1441 3661 1532 3734 qui
1563 3664 1884 3719 mandatum
1923 3671 1980 3722 et
2017 3662 2191 3735 legem
2231 3663 2321 3719 di-

301 3756 457 3813 vinae
490 3752 805 3811 dilectionis
844 3759 1047 3819 servat,
1090 3756 1264 3807 totam
1309 3748 1485 3821 legem
1529 3749 1736 3823 implet.
1765 3751 1863 3809 Est
1899 3759 2084 3809 autem
2122 3752 2340 3826 duplex‘

299 3841 508 3901 modus
546 3840 863 3898 divinorum
899 3838 1302 3898 mandatorum.
1332 3837 1597 3909 Quaedam
1633 3840 1778 3895 enim
1815 3848 1944 3899 sunt
1970 3840 2317 3912 affirmativa,

297 3939 369 3989 et
392 3929 511 3991 baec
537 3929 767 4005 quidem
792 3928 984 4003 implet
1010 3927 1252 3987 charitas
1276 3928 1409 4001 quia
1437 3926 1717 4000 plenitudo
1737 3927 1881 4000 legis
1911 3944 2039 4003 qum
2069 3932 2321 3992 consistit
