2850 4517
804 384 960 444 125-
987 381 1388 444 ooiupeumom
1440 386 1845 464 ‘rnnonoeues‘
2224 384 2347 452 937

301 521 545 590 possunt,
593 513 678 570 vel
720 512 888 571 faciat
924 513 1110 590 aliqua
1147 513 1479 590 hujusmodi,
1508 535 1633 592 quae
1682 535 1785 574 non
1832 526 1957 576 sunt
2003 523 2303 578 secundum

301 605 545 658 ordinem
587 601 920 657 naturalium
960 617 1270 669 causarum,
1314 609 1443 658 sunt
1480 599 2007 662 tamen-secundum
2055 609 2316 666 ordinem.
2366 598 2369 600 ’

302 693 501 748 divinae
529 691 910 786 providentiae,
944 690 1074 762 quia
1103 691 1204 747 hoc
1246 691 1425 764 ipsum
1454 693 1599 780 quod
1645 694 1939 768 aliquando
1976 712 2007 753 a
2045 699 2157 753 Deo
2207 699 2302 755 fiat

303 788 522 855 propter
570 779 814 837 ordinem
859 779 1188 836 naturalium
1231 795 1523 839 causarum
1574 799 1607 839 a
1663 782 1777 840 Deo
1822 781 2165 858 dispositum,
2220 804 2272 842 es
2279 792 2305 844 t

300 878 522 944 propter
549 869 798 942 aliquem
839 869 1022 924 finem.
1050 869 1185 924 Cum
1223 878 1406 926 autem
1452 871 1638 944 aliqua
1686 872 2001 954 hujusmodi
2044 873 2305 932 divinitus
2394 905 2403 912 -

302 961 437 1016 liunt
459 965 662 1034 praeter
685 951 930 1014 ordinem
959 971 1252 1014 causarum
1281 960 1663 1027 secundarum,
1696 961 1831 1017 talia
1848 961 2007 1018 facta
2044 963 2303 1021 miracula

301 1051 578 1116 dicuntur,
605 1047 736 1122 quia
765 1038 961 1103 mirum
995 1049 1078 1104 est
1106 1063 1232 1104 eum
1257 1037 1488 1104 effeetus
1515 1049 1753 1128 videtur,
1788 1056 1844 1106 et
1877 1067 2044 1108 causa
2084 1054 2307 1124 ignora-

301 1147 409 1193 tur.
437 1128 574 1194 Cum
624 1137 793 1208 igitur
829 1137 977 1192 Deus
1014 1136 1087 1192 sit
1129 1150 1295 1192 causa
1342 1137 1663 1210 simpliciter
1706 1138 1861 1194 nobis
1896 1141 2129 1208 occulta,
2180 1157 2303 1197 cum

298 1227 508 1300 aliquid
549 1225 620 1282 ab
659 1239 728 1280 eo
762 1225 824 1280 fit
865 1233 1067 1298 praeter
1112 1225 1358 1281 ordinem
1405 1241 1696 1285 causarum
1732 1228 2094 1286 secundarum
2150 1230 2308 1285 nobis

299 1325 575 1381 notarum,
603 1313 924 1387 simpliciter
954 1313 1218 1370 miracula
1239 1315 1515 1370 dicuntur.
1548 1315 1603 1371 Si
1634 1319 1817 1371 autem
1864 1317 1966 1396 liat,
2000 1315 2205 1390 aliquid
2236 1319 2307 1374 ab

211 1404 219 1411 ’
298 1406 487 1478 aliqua
515 1403 622 1460 alia
651 1415 818 1476 eausa
843 1403 1058 1461 occulta
1101 1401 1247 1472 huic,
1275 1403 1358 1458 vel
1385 1403 1485 1472 illi,
1511 1417 1617 1459 non
1652 1409 1735 1459 est
1770 1405 2091 1478 simpliciter
2134 1407 2317 1462 mira-‘

296 1494 504 1559 culum,
528 1492 622 1548 sed
643 1492 832 1565 quoad
863 1491 1014 1547 illum
1053 1492 1146 1566 qui
1177 1506 1401 1548 causam
1428 1493 1661 1564 ignorat.
1693 1494 1849 1550 Unde
1870 1494 2137 1567 contingit
2158 1494 2305 1568 quod

296 1582 507 1656 aliquid
537 1589 762 1655 apparet
791 1582 982 1636 mirum
1016 1581 1126 1650 uni,
1159 1580 1305 1654 quod
1335 1597 1443 1636 non
1477 1585 1561 1636 est
1590 1581 1682 1637 alii
1714 1581 1911 1638 mirum
1953 1585 2046 1656 qui
2080 1595 2305 1640 causam

294 1670 600 1743 cognoscit.
632 1671 722 1726 Sie
749 1675 934 1726 autem
959 1676 1160 1742 praeter
1181 1670 1432 1725 ordinem
1456 1658 2141 1732 causarum,seeundarum
2170 1689 2306 1744 ope-.-

295 1760 607 1818 rar-isolius
638 1759 732 1814 Dei
757 1765 860 1826 est,
885 1759 980 1832 qui
1009 1767 1092 1814 est
1121 1756 1282 1830 hujus
1315 1758 1523 1814 ordinis
1550 1758 1851 1826 institutor,
1880 1768 1935 1816 et
1972 1759 2099 1816 huie
2126 1760 2305 1817 ordini

292 1854 404 1906 non
430 1848 726 1919 obligatur.
757 1847 878 1902 Alia
907 1861 1036 1902 vero
1062 1848 1244 1902 omnia
1273 1847 1400 1902 huie
1428 1847 1604 1902 ordini
1636 1837 1963 1914 subduntur,
1982 1849 2125 1904 unde
2152 1851 2309 1905 mira·

289 1939 422 1994 cula
461 1937 665 2001 faeere,
695 1935 862 1990 solius
907 1935 1005 1989 Dei
1046 1944 1150 2001 est,
1177 1935 1480 1989 secundum
1522 1935 1655 1990 illud
1693 1927 2017 1992 Psalmislae.
2044 1937 2148 2006 Qui
2178 1937 2309 1993 facit

189 2079 198 2088 ,
290 2023 578 2083 mirabilia
605 2039 804 2094 magna
837 2022 1004 2078 solus,
1031 2023 1165 2078 Cum
1199 2022 1367 2092 igitur
1403 2021 1473 2077 ab
1522 2022 1704 2094 aliqua
1744 2031 1997 2079 creatura
2046 2026 2308 2080 miracula

297 2116 428 2175 fieri,
460 2113 741 2183 videntur,
773 2111 855 2166 vel
885 2127 991 2167 non
1029 2116 1157 2166 sunt
1188 2127 1316 2166 vere
1342 2110 1624 2178 miracula,
1662 2110 1791 2184 quia
1817 2111 1952 2166 fiunt
1978 2128 2075 2184 per
2098 2112 2309 2184 aliquas

303 2205 534 2260 virtutes
557 2199 892 2258 naturalium
921 2213 1121 2268 rerum,
1155 2195 1284 2255 lieet
1315 2198 1471 2254 nobis
1498 2199 1761 2266 occultae,
1794 2191 1937 2256 sic'ut
1968 2207 2052 2257 est
2086 2202 2155 2257 de
2202 2201 2309 2257 mi-

303 2292 502 2348 raculis
539 2291 868 2358 daemonum,
897 2305 1024 2364 quae
1064 2288 1290 2361 magicis
1329 2287 1543 2344 artibus
1588 2289 1724 2345 fiunt
1756 2307 1768 2344 ι
1802 2289 1889 2344 vel
1928 2290 1975 2345 si
2016 2299 2142 2347 sunt
2182 2307 2307 2346 vere

309 2381 583 2448 miracula,
616 2379 976 2451 impetrantur
1001 2395 1095 2450 per
1121 2377 1356 2450 aliquem
1379 2393 1416 2438 ,a
1442 2377 1574 2444 De0,
1609 2384 1669 2434 ut
1697 2377 1907 2435 scilicet
1948 2371 2079 2436 talia
2109 2396 2307 2453 opere-

309 2477 408 2525 tur.
437 2469 578 2540 Quia
603 2468 770 2539 igitur
797 2466 1104 2538 hujusmodi
1131 2465 1394 2522 miracula
1425 2455 1601 2531 sol-um
1620 2466 1884 2522 divinitus
1910 2466 2067 2534 liunt,
2100 2485 2305 2525 eonve-

309 2557 514 2614 nienter
543 2559 597 2612 in
627 2563 1007 2626 argumentum
1035 2554 1158 2610 fidei
1189 2562 1562 2620 assumuntur,
1597 2571 1721 2628 quae
1750 2555 1853 2612 soli
1884 2557 1998 2612 Deo
2028 2557 2303 2612 innititur.

283 2646 455 2716 ·Quod
471 2646 623 2702 enim
643 2643 849 2716 aliquid
868 2641 1135 2714 prolatum
1161 2643 1231 2699 ab
1259 2643 1477 2698 homine
1502 2643 1838 2700 authoritate
1861 2645 2047 2700 divina
2068 2643 2302 2709 dicatur,

307 2747 584 2810 nunquam
623 2718 1034 2790 convenientius
1081 2732 1388 2788 ostenditur
1431 2745 1597 2802 quam
1638 2747 1734 2802 per
1772 2734 1955 2804 opera,
1989 2749 2115 2806 quae
2160 2733 2308 2789 solus

309 2824 449 2880 Deus
477 2823 660 2880 faeere
689 2825 888 2896 potest.
915 2819 1236 2890 HuJ‘usmodi
1279 2817 1473 2873 autem
1498 2815 1783 2885 miracula,
1816 2821 2067 2890 quamvis
2110 2829 2309 2892 praeter

306 2913 551 2970 ordinem
580 2923 868 2968 causarum
894 2906 1258 2964 secundarum
1287 2905 1437 2970 fiant,
1468 2907 1651 2956 tamen
1686 2914 1789 2956 non
1834 2915 1960 2960 sunt
1989 2907 2311 2978 simpliciter

307 3001 539 3060 dicenda
583 3005 774 3056 contra
807 3004 1082 3062 naturam,
1117 2993 1246 3066 quia
1290 2990 1394 3048 hoe
1438 2991 1614 3062 ipsum
1658 2989 1923 3072 naturalis
1948 2992 2083 3048 ordo
2120 2993 2304 3059 habet,

308 3089 364 3148 iit
391 3091 652 3146 inferiora
685 3085 992 3146 actionibus
1021 3081 1366 3156 superiorum
1409 3078 1733 3134 subdantur.
1764 3077 1917 3136 Unde
1946 3093 2072 3153 quae
2097 3081 2151 3136 in
2182 3094 2308 3136 cor-

306 3181 530 3255 poribus
577 3175 925 3234 inferioribus
957 3187 1025 3228 ex
1056 3171 1412 3244 impressione
1455 3163 1761 3224 coelestium
1792 3183 2079 3242 corporum
2109 3185 2308 3244 prove-

307 3270 482 3337 niunt,
520 3283 626 3324 non
657 3265 914 3322 dicuntur
941 3261 1262 3334 simpliciter
1297 3273 1416 3315 esse
1456 3265 1648 3314 contra
1685 3267 1959 3327 naturam,
2000 3259 2129 3316 licet
2168 3260 2311 3316 forte

307 3358 414 3416 sint
460 3356 796 3432 quandoque
846 3357 1039 3409 contra
1087 3357 1341 3406 naturam
1392 3346 1779 3422 particularem
1835 3347 2013 3420 liujuS,
2044 3347 2131 3404 vel
2166 3349 2311 3404 illius

306 3450 402 3526 rei,
433 3449 580 3504 sicut
621 3449 772 3518 patet
817 3443 886 3498 de
929 3445 1079 3496 motu
1118 3453 1278 3512 aquae
1324 3438 1379 3492 in
1430 3437 1579 3493 fluxu
1616 3442 1669 3493 et
1710 3436 1919 3492 refluxu
1978 3438 2161 3505 maris,
2214 3438 2310 3510 qui

307 3537 508 3594 accidit
547 3548 616 3590 ex
659 3531 818 3588 lunae
840 3531 1074 3586 actione.
1099 3523 1189 3584 Sic
1223 3527 1388 3598 igitur
1415 3543 1482 3581 ex
1514 3541 1578 3582 ea
1608 3535 1734 3598 quae
1771 3526 1824 3580 in
1855 3527 2123 3583 creaturis
2162 3529 2313 3583 acci-

305 3624 440 3682 dunt
469 3625 586 3688 Deo
605 3627 821 3694 agente,
841 3620 968 3674 licet
993 3616 1281 3672 videantur
1303 3629 1422 3670 esse
1438 3622 1626 3670 eontra
1652 3615 2035 3688 particularem
2066 3615 2311 3671 ordinem

309 3729 502 3770 causei
508 3723 600 3768 um
644 3707 1027 3794 secundarum,
1063 3709 1189 3760 suut
1236 3710 1416 3758 tamen
1461 3703 1760 3759 secundum
1797 3699 2045 3760 ordinem
2088 3704 2307 3758 univer-

309 3801 478 3860 salem
509 3806 741 3858 naturae
767 3787 886 3854 Non
912 3785 1080 3867 igitur
1107 3790 1368 3848 miracula
1398 3799 1525 3847 sunt
1548 3798 1737 3848 contra
1768 3800 2040 3850 naturam.
