2850 4517
638 312 764 381 102
1122 325 1176 374 s.
1220 325 1453 369 'monam
1492 325 1821 373 AQUINA'HS
1859 315 2172 371 >oensem-nt

643 444 835 501 ordine
863 442 1050 499 finium
1080 456 1205 514 quae
1241 446 1370 496 sunt
1396 441 1571 512 magis
1597 446 1805 495 remota
1835 455 1868 496 a
1912 439 2037 508 fine,
2071 439 2389 522 pertingunt
2416 439 2487 498 ad
2522 439 2642 499 ulti-

645 549 798 589 mum
831 533 990 588 finem
1020 528 1384 586 mediantibus
1413 527 1501 584 bis
1530 544 1656 616 quae
1684 534 1813 584 sunt
1838 528 2015 600 magis
2043 529 2347 601 propinqua
2372 528 2487 598 fini,
2514 529 2646 584 sicut

645 622 796 694 potio
833 636 937 680 non
972 618 1255 674 ordinatur
1283 623 1354 674 ad
1391 612 1685 674 sanitatem
1711 618 1815 673 nisi
1852 633 1969 694 per
1984 619 2387 690 purgationem.
2418 617 2573 675 Unde
2596 623 2646 672 et

643 711 701 765 in
741 708 942 764 ordine
989 707 1228 765 universi
1287 705 1545 762 inferiora
1572 696 2010 779 consequuntur
2066 705 2341 778 praecipue
2402 706 2645 762 ultimum

645 798 828 864 finem,
862 797 916 852 in
945 801 1211 868 quantum
1240 793 1563 850 ordinantur
1588 796 1655 851 ad
1690 793 1993 866 superiora.
2020 795 2137 850 Hoc
2170 796 2338 850 etiam
2366 794 2647 851 manifeste

646 891 874 959 apparet
909 885 1090 956 ipsum
1133 899 1318 938 rerum
1342 882 1615 963 ordinem
1654 881 2043 943 consideranti.
2075 885 2221 940 Cum.
2258 884 2405 940 enim
2438 900 2503 940 ea
2532 899 2646 956 quae

644 959 971 1048 naturaliter
997 971 1152 1038 liunt,
1175 970 1319 1030 sicut
1345 976 1476 1036 nata
1499 981 1629 1028 sunt
1652 973 1761 1044 ag-i,
1791 973 1875 1028 sic
1906 979 2167 1044 agantur,
2184 973 2436 1028 videmus
2472 980 2643 1028 autem

645 1060 1052 1134 imperfectiora
1089 1059 1286 1115 cedere
1328 1060 1399 1116 ad
1437 1077 1601 1116 usum
1649 1060 1997 1126 nobiliorum,
2033 1067 2221 1134 utpote
2266 1062 2413 1134 quod
2454 1060 2642 1133 plantae

645 1149 973 1216 nutriuntur.
1011 1164 1077 1203 ex
1125 1153 1290 1216 terra,
1323 1148 1584 1212 animalia
1622 1165 1690 1206 ex
1731 1149 1953 1222 plantis,
1990 1149 2109 1207 haec
2157 1157 2343 1209 autem
2386 1150 2458 1206 ad
2499 1165 2641 1204 usum

646 1237 884 1316 hominis
915 1238 1138 1303 cedunt,
1162 1226 1521 1310 consequens
1557 1247 1641 1294 est
1682 1244 1745 1293 ut
1778 1238 2081 1297 inanimata
2120 1239 2234 1297 sint
2274 1243 2499 1311 propter
2534 1237 2644 1295 aui-

648 1333 818 1403 mata‚
847 1334 904 1381 et
928 1325 1130 1401 plantae
1157 1333 1380 1398 propter
1405 1325 1682 1393 animalia,
1710 1335 1766 1382 et
1795 1326 1913 1383 haec
1935 1333 2159 1400 propter
2196 1326 2495 1391 hominem.
2522 1327 2643 1382 Cum

653 1421 837 1482 autem
863 1420 1140 1489 ostensum
1159 1415 1250 1482 sit,
1274 1415 1420 1486 quod
1452 1422 1648 1472 natur-a
1679 1414 2063 1472 intellectualis
2082 1414 2155 1470 sit
2181 1415 2433 1487 superior
2458 1429 2643 1487 corpo-

653 1501 776 1567 rali,
804 1516 1142 1575 consequens
1169 1510 1251 1557 est
1280 1508 1339 1557 ut
1379 1508 1495 1558 tota
1543 1511 1739 1560 natura
1774 1503 2078 1576 corporalis
2123 1503 2192 1560 ad
2230 1502 2642 1559 intellectualem

657 1590 958 1650 ordinetur.
983 1591 1130 1646 Inter
1169 1598 1394 1650 naturas
1423 1598 1609 1649 autem
1645 1592 2064 1660 intellectuales,
2097 1608 2221 1665 quae
2254 1591 2489 1648 maxime
2532 1607 2643 1648 cor·

650 1677 783 1760 pori
803 1685 885 1736 est
898 1663 1110 1744 vicina,
1143 1685 1228 1734 est
1257 1681 1438 1736 anima
1468 1681 1773 1750 rationalis,
1790 1697 1925 1754 quae
1948 1689 2031 1738 est
2061 1680 2294 1737 hominis
2320 1680 2515 1736 forma.
2542 1680 2641 1750 Igi-

650 1753 744 1821 'tur
765 1766 1185 1839 quodammodo
1212 1775 1436 1840 propter
1469 1767 1811 1838 hominem,
1796 1787 1853 1827 m
1894 1777 2161 1844 quantum
2198 1776 2289 1826 est
2332 1768 2642 1826 rationabile

653 1856 874 1936 animal,
904 1863 1021 1912 tota
1065 1865 1261 1921 natura
1298 1857 1599 1929 corporalis
1623 1874 1760 1915 -esse
1804 1858 2040 1916 videtur.
2071 1860 2151 1916 Ex
2190 1858 2641 1915 consummatione

653 1931 820 2016 igitur
869 1945 1104 2008 hominis
1139 1947 1537 2004 consummatio
1579 1948 1749 2004 totius
1791 1955 2003 2006 naturae
2040 1948 2341 2021 corporalis
2386 1947 2640 2021 quodam-

653 2035 814 2095 modo
839 2033 1128 2112 dependet.

1335 2205 1619 2276 CAPUT
1680 2187 1980 2278 CXLIX,

1101 2347 1106 2350 ’
1145 2341 1301 2420 Quis
1319 2349 1412 2409 est
1442 2343 1698 2410 ultim-us
1718 2349 1867 2428 finis
1888 2348 2170 2414 hominis.

729 2473 1140 2531 Consummatio
1166 2484 1350 2533 autem
1387 2477 1623 2536 hominis
1660 2487 1745 2537 est
1773 2482 1827 2537 in
1868 2481 2158 2554 adeptione
2184 2481 2363 2536 ultimi
2393 2479 2533 2548 finis,
2558 2476 2638 2550 qui

659 2567 744 2616 est
771 2561 1013 2635 perfecta
1050 2563 1352 2633 beatitudo,
1379 2566 1495 2623 sive
1536 2567 1771 2625 felicitas
1812 2585 1938 2642 quae
1978 2569 2227 2626 consistit
2252 2569 2308 2625 in
2334 2569 2521 2625 divina
2562 2566 2640 2621 vi-

657 2650 828 2716 sione,
863 2656 924 2705 ut
965 2665 1132 2724 supra
1169 2658 1447 2711 ostensum
1488 2663 1591 2712 est.
1636 2657 1913 2715 visionem
1950 2665 2135 2714 autem
2174 2657 2419 2714 divinam
2460 2670 2640 2713 conse-

660 2739 846 2810 quitur
875 2739 1292 2798 immutabilitas
1315 2742 1626 2801 intellectus
1648 2751 1704 2801 et
1725 2746 2042 2804 volunt-atis,
2072 2745 2389 2804 Intellectus
2409 2745 2635 2818 quidem,

640 2824 795 2902 'quia
832 2843 958 2886 cum
1001 2831 1523 2902 perventum-fuerit
1564 2833 1635 2890 ad
1678 2834 1909 2908 primam
1946 2851 2187 2900 causam,
2213 2833 2271 2890 in
2310 2851 2421 2907 qua
2476 2832 2638 2888 omnia

663 2916 918 2988 cognosci
964 2924 1207 2989 possunt,
1247 2919 1430 2993 inquis
1405 2922 1531 2977 itio
1578 2922 1887 2979 intellectus
1932 2932 2132 2981 cessat.
2150 2921 2428 2978 Mobilitas
2474 2928 2640 2978 autem

661 3005 959 3062 voluntatis
983 3014 1180 3074 cessat,
1212 3009 1342 3078 quia
1377 3010 1577 3082 adepto
1618 3011 1725 3067 fine
1766 3010 2020 3080 ultim0,
2005 3030 2061 3068 m
2098 3028 2206 3085 quo
2252 3018 2336 3068 est
2378 3002 2639 3083 plenitudo
2725 3029 2729 3036 ·

657 3094 828 3148 totius
850 3093 1144 3162 bonitatis,
1193 3095 1325 3150 nihil
1373 3105 1457 3153 est
1512 3100 1656 3170 quod
1704 3101 2125 3157 desiderandum
2182 3106 2371 3157 restet.
2426 3101 2504 3154 Ex
2550 3098 2640 3152 hoc

662 3173 845 3239 autem
879 3182 1132 3238 voluntas
1179 3190 1441 3252 mutatur,
1486 3186 1617 3258 quia
1664 3187 1941 3244 desiderat
1980 3188 2189 3262 aliquid
2227 3187 2373 3262 quod
2420 3187 2640 3244 nondum

659 3266 1214 3328 habet..Manifestum
1241 3277 1324 3326 est
1351 3273 1535 3344 igitur,
1567 3275 1712 3348 quod
1755 3277 1948 3333 ultima
1980 3277 2378 3334 consummatio
2424 3273 2640 3331 hominis

661 3355 716 3410 in
746 3357 983 3429 perfecta
1013 3360 1368 3432 quietatione,
1399 3361 1483 3417 vel
1526 3364 1905 3427 immobilitate
1934 3366 2183 3426 consistit
2206 3373 2263 3422 et
2294 3371 2557 3440 quantum
2578 3359 2637 3416 ad

662 3444 1016 3520 intellectum,
1041 3453 1098 3504 et
1121 3450 1481 3520 quantum.ad
1512 3452 1865 3510 voluntatem.
