2850 4517
481 379 605 441 248
963 393 1017 436 s.
1061 391 1295 434 ruouae
1334 388 1663 438 Aoumurs
1702 387 2013 432 croscum

483 518 649 570 turae.
690 508 798 567 Sed
834 507 1117 564 sciendum
1152 505 1302 579 quod
1341 504 1506 563 bomo
1531 502 1830 561 retrahitur
1857 513 1891 560 a
1920 502 2086 572 malo,
2134 509 2192 581 et
2216 502 2502 562 inducitur

454 619 459 624 ·
485 598 555 658 ad
578 599 783 656 bonum
806 612 876 652 ex
901 595 1132 652 duobus.
1158 593 1359 662 Primo,
1394 594 1590 650 timore
1621 609 1637 648 ε
1667 593 1905 666 primum
1933 590 2081 649 enim
2103 600 2328 667 propter
2349 594 2500 667 quod

486 687 688 761 aliquis
726 685 965 742 maxime
1010 683 1201 757 incipit
1237 688 1525 756 peccatum
1552 681 1750 750 vitare,
1795 688 1882 738 est
1914 678 2284 739 consideratio
2322 697 2505 756 poenae

485 775 701 843 inferni,
734 782 801 852 ρι’
814 771 1045 829 extremi
1062 770 1279 844 judicii.
1308 770 1378 828 Et
1404 770 1528 828 ideo
1567 770 1772 827 dicitur
1799 769 2010 827 Eccles.
2041 785 2064 827 ι
2092 787 2107 827 =
2147 769 2382 828 Initium
2407 787 2508 828 sa-

484 862 701 938 pientire
726 861 889 920 timor
911 859 1149 926 Domini,
1180 868 1237 916 et
1261 859 1462 916 ibidem
1494 875 1507 915 z
1543 859 1733 916 Timor
1753 857 1974 916 Domini
2001 859 2216 933 expellit
2231 868 2510 934 peecatum

486 955 641 1012 Licet
679 951 825 1008 enim
865 949 957 1007 itte
983 949 1078 1024 qui
1117 965 1183 1005 ex
1226 949 1423 1004 timore
1467 964 1574 1005 non
1618 957 1830 1019 peccat,
1876 963 1985 1004 nen
2029 949 2103 1006 sit
2139 949 2343 1021 justus,
2375 948 2510 1006 inde

490 1052 674 1099 tamen
699 1039 891 1110 incipit
911 1038 1258 1110 justificatio.
1276 1038 1396 1094 -Hoc
1417 1052 1550 1110 ergo
1575 1037 1735 1094 modo
1762 1036 2061 1094 retrahitur
2086 1036 2248 1094 homo
2277 1054 2310 1094 a
2333 1038 2505 1108 malo,

488 1137 546 1188 et
574 1129 850 1186 inducitur
878 1126 949 1184 ad
978 1125 1181 1183 bonum
1208 1142 1305 1200 per
1330 1125 1504 1198 legem
1541 1127 1734 1200 Moysi,
1767 1139 1935 1206 quam
1970 1126 2193 1201 quidem
2224 1129 2508 1185 irritantes

492 1226 667 1276 morte
710 1210 1095 1291 puniebantur.
1126 1214 1343 1271 Hebrae.
1370 1231 1413 1272 x
1445 1232 1458 1270 ι
1488 1214 1724 1272 Irritam
1765 1214 1886 1288 quis
1910 1215 2114 1288 faciens
2143 1217 2302 1290 legem
2332 1216 2510 1290 Moysi

490 1309 601 1364 sive
626 1307 739 1364 ulla
772 1295 1111 1363 miseratione
1137 1303 1357 1372 duobus,
1384 1304 1467 1362 vel
1501 1303 1676 1360 tribus
1703 1303 1918 1361 testibus
1953 1303 2209 1361 moritur.
2239 1305 2346 1364 Sed
2373 1305 2510 1379 quia

494 1396 687 1452 modus
718 1395 825 1451 iste
856 1399 943 1450 est
976 1393 1327 1461 insufflo-iem,
1352 1399 1411 1449 et
1451 1393 1538 1450 lex
1566 1409 1692 1466 quae
1711 1393 1843 1450 data
1886 1400 2006 1451 erat
2029 1410 2127 1466 per
2156 1396 2378 1468 Moysen
2402 1395 2514 1451 hoc

492 1483 676 1551 modo,
706 1481 919 1540 scilicet
960 1497 1056 1555 per
1086 1483 1338 1538 timorem
1366 1481 1683 1540 retrahebat
1724 1481 1975 1550 amalis,
2006 1481 2337 1540 insufficiens
2375 1483 2510 1541 fuit.

492 1572 648 1632 Licet
686 1571 833 1628 enim
872 1571 1179 1628 coercuerit
1207 1585 1450 1638 manum,
1483 1585 1593 1627 non
1627 1570 1920 1628 coercebat
1965 1571 2220 1638 animum,
2263 1571 2389 1627 ideo
2417 1577 2514 1630 est

494 1660 636 1718 alius
676 1661 870 1717 modus
896 1658 1210 1717 retrahendi
1256 1676 1289 1716 a
1318 1658 1481 1726 malo,
1521 1665 1580 1716 et
1609 1658 1902 1716 inducendi
1944 1659 2012 1717 ad
2050 1659 2270 1726 bonum,
2307 1661 2514 1717 modus

495 1748 707 1806 scilicet
734 1749 938 1807 amoris
982 1762 999 1810 ε
1045 1754 1103 1805 et
1144 1749 1250 1805 boc
1292 1748 1455 1805 modo
1495 1748 1600 1805 suit
1644 1748 1777 1805 data
1805 1748 1893 1805 lex
1915 1746 2133 1816 Christi,
2167 1748 2378 1806 scilicet
2419 1748 2513 1805 lex

496 1837 840 1911 evangelica.
879 1854 1004 1912 quae
1044 1844 1130 1894 est
1176 1837 1264 1894 lex
1312 1835 1534 1894 amoris.
1581 1836 1689 1894 Sed
1721 1837 2178 1895 considerandum
2223 1844 2327 1904 est,
2361 1837 2512 1911 quod

495 1929 641 1985 inter
664 1927 837 2000 legem
863 1927 1079 1984 timoris
1100 1933 1158 1984 et
1185 1925 1361 2000 legem
1387 1926 1591 1984 amoris
1629 1926 1828 1999 tripiex
1853 1926 2161 1984 differentia
2188 1927 2464 1984 invenitur
2494 1943 2509 1981 z
2610 1986 2618 1992 ,

497 2024 555 2073 et
580 2015 775 2089 prime,
801 2015 932 2090 quia
957 2014 1042 2071 lex
1070 2016 1283 2072 timoris
1304 2014 1438 2072 facit
1466 2030 1594 2072 suos
1617 2014 1998 2072 observatores
2025 2031 2235 2085 servm,
2272 2016 2359 2072 lex
2381 2031 2514 2073 vero

500 2104 703 2174 amoris
726 2103 858 2160 facit
883 2103 1101 2160 liberos,
1128 2103 1232 2174 Qui
1257 2105 1405 2160 enirn
1430 2109 1690 2178 operatur
1711 2103 1888 2160 solum
1910 2121 1977 2161 ex
2009 2105 2224 2174 timore,
2253 2110 2514 2178 operatur

502 2208 597 2264 per
626 2193 849 2250 modum
872 2193 1015 2248 servi
1046 2209 1058 2245 :
1088 2193 1183 2264 qui
1212 2198 1344 2248 vero
1363 2209 1440 2248 ex
1468 2208 1672 2260 amore,
1701 2209 1798 2266 per
1821 2191 2044 2250 modum
2069 2193 2247 2262 liberi,
2279 2191 2372 2250 vei'
2391 2193 2513 2250 filii.

501 2278 659 2335 Unde
697 2283 864 2353 Apos.
908 2295 972 2336 ιι.
1028 2279 1214 2336 Corin.
1271 2295 1339 2336 111
1386 2297 1399 2335 ε
1451 2281 1554 2338 Ubi
1599 2281 1850 2355 spiritus
1881 2282 2120 2350 Domini,
2159 2282 2237 2338 ibi
2274 2282 2516 2348 libertas,

474 2421 485 2430 „
502 2367 632 2439 quia
661 2367 872 2423 scilicet
900 2367 1039 2422 tales
1066 2383 1135 2422 ex
1163 2360 1350 2424 amore
1378 2378 1439 2426 ut
1470 2369 1563 2426 iiiii
1592 2379 1908 2443 operantur.
1933 2370 2184 2429 Secunda
2207 2372 2518 2430 differentia

504 2459 607 2520 est,
634 2453 766 2525 quia
788 2453 1169 2510 observatores
1192 2456 1383 2528 primae
1412 2457 1548 2530 legis
1580 2459 1650 2515 ad
1673 2459 1817 2517 bona
1845 2458 2167 2534 temporalia
2197 2459 2520 2517 introduce-

436 2565 439 2567 *
505 2541 727 2598 bantur.
770 2542 880 2598 Isa.
912 2557 931 2596 ι
978 2558 991 2595 :
1023 2541 1083 2598 Si
1110 2544 1408 2611 volueritis,
1439 2553 1490 2620 et
1529 2547 1816 2605 audieritis
1841 2565 1943 2616 me,
1966 2548 2106 2606 bona
2141 2556 2308 2606 terroe
2345 2566 2520 2606 come

504 2628 640 2684 detis
668 2645 687 2686 .·
715 2629 812 2686 sed
850 2629 1227 2688 observatores
1251 2635 1507 2692 secundae
1534 2635 1690 2709 legis,
1722 2637 1780 2693 in
1817 2637 1962 2695 bona
1989 2638 2234 2696 coelestia
2263 2639 2522 2696 introdu-

507 2725 708 2774 cuntur
734 2719 866 2774 Mat.
898 2734 1005 2775 xlx
1050 2737 1063 2774 :
1112 2720 1172 2776 Si
1214 2721 1293 2776 vis
1336 2723 1407 2778 ad
1453 2724 1618 2781 vitam
1671 2725 1905 2797 ingredi,
1954 2743 2110 2784 serva
2153 2727 2432 2794 mandata,
2463 2735 2521 2784 et

508 2806 640 2862 Mat.
673 2822 738 2863 ιιι
771 2823 783 2863 :
810 2807 1191 2868 Poenitentiam
1212 2811 1371 2882 ayite,
1396 2818 1506 2870 etc.
1533 2813 1717 2871 Tertia
1737 2814 2047 2873 differentia
2067 2823 2171 2883 est,
2191 2817 2326 2890 quia
2340 2817 2524 2890 prima

508 2896 713 2967 gravis.
742 2899 869 2954 Act.
902 2913 982 2954 xv
1030 2915 1045 2972 ς
1092 2899 1208 2956 Cur
1256 2901 1474 2960 tentatis
1518 2902 1786 2976 imponere
1822 2905 2015 2980 jugum
2055 2922 2220 2978 super
2263 2905 2525 2963 cervicem

508 2991 767 3051 nostram,
797 2985 935 3058 quod
962 3002 1125 3059 neque
1159 3003 1275 3057 nos,
1317 3007 1480 3062 neque
1501 2998 1687 3063 patres
1713 2993 1891 3050 nostri
1917 3001 2146 3067 portare
2168 3001 2468 3066 potuerunt
2505 3011 2522 3050 ε
2583 3059 2591 3066 ,

464 3091 483 3110 ³
508 3073 749 3129 secunda
790 3081 976 3131 autem
1018 3074 1174 3146 ieviS,
1204 3077 1359 3133 Matt.
1392 3079 1706 3152 11:1u9um
1747 3081 1890 3136 enim
1927 3098 2104 3138 meum
2145 3095 2307 3138 suave
2345 3091 2448 3149 est,
2473 3090 2530 3140 et

508 3177 641 3216 onus
662 3176 835 3217 meum
857 3163 984 3218 leve.
1011 3167 1178 3238 Apos.
1200 3165 1301 3222 Ro.
1333 3182 1442 3223 vm
1473 3185 1486 3221 ι
1511 3167 1638 3226 Non
1661 3168 1938 3245 accepistis
1961 3170 2220 3244 spiritum
2241 3171 2530 3229 servitutis

512 3247 711 3304 iterum
735 3248 796 3303 in
820 3249 1029 3318 timore,
1058 3252 1147 3307 sed
1172 3255 1448 3326 accepistis
1473 3255 1730 3329 spiritum
1757 3256 2058 3329 adoptionis
2077 3256 2341 3331 filiorum.

582 3334 735 3390 Sicut
775 3341 904 3408 ergo
939 3331 1413 3410 jam'praedictum
1455 3349 1558 3410 est,
1603 3343 1942 3418 quadruplex
1987 3343 2076 3402 lex
2117 3345 2420 3417 invenitur,
2468 3351 2530 3404 et

512 3423 687 3496 prima
715 3425 941 3497 quidem
965 3425 1053 3482 lex
1075 3434 1305 3496 naturae,
1334 3447 1499 3503 quam
1526 3433 1676 3489 Deus
1710 3431 1918 3489 homini
1943 3433 2009 3492 'in
2029 3436 2310 3492 creatione
2334 3435 2533 3492 infun-

512 3511 597 3568 dit
624 3529 639 3566 ι
670 3514 912 3573 secunda
950 3514 1037 3570 lex
1071 3517 1532 3590 concupiscentiae
1563 3537 1576 3589 ς
1611 3520 1776 3578 tertia
1821 3521 1910 3578 lex
1935 3522 2237 3597 Scripturae
2280 3539 2296 3578 ε
2323 3528 2534 3596 quarta

512 3607 599 3658 est
619 3600 705 3658 lex
731 3602 1019 3660 charitatis
1047 3611 1104 3660 et
1142 3606 1336 3678 gratiae
1362 3625 1490 3681 quae
1512 3618 1596 3666 est
1640 3609 1729 3667 iex
1753 3608 1978 3668 Christi.
2021 3611 2130 3669 Sed
2171 3611 2534 3672 manifestum

512 3695 598 3752 est
639 3691 783 3762 quod
826 3708 935 3748 non
960 3707 1151 3751 omnes
1185 3704 1415 3768 possunt
1457 3697 1704 3756 scientiae
1749 3699 2026 3768 insudare,
2071 3706 2131 3756 et
2156 3706 2453 3773 propterea
2495 3717 2536 3762 a

512 3776 729 3834 Christo
750 3780 883 3838 data
910 3785 995 3838 est
1032 3782 1119 3840 lex
1145 3782 1346 3852 brevis,
1377 3794 1440 3843 ut
1476 3786 1548 3844 ab
1585 3787 1838 3846 omnibus
1865 3796 2054 3862 posset
2075 3788 2227 3858 sciri,
2255 3795 2316 3846 et
2341 3788 2540 3846 nullus

514 3874 736 3937 propter
758 3868 1122 3940 ignorantiam
1160 3873 1333 3944 possit
1369 3875 1440 3932 ab
1467 3877 1600 3946 eius·
1624 3865 1976 3936 observantia
2000 3878 2274 3948 excusari,
2319 3884 2381 3936 et
2407 3877 2540 3935 haec

516 3958 605 4008 est
632 3950 720 4010 lex
745 3955 915 4016 divini
944 3961 1165 4030 amoris,
1204 3965 1371 4035 Apes.
1414 3963 1574 4022 Rom.
1608 3979 1673 4028 tx
1708 3981 1724 4021 t
1767 3965 1996 4026 Verbum
2020 3965 2324 4024 breviatum
2362 3965 2540 4038 tae-‘et
