2850 4517
725 381 774 428 1.
803 397 884 412 —
911 382 1311 428 comannorum
1365 383 1729 428 rnnonomm
2117 371 2237 436 115

215 498 363 555 centi
383 497 715 572 relinquitur
738 497 794 554 in
819 499 927 556 alio
948 500 1326 573 quaerendum.
1345 501 1503 557 Unde
1523 517 1628 557 non
1650 507 1866 574 oportet
1894 501 2233 561 voluntatem

215 587 458 644 videntis
482 588 870 661 quodcumque
912 588 1115 644 bonum
1155 589 1489 662 particulare
1528 590 1621 646 illo
1650 590 1767 646 solo
1808 592 2127 660 consistere,
2169 601 2232 650 ut

215 682 372 732 extra
403 678 523 750 ejus
553 677 799 733 ordinem
829 693 936 733 non
965 678 1206 734 divertat
1238 695 1251 734 ε
1281 678 1377 735 sed
1405 679 1460 734 in
1499 680 1613 734 Deo
1642 679 1737 753 qui
1759 688 1842 736 est
1870 679 2072 737 bonum
2103 683 2231 738 uni-

214 765 450 833 versale,
485 774 541 822 et
565 767 684 839 ipsa
713 765 952 834 bonitaS,
985 766 1117 822 nihil
1146 767 1271 824 boni
1311 767 1469 822 adest
1502 767 1649 840 quod
1679 767 1809 824 alibi
1840 770 2014 842 quaeri
2041 771 2230 843 possit,
2326 803 2330 807 ·

213 862 274 918 ut
300 871 471 928 supra
492 847 772 912 ostensum
796 864 900 912 est.
923 855 1276 929 Quicumque·
1291 856 1459 928 igitur
1490 858 1584 913 Dei
1609 857 1907 930 essentiam
1931 858 2101 924 videt,
2126 875 2234 916 non

213 951 400 1020 potest
428 943 768 1000 voluntatem
799 945 869 1000 ab
910 961 974 1000 eo
1003 945 1296 1010 divertere,
1326 947 1461 1018 quin
1491 945 1549 1019 in
1587 947 1771 1002 omnia
1808 947 2110 1006 secundum
2141 964 2237 1004 ra-

215 1033 422 1090 tionem
453 1033 626 1105 ipsius
657 1033 845 1090 tendat
874 1051 887 1091 ε
921 1043 1004 1090 εει
1031 1035 1198 1092 etiam
1222 1034 1326 1090 hoc
1349 1035 1537 1108 videre
1560 1052 1657 1108 per
1682 1035 1861 1092 simile
1890 1037 1945 1091 in
1970 1035 2237 1108 intelligi-

213 1123 439 1180 bilibus.
471 1123 788 1181 Intellectus
813 1123 957 1179 enim
987 1133 1173 1181 noster
1205 1130 1384 1198 potest
1421 1123 1725 1182 dubitando
1764 1125 1868 1182 hac
1906 1131 2075 1198 atque
2109 1125 2237 1184 illae

214 1213 513 1279 divertere,
559 1228 844 1286 quousque
883 1213 949 1269 ad
989 1214 1225 1286 primum
1259 1213 1587 1286 principium
1618 1216 1991 1286 perveniatur,
2030 1215 2087 1270 in
2122 1231 2237 1287 quo

214 1287 443 1356 necesse
473 1307 556 1356 est
590 1298 930 1360 intellectum
954 1300 1186 1360 firmari..
1215 1301 1356 1373 Quia
1395 1301 1563 1374 igitur
1592 1301 1717 1358 linis
1754 1302 1808 1357 in
1846 1290 2239 1375 appetibilibus

214 1396 298 1445 est
324 1391 474 1445 sicut
505 1389 832 1462 principium
857 1390 909 1446 in
938 1389 1389 1462 intelligibilibus»,
1421 1397 1604 1464 potest
1628 1391 1850 1464 quidem
1882 1391 2137 1448 voluntas
2161 1391 2231 1447 ad

215 1479 497 1534 contraria
535 1471 682 1535 flecti
720 1496 1007 1554 quousque
1051 1479 1121 1536 ad
1151 1479 1519 1552 cognitionem
1566 1479 1651 1535 vel
1692 1477 2009 1537 fruitionem
2050 1478 2231 1535 ultimi

217 1569 339 1624 linis
380 1568 657 1635 veniatur,
702 1568 759 1625 in
806 1585 915 1641 qua
963 1583 1200 1624 necesse·
1225 1576 1309 1625 est
1345 1569 1524 1640 ipsam
1564 1568 1770 1625 firmari
1822 1584 1837 1623 ε
1880 1577 2025 1626 esset
2062 1568 2232 1626 etiam

215 1664 408 1712 contra
438 1658 707 1712 rationem
735 1657 992 1729 perfectae
1013 1656 1314 1722 felicitatis„
1345 1655 1390 1712 si
1415 1657 1579 1713 homo
1608 1658 1663 1712 in
1705 1655 2047 1728 contrarium
2092 1671 2233 1740 con·

215 1746 352 1800 verti
384 1753 576 1818 posset
610 1761 757 1802 :non
795 1747 940 1802 enim
972 1745 1214 1802 totaliter
1254 1745 1583 1817 excludetur¹
1604 1746 1767 1802 timor
1807 1745 1877 1800 de
1904 1744 2241 1811 amittendo,

217 1843 268 1888 et
309 1834 391 1888 sic
436 1849 545 1890 non
587 1840 734 1888 esset
770 1833 1013 1889 totaliter
1050 1833 1385 1890 desiderium
1428 1833 1735 1906 quietatum
1778 1849 1793 1888 ε
1834 1833 1976 1889 unde
2014 1837 2234 1905 Apoca-

217 1920 386 1996 lypsis
421 1936 514 1987 ιιι,
543 1919 746 1976 dicitur
774 1919 844 1975 de
865 1919 1028 1976 beato
1062 1936 1074 1973 :
1103 1920 1281 1976 Foras
1307 1937 1414 1976 non
1442 1918 1749 1992 eqredietur
1770 1921 2019 1992 amplius.

901 2139 1186 2209 CAPUT
1227 2141 1549 2210 CLXVII.
1612 2119 1683 2234 J'

455 2301 634 2376 Quod
658 2317 912 2382 corpora
937 2307 1116 2365 erum
1143 2303 1376 2365 omnino
1407 2301 1737 2366 obedientia
1763 2301 2003 2366 animoe.

287 2455 434 2524 Quia
463 2469 592 2509 vero
635 2457 835 2526 cor'pus
875 2461 959 2510 est
1000 2461 1219 2527 propter
1259 2455 1520 2521 animam,
1554 2455 1697 2515 sicut
1736 2455 1968 2514 materia
2007 2462 2233 2530 propter

221 2543 470 2610 formam,
507 2550 561 2598 et
585 2559 849 2617 organum
888 2551 1108 2616 propter
1150 2544 1439 2612 artificem,
1470 2545 1670 2602 animae
1698 2547 1877 2602 vitam·
1908 2547 2232 2618 praedictam

221 2641 534 2690 consecutas
585 2631 693 2690 tale
736 2648 933 2704 corpus
974 2633 1032 2688 in
1087 2637 1487 2690 resurrectione
1550 2635 1881 2706 adjungetur
1940 2635 2228 2700 divinituS,

224 2724 386 2798 quale.
409 2721 1034 2796 competat.beatitudini
1061 2722 1274 2779 animae.
1303 2722 1440 2792 Quae
1464 2724 1609 2777 enim
1637 2731 1863 2794 propter
1888 2721 2053 2778 finem
2076 2731 2228 2788 sunt,

224 2812 435 2886 disponi
479 2815 698 2884 oportet
745 2811 1043 2867 secundum
1095 2811 1424 2880 exigentiam
1471 2809 1613 2862 finis.
1657 2809 1871 2864 Animae
1920 2809 2232 2885 autem-ad

225 2917 494 2958 summum
511 2901 845 2973 operationis
870 2897 1255 2956 intellectualis
1276 2894 1605 2968 pertingenti
1628 2910 1735 2950 non
1758 2896 2013 2950 convenit
2032 2910 2233 2967 corpus

225 2991 440 3059 habere,
475 3007 572 3063 per
602 2990 745 3064 quod
776 2987 1088 3062 aliqualiter
1115 2984 1466 3058 impediatur,
1509 2973 1604 3039 aut
1645 2981 1980 3038 retardetur.
2020 2983 2234 3054 Corpus

227 3087 406 3134 autem
439 3079 737 3133 humanum
763 3077 974 3132 ratione
998 3091 1112 3131 suae
1149 3071 1627 3145 corruptibilitatis
1655 3068 1884 3142 impedit
1913 3070 2153 3127 animam
2177 3077 2235 3128 et

227 3168 488 3234 retardat,
521 3173 583 3221 ut
615 3182 717 3222 nec
751 3166 1026 3222 continuae
1049 3161 1502 3236 contemplationi
1531 3161 1787 3218 insistere
1818 3157 2020 3227 valeat,
2049 3176 2233 3234 neque

227 3256 300 3314 ad
329 3273 597 3311 summum
629 3246 1103 3327 contemplationis
1133 3253 1435 3325 pervenire,
1462 3251 1604 3307 unde
1627 3265 1723 3322 per
1746 3248 2173 3305 abstractionem
2198 3266 2229 3307 a

229 3345 474 3402 sensibus
501 3345 750 3417 corporis
791 3344 1036 3399 homines
1076 3343 1316 3416 aptiores
1341 3341 1410 3397 ad
1454 3341 1640 3397 divina
1670 3337 1922 3411 quaedam
1966 3339 2233 3410 capienda

229 3421 549 3489 redduntur.
599 3433 739 3488 Nam
787 3430 1121 3504 propheticae
1163 3429 1529 3486 revelationes
1571 3425 1988 3489 dormientibus,
2038 3424 2123 3480 vel
2174 3426 2231 3481 in

230 3521 410 3594 aliquo
433 3538 662 3578 excessu
693 3521 890 3576 mentis
914 3518 1272 3576 existentibus
1295 3517 1737 3581 manifestantur,
1767 3514 2064 3570 secundnm
2098 3511 2230 3569 illud

228 3611 447 3667 Numer.
481 3627 570 3668 χιι
612 3627 625 3665 :
657 3607 715 3666 si
742 3609 858 3681 quis
899 3608 1071 3677 fuerit
1099 3607 1245 3666 inter
1270 3624 1359 3662 vos
1379 3607 1649 3678 Propheta
1672 3604 1893 3662 Domini
1930 3604 1990 3658 in
2030 3602 2233 3658 visione

227 3701 489 3771 apparebo
513 3700 582 3765 ei,
609 3701 689 3756 vel
706 3715 810 3772 per
835 3698 1096 3756 somnium
1120 3699 1308 3772 loquar
1329 3697 1400 3752 ad
1421 3713 1557 3752 etim.
1584 3696 1823 3768 Corpora
1854 3695 2019 3767 igitur
2044 3708 2232 3750 resur-

226 3789 470 3872 εβειῑμεε
494 3791 782 3872 beatem-¹3³
811 3805 918 3870 ¹³9⁰
946 3795 1107 3868 erunt
1128 3786 1523 3868 restantibus,
1550 3795 1607 3862 m
1626 3785 1865 3864 enimam
1894 3782 2233 3860 renitentia

229 3885 288 3952 ιιι
331 3893 488 3962 nune
520 3879 617 3960 §es
669 3880 846 3960 masi}
891 3877 1340 3958 incorruptelae,
1386 3883 1443 3956 ει
1490 3873 1731 3956 ‘salites
1775 3870 2085 3966 osseiemn
2126 3871 2264 3954 {nsi-

227 3968 449 4064 animae,
475 3969 530 4051 in
559 3967 709 4052 nulls
739 3968 790 4052 si
813 3966 1088 4050 resistent
