2850 4517
465 332 585 396 394
944 350 997 394 ε.
1040 347 1274 392 mona
1313 344 1643 397 Aoumans
1682 345 1994 392 opuscom

466 465 615 538 quod
646 474 733 523 est
766 480 907 522 unus
948 436 1259 537 Deus‚'qui
1296 468 1381 520 est
1409 468 1786 525 remunerator
1828 445 2113 531 bonorum,
2161 467 2219 519 et
2255 462 2481 537 punitor

466 554 751 633 malorum,
788 561 845 611 et
872 552 1019 626 quod
1062 557 1146 609 est
1175 552 1284 609 alia
1310 552 1448 620 vita,
1479 560 1536 609 ει
1573 551 1906 625 hujusmodi,
1947 552 2148 626 quibus
2183 552 2323 609 satis
2349 551 2478 608 alli-

465 643 641 699 cimur
670 642 738 700 ad
762 641 983 708 bonum,
1014 650 1071 699 et
1092 642 1332 698 vitamus
1359 640 1583 698 malum.
1605 640 1777 697 Abac.
1801 655 1845 696 11
1869 656 1882 694 :
1908 636 2096 697 Iustus
2126 655 2270 695 meus
2287 655 2354 695 ex
2373 637 2480 710 fide

465 732 619 787 vivit.
650 730 719 787 Et
742 732 845 788 boc
871 732 1042 788 etiam
1068 735 1238 804 patet,
1266 730 1398 805 quia
1425 728 1607 786 nullus
1633 728 2081 802 philosophorum
2113 734 2243 785 ante
2267 728 2479 785 adven-

466 826 585 879 tum
608 820 807 879 Christi
840 836 966 877 cum
994 827 1111 877 toto
1138 825 1338 877 conatu
1367 834 1468 875 suo
1501 819 1680 892 potuit
1711 824 1926 875 tantum
1965 818 2110 874 scire
2152 817 2220 873 de
2251 817 2385 884 Deo,
2422 822 2478 871 et

466 910 535 967 de
554 910 878 966 necessariis
902 909 972 983 ad
1001 908 1171 966 vitam
1198 915 1483 977 aeternam‚
1499 914 1778 983 ¹quantum
1807 912 1930 980 post
1955 907 2254 963 adventum
2278 905 2476 964 Christi

370 1034 377 1039 -
466 999 572 1055 scit
608 998 792 1054 vetula
833 1014 930 1071 per
959 998 1141 1054 fidem.
1186 998 1255 1053 Et
1296 998 1419 1056 ideo
1453 997 1656 1055 dicitur
1681 997 1769 1054 lsa
1813 1012 1857 1053 11
1899 1012 1912 1050 ε
1959 994 2184 1067 Replcta
2224 1002 2300 1051 eet
2327 1001 2476 1049 terra

423 1107 429 1113 ·
467 1086 691 1144 scientia
717 1086 956 1143 Domini.
984 1086 1210 1157 Quarto,
1242 1087 1373 1159 quia
1403 1086 1539 1142 fides
1567 1092 1650 1141 est
1678 1100 1788 1158 qua
1817 1083 2088 1141 vincimus
2125 1084 2474 1141 tentationes.

469 1174 634 1231 Hebr.
679 1192 743 1233 ιι.
791 1193 806 1232 z
848 1175 1031 1232 Sancti
1057 1191 1159 1247 per
1184 1174 1341 1247 fidem
1375 1174 1621 1231 vicerunt
1659 1188 1846 1245 reyna.
1877 1173 1946 1229 Et
1986 1172 2090 1229 boc
2128 1178 2299 1245 patet,
2347 1171 2478 1243 quia

468 1264 646 1320 omnis
671 1254 903 1322 tentatio
944 1264 1027 1320 vel
1068 1273 1152 1320 est
1191 1278 1223 1321 a
1249 1262 1486 1329 diabolo,
1518 1253 1602 1319 vel
1640 1278 1673 1320 a
1701 1262 1922 1329 mundo,
1952 1261 2040 1318 vel
2065 1278 2098 1318 a
2126 1277 2309 1318 carne.
2342 1260 2478 1316 Dia-¹

468 1352 627 1409 bolus
652 1354 797 1409 enim
827 1359 1003 1409 tentat
1033 1359 1091 1408 ut
1126 1367 1236 1410 non
1262 1352 1491 1409 obedias
1522 1352 1656 1418 Deo,
1687 1366 1792 1407 nee
1833 1349 2144 1423 subjiciaris
2171 1350 2242 1408 ei.
2273 1350 2342 1405 Ει
2375 1348 2480 1405 hoc

469 1457 567 1515 per
590 1440 753 1497 fidem
786 1437 1096 1497 removetur
1128 1457 1141 1494 :
1173 1454 1299 1497 nam
1323 1456 1419 1512 per
1453 1439 1616 1496 fidem
1645 1439 2042 1511 cognoscimuS‚
2075 1437 2218 1511 quod
2244 1438 2362 1509 ipse
2389 1443 2480 1493 εει

380 1582 392 1596 ,
472 1527 736 1584 Dominus
762 1529 1021 1595 omnium,
1054 1535 1111 1585 et
1139 1526 1262 1585 ideo
1289 1528 1393 1585 eibi
1422 1533 1508 1585 est
1531 1526 1913 1583 obediendum.
1942 1526 2127 1583 IPetr.
2153 1541 2188 1581 v
2216 1542 2229 1580 z
2253 1524 2477 1581 Adver-

469 1616 652 1675 sarius
691 1623 861 1674 vester
888 1616 1127 1673 diabolus
1162 1616 1358 1673 circuit
1384 1632 1628 1689 quoerem
1664 1632 1815 1689 quem
1857 1615 2091 1679 devoret,
2117 1612 2203 1669 cui
2241 1612 2476 1669 resistite

470 1706 637 1778 fortes
663 1705 722 1761 in
758 1704 881 1777 fide.
912 1706 1143 1762 Mundus
1170 1711 1356 1763 autem
1395 1711 1572 1762 tentat
1607 1704 1694 1762 vel
1729 1703 2017 1761 alliciendo
2052 1702 2344 1777 prosperiS,
2392 1700 2480 1758 vel

474 1793 734 1851 terrendo
766 1793 1031 1857 adversis,
1078 1794 1185 1852 Sed
1226 1794 1346 1853 baec
1380 1794 1651 1859 vincimus
1691 1810 1788 1867 per
1833 1792 2015 1859 tidem,
2049 1807 2176 1864 quae
2213 1790 2343 1848 facit
2382 1805 2484 1847 nos

476 1883 697 1939 credere
726 1882 890 1941 aliam
909 1884 1081 1939 vitam
1110 1874 1389 1943 moliorem
1413 1884 1541 1939 ista.
1571 1882 1640 1939 Et
1668 1882 1792 1940 ideo
1821 1896 2082 1955 prospera
2108 1880 2297 1937 mundi
2321 1880 2480 1952 hujus

478 1958 827 2044 despicimus,
854 1978 912 2028 et
933 1987 1039 2028 non
1063 1972 1418 2029 formidamus
1440 1972 1691 2029 adversa.
1713 1971 1842 2027 110.
1876 1987 1911 2026 v
1934 1987 1948 2025 x
1981 1970 2110 2027 Hoec
2131 1975 2208 2026 cst
2229 1968 2478 2033 victoria,

476 2075 592 2130 quae
615 2060 778 2115 vincit
804 2058 1083 2125 mundum,
1107 2058 1235 2130 fides
1255 2066 1462 2115 nostra.
1503 2058 1572 2113 Et
1595 2059 1763 2115 etiam
1786 2059 1917 2131 quia
1945 2057 2107 2114 docet
2133 2071 2232 2114 nos
2258 2056 2482 2112 credere

478 2147 586 2206 alia
609 2149 815 2219 majora
844 2147 1007 2215 mala,
1034 2148 1246 2204 scilicet
1280 2146 1494 2203 inferni.
1526 2147 1665 2204 Caro
1689 2162 1821 2204 vero
1849 2151 2026 2203 tentat
2054 2145 2362 2203 inducendo
2385 2161 2484 2202 nos

475 2237 544 2294 ad
578 2236 969 2307 delectationes
1008 2236 1136 2291 vitae
1172 2236 1459 2308 praesentis
1499 2242 1908 2292 momentaneas
1938 2252 1952 2290 z
1985 2235 2082 2292 sed
2119 2234 2256 2291 fides
2291 2242 2484 2291 osten-

474 2324 558 2380 dit
587 2323 761 2389 nobis‚
803 2323 949 2396 quod
988 2339 1083 2395 per
1115 2324 1233 2390 bas,
1264 2324 1311 2379 si
1351 2324 1434 2379 eis
1462 2324 1703 2380 indebite
1730 2323 2092 2390 adhaeremus,
2122 2331 2359 2380 aeternas
2380 2322 2482 2379 de-

474 2412 797 2473 lectationes
840 2410 1161 2466 amittimus,
1204 2409 1374 2483 Ephe.
1427 2427 1487 2468 vt
1529 2429 1541 2466 ε
1589 2412 1657 2469 In
1697 2412 1938 2469 omnibus
1974 2418 2234 2469 eumentes
2274 2418 2478 2469 scutum

474 2499 617 2572 fidei.
660 2499 751 2556 Sic
791 2513 920 2570 ergo
962 2504 1133 2571 patet,
1164 2499 1325 2573 quod·
1356 2499 1589 2557 multum
1627 2506 1730 2558 est·
1754 2501 1885 2557 utile
1923 2500 2124 2558 habere
2159 2500 2342 2558 fidem.
2373 2500 2480 2557 Sed
2571 2504 2578 2509 “

476 2588 611 2644 dicit
648 2586 851 2667 ⁴aliquis
888 2604 901 2641 ε
944 2585 1186 2645 Stultum
1226 2594 1311 2643 εει
1353 2589 1578 2646 credere
1608 2590 1752 2663 quod
1799 2604 1905 2647 non
1945 2590 2182 2658 videtur,
2228 2605 2327 2646 nec
2353 2595 2484 2645 sunt

478 2674 746 2757 credenda
796 2690 919 2749 quae
966 2690 1069 2732 non
1109 2675 1407 2733 videntur?
1447 2677 1770 2750 Respondeo
1813 2677 2123 2747 dicendum,
2179 2677 2326 2751 quod
2379 2676 2485 2732 hoc

476 2764 697 2821 dubium
730 2764 905 2837 primo
936 2763 1078 2821 tollit
1104 2764 1446 2838 imperfectio
1482 2766 1792 2823 intellectus
1829 2768 1999 2823 nostri
2033 2785 2046 2822 :
2080 2781 2207 2824 nam
2231 2766 2278 2822 si
2319 2766 2486 2823 homo

477 2862 661 2928 posset
710 2852 948 2925 perfecte
985 2868 1080 2927 per
1115 2869 1174 2910 se
1208 2868 1538 2926 cognoscere
1575 2856 1756 2911 omnia
1795 2855 2031 2913 visibilia
2069 2862 2126 2911 et
2163 2853 2481 2919 invisibilia,

482 2942 709 2999 stultum
732 2948 876 2997 esset
903 2942 1127 2999 credere
1155 2956 1281 3015 quae
1310 2957 1415 2998 non
1453 2941 1702 2999 videmus
1743 2962 1757 2999 τ
1788 2943 1885 3000 sed
1913 2944 2159 3015 cognitio
2181 2951 2370 2999 nostra
2397 2949 2487 2998 est

482 3030 618 3087 adeo
668 3028 878 3097 debilis,
925 3029 1070 3103 quod
1122 3030 1302 3088 nullus
1346 3025 1698 3104 philosophus
1739 3034 1917 3105 potuit
1958 3048 2196 3105 unquam
2242 3032 2486 3105 perfecte

483 3119 809 3189 investigare
835 3127 1086 3175 naturam
1115 3119 1277 3175 unius
1300 3134 1505 3177 muscae
1537 3138 1549 3175 τ
1581 3121 1724 3177 unde
1749 3121 1968 3193 legitur,
2009 3120 2155 3194 quod
2181 3136 2321 3177 unus
2357 3119 2488 3193 phi-

482 3206 734 3277 tosophus
770 3206 873 3261 fuit
912 3208 1136 3279 triginta
1164 3206 1320 3264 annis
1349 3208 1405 3264 in
1435 3208 1727 3269 solitudine
1753 3218 1811 3267 ut
1847 3215 2200 3283 cognosceret
2225 3216 2487 3266 naturam

476 3296 612 3369 apis.
647 3294 704 3353 Si
736 3310 867 3367 ergo
905 3295 1213 3353 intellectus
1249 3306 1436 3355 noster
1459 3304 1542 3355 est
1571 3298 1648 3363 ita
1677 3298 1890 3366 debilis,
1923 3314 2101 3357 nonne
2140 3296 2374 3355 stultum
2399 3306 2488 3353 est

476 3383 615 3439 nolle
644 3382 869 3439 credere
896 3383 964 3440 de
1008 3386 1137 3451 Deo,
1175 3384 1279 3440 nisi
1321 3384 1415 3442 illa
1444 3391 1659 3444 tantum
1687 3404 1812 3461 quae
1839 3388 2000 3445 bomo
2025 3392 2206 3461 potest
2245 3400 2488 3458 cognos—

474 3486 599 3527 cere
623 3488 720 3544 per
755 3471 859 3528 se?
888 3472 957 3529 Et
983 3473 1109 3528 ideo
1130 3481 1324 3530 contra
1360 3473 1466 3531 hoc
1495 3474 1716 3543 dicitnr,
1741 3476 1864 3532 Job.
1890 3492 1959 3539 ιιι
1992 3493 2005 3531 :
2039 3476 2173 3535 Ecce
2196 3475 2342 3533 Deus
2360 3491 2488 3531 ma-

474 3576 629 3630 ynus,
656 3560 869 3617 vincens
889 3560 1165 3618 scientiam
1185 3570 1449 3619 nostrams
1475 3564 1742 3631 Secundo,
1776 3570 1956 3638 potest
1983 3564 2320 3638 responderi,
2351 3564 2489 3637 quia

475 3647 607 3705 dato
631 3648 774 3729 quod
800 3649 999 3723 aliquis
1032 3650 1295 3722 magister
1321 3651 1530 3725 aliquid
1559 3652 1765 3710 diceret
1793 3654 1849 3709 in
1877 3669 1974 3710 sua
2007 3653 2258 3721 scientia,
2291 3658 2351 3709 ει
2376 3648 2491 3710 ali-

476 3734 601 3807 quis
625 3738 861 3794 rusticus
884 3737 1111 3807 diceret,
1141 3754 1247 3797 non
1270 3755 1391 3797 esse
1414 3741 1494 3799 ita
1520 3741 1664 3801 sicut
1688 3742 1948 3815 magister
1972 3741 2212 3807 doceret,
2243 3757 2310 3798 eo
2335 3743 2488 3815 quod

479 3822 594 3895 ipse
640 3839 749 3901 non
783 3826 1133 3901 intelligeret,
1178 3827 1411 3889 multum
1456 3837 1804 3903 reputaretur
1844 3830 2046 3889 stultus
2087 3829 2178 3888 ille
2217 3831 2486 3887 rusticus.

480 3909 708 3967 Constat
734 3922 917 3971 autem
959 3916 1106 3989 quod
1133 3917 1443 3987 intellectus
1467 3919 1640 3991 angeli
1662 3920 1896 3979 ‘excedit
1931 3918 2108 3991 magis
2145 3918 2490 3977 intellectum
