2850 4517
541 318 586 381 6
665 348 680 358 ·
1022 336 1074 383 a.
1119 332 1358 383 mou
1395 332 1725 385 Acamans
1764 330 2079 381 oensem

546 452 714 511 etiam
757 450 812 508 in
851 449 1044 511 ordine
1089 466 1280 511 eorum
1319 465 1447 525 qum
1476 456 1607 509 eunt
1646 450 1970 524 composita,
2000 449 2339 523 simpliciora
2375 448 2563 537 priora

547 556 689 606 ease,
708 556 836 607 nam
859 540 1130 599 elementa
1157 548 1284 601 aunt
1307 540 1631 599 naturaliter
1655 540 1837 614 priora
1852 536 2173 613 eoi-poribus
2200 538 2562 599 mistis.1teni

548 630 886 691 etiam-inter
914 631 1034 705 ipsa
1063 630 1334 691 elementa
1362 631 1603 705 primum
1634 637 1721 687 est
1747 629 1910 703 ignis,
1942 629 2089 702 qnod
2131 634 2219 686 eet
2262 628 2563 704 simplicia-

549 720 768 779 simum.
796 719 1062 781 Omnibus
1085 726 1270 779 autem
1299 716 1587 777 elementia
1606 719 1761 793 prius
1792 724 1879 775 eet
1904 732 2106 791 eorpus
2131 717 2379 787 eoeleete,
2408 720 2559 794 quod

548 809 608 865 in
650 808 1239 884 majori-simplicitate
1275 808 1641 867 constitutum
1666 812 1771 875 est,
1800 820 1927 865 enm
1965 806 2036 865 ab
2062 807 2213 865 omni
2248 802 2563 867 eunti-arie-

551 903 667 961 tate
689 896 764 955 sit
791 912 1008 971 purum.
1033 894 1384 970 Relinquitur
1428 894 1597 968 igitur
1641 894 1789 969 qnod
1835 893 2073 969 primum
2103 896 2315 955 entium
2342 903 2564 972 oportet

535 978 770 1047 'omnino
795 985 1026 1059 simplex
1051 999 1194 1043 eece.
1317 992 1324 999 ·

1346 1155 1631 1226 CAPUT
1671 1154 1763 1224 X.

1098 1296 1276 1373 Quod
1299 1297 1469 1363 Deus
1490 1301 1579 1363 est
1602 1314 1720 1362 aua
1744 1296 2020 1365 essentia.

620 1408 885 1504 ‘Sequitur
908 1435 1093 1489 autem
1119 1429 1348 1487 ulterius
1388 1428 1536 1504 quod
1577 1430 1725 1487 Deus
1764 1430 1838 1487 sit
1878 1444 1976 1487 sua
2017 1428 2278 1487 essentia.
2307 1428 2563 1490 Essentia

551 1518 698 1577 enim
723 1518 1148 1592 uniuscujusque
1177 1518 1255 1575 rei
1281 1523 1368 1575 est
1390 1516 1525 1575 illud
1552 1516 1699 1591 quod
1716 1517 1989 1590 significat
2008 1514 2255 1575 definitio
2277 1520 2417 1591 ejus·
2444 1520 2562 1577 Hoc

556 1614 738 1665 autem
779 1615 864 1667 est
900 1604 1046 1665 idem
1081 1622 1210 1665 eum
1245 1621 1307 1665 re
1352 1606 1512 1680 cujus
1560 1612 1646 1665 eet
1695 1606 1963 1673 definitio,
1994 1606 2099 1663 nisi
2135 1622 2231 1680 ρει·
2277 1607 2558 1681 accidens,

558 1696 610 1755 in
640 1702 908 1770 quantum
930 1695 1144 1754 scilieet
1169 1695 1437 1764 definitio,
1454 1694 1657 1757 accidit
1679 1695 1886 1771 aliquid
1916 1696 2063 1770 quod
2086 1698 2169 1753 est
2194 1702 2396 1769 pneter
2422 1690 2569 1755 defl'-

556 1785 818 1841 nitionem
841 1784 1014 1859 ipsius
1039 1802 1058 1841 t
1085 1784 1231 1845 sicut
1255 1783 1464 1843 homini
1478 1784 1692 1845 'accidit
1716 1785 1930 1857 albedo,
1958 1791 2159 1859 praeter
2186 1786 2242 1844 id
2290 1787 2439 1860 quod
2482 1792 2569 1845 eet

557 1872 758 1933 animal
786 1875 1054 1933 rationale
1081 1883 1137 1933 et
1163 1873 1418 1933 mortale.
1440 1873 1595 1933 Unde
1625 1874 1826 1933 animal
1852 1874 2122 1934 rationale
2144 1882 2201 1933 et
2228 1875 2457 1934 mortale
2482 1885 2567 1935 eet

557 1962 702 2021 idem
729 1965 875 2037 quod
908 1963 1076 2023 homo
1103 1981 1118 2023 ε
1145 1965 1244 2025 sed
1272 1982 1380 2023 non
1421 1964 1569 2023 idem
1613 1964 1819 2022 homini
1857 1964 2053 2023 albedo
2100 1965 2153 2021 in
2186 1972 2454 2037 quantum
2482 1971 2569 2023 est

560 2051 764 2111 album.
794 2052 854 2111 ln
873 2071 1222 2129 quocumque
1251 2054 1418 2127 igitur
1443 2070 1551 2113 non
1580 2060 1663 2111 est
1699 2053 1945 2111 invenire
1971 2052 2099 2115 duo,
2132 2068 2366 2123 quorum
2399 2068 2567 2111 unum

565 2149 648 2198 est
671 2158 768 2215 per
794 2159 873 2208 se,
905 2152 962 2200 ει
990 2143 1138 2201 aliud
1170 2158 1266 2215 ρει·
1302 2142 1579 2207 accidens,
1606 2146 1825 2213 oportet
1864 2138 2011 2211 quod
2054 2140 2289 2195 essentia
2334 2142 2454 2212 ejus
2494 2144 2571 2201 eit

563 2230 784 2286 omnino
811 2230 956 2286 idem
979 2245 1106 2287 cum
1129 2243 1194 2287 eo
1213 2228 1298 2285 :in
1321 2229 1437 2286 Deo
1460 2234 1647 2287 autem
1671 2242 1798 2283 eum
1816 2226 1891 2283 sit
1917 2225 2167 2312 simple&
2193 2234 2258 2283 ut
2286 2236 2567 2287 ostensum

563 2322 666 2383 est,
698 2333 807 2373 non
833 2322 919 2374 est
947 2317 1190 2375 invenire
1219 2316 1347 2382 duo,
1379 2330 1615 2389 quorum
1659 2330 1826 2372 unum
1869 2316 1943 2372 eit
1983 2331 2082 2390 pei·
2105 2328 2183 2385 se,
2216 2326 2271 2374 ει
2299 2316 2447 2375 alind
2472 2333 2571 2391 ρει·
2677 2339 2683 2344 ·

563 2404 834 2472 accidens,
859 2411 1076 2479 oportet
1097 2404 1285 2477 igitur,
1313 2405 1463 2479 quod
1492 2403 1731 2461 essentia
1752 2405 1873 2477 ejus
1900 2403 1974 2462 ait
1996 2402 2218 2461 omnino
2246 2404 2392 2462 idem
2418 2402 2568 2480 quod

559 2495 696 2570 ipse.
727 2495 862 2551 Item
892 2494 946 2551 in
973 2510 1320 2567 quacumque
1357 2493 1597 2554 essentia
1636 2508 1744 2551 nen
1784 2500 1869 2551 est
1911 2493 2131 2550 omnino
2159 2492 2305 2571 idem
2340 2508 2467 2551 cum
2508 2512 2571 2553 re

567 2585 722 2657 eujus
745 2590 829 2641 est
851 2582 1108 2649 essentia,
1136 2590 1220 2641 est
1257 2581 1502 2643 invenire
1542 2582 1750 2657 aliquid
1793 2600 1891 2657 per
1936 2582 2158 2640 modurn
2202 2583 2480 2657 polentiae,
2512 2591 2573 2641 et

569 2671 774 2745 aliquid
812 2688 908 2747 per
945 2671 1166 2731 modum
1205 2678 1381 2740 actae,
1413 2688 1541 2733 nam
1582 2673 1821 2731 essentia
1868 2671 2170 2734 formaliter
2198 2688 2257 2729 se
2292 2671 2458 2730 habet
2498 2672 2569 2729 ad

563 2776 679 2819 rem
722 2763 880 2835 cujus
917 2767 1004 2820 est
1041 2763 1302 2831 essentia,
1344 2762 1493 2823 sieut
1531 2761 1845 2823 humanitas
1891 2762 1963 2820 ad
2005 2761 2283 2819 hominem
2312 2762 2419 2818 :in
2458 2762 2570 2819 Deo

562 2860 748 2908 autem
769 2866 878 2910 non
906 2841 990 2909 est
1015 2852 1259 2910 invenire
1288 2854 1592 2927 potentiam
1618 2860 1675 2910 et
1701 2861 1903 2921 actum,
1930 2852 2027 2910 sed
2065 2858 2149 2909 est
2190 2857 2347 2909 aet-us
2370 2866 2569 2925 purus;

565 2946 652 2999 est
677 2940 844 3015 igitur
866 2943 984 3018 ipse
1011 2958 1113 3002 sua
1141 2942 1402 3003 essentia.

1339 3112 1627 3181 CAPUT
1669 3110 1794 3180 XI.

755 3254 933 3333 Quod
957 3254 1077 3320 Dei
1101 3254 1353 3323 essentia
1379 3270 1501 3316 non
1528 3256 1616 3317 est
1638 3250 1815 3316 aliud
1838 3268 2021 3337 quam
2047 3269 2228 3319 suum
2253 3270 2394 3323 mo.

579 3452 586 3459 ,
636 3389 878 3448 Ulterius
900 3394 1086 3449 autem
1101 3403 1325 3447 neeesse
1339 3394 1425 3447 eet
1448 3387 1595 3462 qnod
1621 3387 1721 3445 De'i
1742 3386 1983 3445 essentia
2004 3401 2113 3445 non
2138 3387 2213 3445 eit
2233 3386 2383 3445 alind
2406 3403 2573 3462 qnam

564 3494 690 3545 esse
718 3478 991 3553 ipsius.1n
1016 3494 1364 3553 quocumque
1405 3477 1551 3536 enim
1580 3475 1743 3535 ‘alind
1784 3482 1870 3534 eat
1900 3477 2157 3543 essentia,
2184 3482 2241 3533 et
2274 3474 2424 3535 aliud
2450 3492 2574 3535 esse

567 3570 706 3643 ejuS,
737 3574 954 3643 oportet
980 3566 1129 3641 qued
1152 3565 1300 3625 aliud
1330 3566 1538 3640 sitque
1558 3566 1737 3634 sitfet
1764 3565 1913 3622 aliud
1940 3566 2051 3639 que
2080 3564 2290 3639 aliquid
2319 3565 2412 3632 eit,
2444 3578 2573 3621 nam

568 3672 814 3732 per-esse
841 3672 1002 3715 suum
1033 3656 1105 3715 de
1131 3655 1376 3729 quolibet
1411 3656 1617 3714 dicitur
1657 3654 1805 3730 quod
1834 3662 1941 3727 est,
1968 3670 2065 3729 ρει·
2110 3654 2406 3712 essentiam
2442 3670 2575 3712 vere

566 3746 824 3806 enam-de
853 3744 1345 3820 quolibet-dicitur
1371 3744 1505 3819 quid
1556 3743 1649 3803 sit.
1679 3744 1837 3803 Unde
1872 3751 1931 3801 et
1966 3742 2213 3800 delinitio
2258 3742 2575 3816 significans

571 3837 888 3906 essentiam,
919 3834 1259 3897 demonstrat
1286 3834 1420 3911 quid
1448 3841 1534 3894 eet
1567 3850 1656 3893 ree
1682 3850 1695 3892 ε
1722 3834 1783 3891 in'
1807 3835 1923 3893 Deo
1950 3839 2135 3891 autem
2158 3844 2269 3890 non
2294 3839 2381 3889 est
2426 3832 2573 3890 aliud

519 3991 524 3996 ,
570 3924 719 4005 quod
747 3932 849 3995 eet,
877 3933 934 3987 et
955 3923 1105 3989 aliud
1123 3940 1242 4004 que
1268 3922 1477 4000 aliquid
1502 3929 1610 3993 eat,=
1634 3938 1759 3982 cuin
1787 3938 1895 3985 nen
1920 3922 1995 3983 sit
2032 3922 2092 3981 in
2118 3936 2185 3981 ee
2221 3922 2567 3997 compositio,
