2850 4517
541 400 657 460 152
1014 415 1067 457 s.
1112 412 1343 456 rueme.
1384 410 1710 460 aeuum-ns
1753 410 2058 453 croscum

540 539 725 589 autem
752 528 900 605 quod
929 528 1038 587 sint
1078 528 1221 598 duae,
1250 526 1381 599 qnia
1410 526 1771 606 multiplicata
1795 542 1963 583 causa
1987 524 2380 600 multiplicatur
2405 526 2537 583 effe·-

539 628 661 679 ctus
692 639 704 676 :
736 626 820 677 est
848 624 1033 687 autem
1070 632 1238 675 causa
1265 614 1547 686 filiationis
1583 614 1864 672 nativitas.
1896 616 2032 671 Cum
2070 615 2236 687 igitur
2269 614 2382 671 sint
2415 615 2538 673 duae

540 710 857 768 nativitates
884 706 1103 776 Christi,
1132 720 1475 779 consequens
1497 703 1716 762 videtur
1739 705 1882 778 quod
1913 704 2081 761 etiam
2109 703 2218 761 sint
2245 704 2372 762 duoe
2395 704 2538 763 filia-

540 800 734 855 tiones.
760 800 874 855 Nec
898 795 1081 855 obstat
1108 794 1256 869 quod
1286 794 1478 851 filiatio
1505 801 1592 851 est
1620 793 1813 850 relatio
1847 793 2167 866 personaliS,
2195 794 2252 849 id
2279 800 2384 861 est,
2413 810 2538 868 per·

538 884 729 945 sonam
773 886 1113 944 constituens
1150 901 1166 940 ε
1211 883 1318 941 hoc
1360 884 1508 940 enim
1548 899 1739 939 verum
1781 890 1865 939 est
1907 882 1978 939 de
2023 882 2285 941 filiatione
2329 884 2536 941 divina.

539 978 757 1033 Filiatio
797 990 927 1032 vero
967 974 1203 1031 humana
1230 987 1341 1029 non
1385 972 1672 1029 constituit
1707 988 2014 1044 personam,
2041 972 2136 1028 sed
2175 972 2378 1030 accidit
2415 990 2540 1046 per—

540 1083 690 1124 sonae
732 1065 1068 1129 constitutae.
1106 1061 1369 1119 Similiter
1412 1061 1582 1118 etiam
1629 1076 1734 1117 non
1777 1061 1980 1130 obstat,
2013 1060 2157 1135 quod
2202 1078 2342 1119 unus
2381 1062 2541 1118 homo

540 1172 650 1213 una
668 1155 931 1212 filiatione
950 1152 1182 1209 refertur
1202 1150 1272 1207 ad
1297 1156 1510 1223 patrem
1525 1156 1584 1207 et
1608 1158 1859 1223 matrem,
1884 1151 2011 1225 quia
2037 1151 2228 1207 eadem
2253 1152 2542 1209 nativitate

541 1244 787 1303 nascitur
812 1243 884 1300 ab
907 1248 1142 1315 utroque
1166 1249 1413 1314 parente.
1441 1239 1544 1315 Ubi
1576 1246 1758 1296 autem
1787 1248 1873 1297 est
1895 1240 2086 1297 eadem
2120 1256 2285 1299 causa
2316 1242 2540 1299 relatio-

542 1336 647 1402 nis,
676 1341 733 1390 et
759 1331 951 1390 relatio
976 1339 1060 1388 est
1086 1346 1191 1387 una
1220 1328 1460 1393 realiter,
1491 1329 1743 1402 quamvis
1781 1328 2209 1403 multiplicentur
2237 1338 2538 1404 respectus.

542 1422 689 1481 Nihil
714 1422 859 1479 enim
894 1419 1144 1493 prohibet
1172 1414 1377 1493 aliquid
1416 1417 1618 1474 babere
1655 1424 1964 1492 respectum
1991 1427 2048 1475 et
2076 1418 2308 1476 alterum
2337 1420 2544 1493 absque

543 1512 649 1569 hoc
670 1510 819 1585 quod
849 1506 1067 1566 realiter
1095 1499 1227 1564 insit
1254 1507 1304 1563 ei
1352 1506 1567 1575 relatio,
1599 1505 1743 1563 sicut
1779 1506 1970 1564 scibile
1993 1507 2227 1565 refertur
2261 1508 2329 1565 ad
2360 1510 2543 1565 scien-

546 1602 680 1657 tiam
706 1598 1011 1655 relatione
996 1615 1052 1654 in
1076 1614 1141 1655 eo
1164 1611 1272 1653 non
1305 1596 1619 1653 existente:
1645 1596 1721 1653 ita
1759 1597 1926 1652 etiam
1955 1596 2085 1652 nihil
2117 1597 2366 1670 prohibet
2395 1598 2543 1671 quod

545 1705 655 1755 una
687 1668 849 1745 realis
895 1686 1089 1743 relatio
1118 1685 1302 1759 plures
1330 1690 1612 1758 respectus
1655 1684 1872 1742 babeat.
1897 1686 2038 1743 Nam
2081 1687 2226 1749 sicut
2256 1685 2448 1744 relatio
2475 1704 2544 1743 ex

546 1794 713 1835 causa
738 1794 836 1833 sua
860 1775 1026 1833 habet
1052 1774 1198 1849 quod
1224 1774 1297 1830 sit
1325 1790 1413 1830 res
1435 1774 1709 1846 quaedam,
1741 1774 1820 1830 ita
1843 1775 2010 1831 etiam
2039 1776 2186 1848 quod
2209 1780 2282 1831 sit
2304 1792 2429 1842 una,
2460 1776 2544 1832 vel

546 1866 828 1939 multiplex
856 1883 869 1921 ε
902 1872 959 1922 et
986 1865 1067 1921 sic
1091 1880 1215 1921 cum
1238 1860 1488 1920 Christus
1519 1877 1624 1918 non
1649 1862 1841 1929 eadem
1885 1863 2174 1921 nativitate
2195 1872 2454 1921 nascatur
2477 1880 2546 1921 ex

546 1964 703 2030 patre
731 1962 786 2013 et
814 1961 1010 2023 matre,
1038 1954 1165 2011 duae
1192 1952 1485 2009 filiationes
1513 1951 1687 2009 reales
1716 1952 1771 2008 i'n
1799 1968 1864 2009 eo
1894 1968 2024 2009 esse·
2045 1954 2297 2011 videntur
2323 1961 2549 2028 propter

548 2047 686 2103 duas
710 2046 1027 2103 nativitates
1046 2044 1171 2101 :sed
1193 2049 1278 2099 est
1301 2041 1450 2099 aliud
1479 2041 1625 2115 quod
1649 2041 1837 2099 obviat
1859 2050 2083 2115 propter
2107 2043 2226 2111 hoc,
2253 2043 2399 2116 quod
2439 2059 2548 2099 non

436 2142 445 2150 ·
548 2141 775 2207 possunt
797 2150 919 2191 esse
952 2133 1137 2206 plures
1163 2131 1455 2188 filiationes
1479 2131 1654 2187 reales
1683 2132 1741 2187 in
1782 2130 2015 2207 Christo.
2046 2134 2164 2189 Non
2213 2132 2355 2189 enirn
2385 2148 2549 2195 omne

548 2224 696 2296 quod
719 2223 962 2279 nascitur
988 2237 1054 2277 ex
1084 2220 1286 2291 aliquo,
1310 2219 1454 2274 filius
1483 2220 1602 2290 ejus
1625 2219 1731 2275 dici
1755 2226 1956 2293 potest,
1985 2221 2082 2277 sed
2107 2220 2549 2293 solumcomple-

548 2318 668 2387 tum
690 2309 1053 2383 suppositum.
1095 2308 1287 2363 Manus
1327 2308 1473 2364 enim
1498 2306 1728 2379 alicujus
1770 2308 2004 2365 bominis
2032 2325 2140 2366 non
2178 2311 2381 2367 dicitur
2409 2311 2546 2377 filia,

549 2413 652 2454 nec
676 2414 771 2471 pes
798 2398 962 2464 filius,
993 2396 1091 2452 sed
1118 2404 1294 2452 totum
1331 2396 1605 2467 singulare
1634 2397 1778 2469 quod
1823 2403 1907 2453 est
1936 2399 2147 2466 Petrus,
2175 2399 2259 2455 vel
2289 2400 2546 2457 Joannes.

549 2486 836 2569 Proprium
860 2484 1027 2557 igitur
1048 2474 1353 2556 subjectum
1374 2484 1653 2541 filiationis
1676 2486 1787 2542 est
1777 2502 1952 2559 ipsum
1977 2489 2336 2561 suppositum.
2359 2488 2552 2545 Osten-

551 2591 675 2632 sum
698 2582 781 2631 est
812 2579 996 2631 autem
1036 2588 1219 2646 supra,
1247 2572 1438 2645 quod
1425 2590 1480 2628 in
1517 2572 1733 2631 Christo
1769 2582 1983 2632 nonest
2017 2576 2162 2633 aliud
2205 2579 2550 2651 suppositum

551 2680 717 2739 quam
741 2664 1065 2731 increatum,
1097 2661 1187 2717 cui
1219 2676 1329 2717 non
1355 2667 1536 2735 potest
1561 2678 1629 2719 ex
1665 2668 1908 2736 tempore
1946 2663 2129 2738 aliqua
2165 2666 2326 2723 realis
2353 2667 2551 2724 relatio

552 2752 829 2810 advenire:
856 2751 973 2822 sed,
1004 2750 1149 2808 sicut
1173 2765 1336 2824 supra
1361 2749 1618 2819 diximuS,
1651 2752 1827 2808 omnis
1858 2752 2053 2810 relatio
2101 2753 2200 2811 Dei
2227 2755 2296 2811 ad
2325 2763 2554 2820 creatu-

486 2892 493 2899 .
551 2856 671 2899 ram
707 2847 794 2898 est
820 2840 1121 2898 secundum
1146 2840 1413 2897 rationem
1444 2847 1678 2897 tantum.
1710 2840 1940 2913 Oportet
1969 2842 2136 2913 igitur
2160 2843 2306 2916 quod
2333 2844 2550 2911 filiatio,

553 2946 663 3003 qua
686 2929 1025 3003 suppositum
1060 2934 1326 2986 aeternum
1351 2928 1447 2984 filii
1485 2928 1721 2987 refertur
1749 2929 1816 2986 ad
1849 2925 2126 3002 Virginem
2161 2938 2414 2999 matrem,
2445 2949 2553 2989 non

554 3018 626 3076 sit
654 3020 817 3076 realis
844 3018 1057 3086 relatio,
1087 3017 1181 3074 sed
1217 3025 1498 3092 respectus
1524 3018 1754 3075 rationis
1780 3026 1994 3075 tantum
2021 3037 2034 3074 ε
2061 3036 2165 3077 nec
2205 3030 2427 3095 propter
2451 3022 2556 3078 hoc

554 3107 849 3179 impeditur
874 3107 1007 3181 quin
1031 3106 1280 3163 Christus
1301 3107 1376 3162 sit
1410 3122 1540 3163 vere
1574 3113 1632 3162 et
1660 3105 1882 3163 realiter
1905 3098 2308 3179 filiusrvirginis
2336 3112 2553 3176 matriS‚

556 3196 687 3267 quia
714 3194 934 3252 realiter
960 3195 1033 3253 ab
1054 3210 1120 3252 ea
1147 3201 1311 3252 natus
1346 3201 1433 3251 est
1464 3211 1479 3251 t
1506 3194 1651 3251 sicut
1677 3195 1845 3251 etiam
1872 3196 2038 3261 ,Deus
2057 3212 2188 3253 vere
2217 3196 2440 3255 realiter
2473 3202 2558 3255 est

555 3283 809 3340 dominus
834 3291 1121 3351 creaturae,
1148 3284 1280 3356 quia
1309 3283 1510 3341 realem
1552 3282 1717 3341 babet
1746 3283 2056 3355 potentiam.
2075 3282 2362 3345 coercendi
2387 3303 2558 3345 crea-

559 3373 757 3437 turam,
790 3377 846 3427 et
876 3377 1059 3428 tamen
1104 3371 1327 3428 dominii
1357 3371 1552 3429 relatio
1587 3371 1763 3429 solum
1799 3373 2098 3429 secundum
2141 3375 2414 3431 rationem
2441 3376 2557 3431 Deo

558 3458 895 3516 attribuitur.
925 3460 982 3517 Si
1002 3466 1186 3517 autem
1215 3460 1270 3517 in
1299 3460 1515 3518 Christo
1543 3466 1725 3517 essent
1744 3460 1898 3533 plura
1917 3458 2218 3535 supposita,
2244 3470 2306 3520 ut
2327 3465 2558 3538 quidam

557 3554 871 3618 posuerunt,
902 3547 1036 3604 nihil
1065 3548 1373 3621 prohiberet
1398 3564 1600 3622 ponere
1615 3549 1670 3605 in
1698 3548 1913 3608 Christo
1927 3550 2066 3607 duas
2093 3551 2404 3623 filiationeS,
2427 3554 2558 3628 quia

556 3633 805 3692 filiationi
830 3637 1113 3711 temporali
1142 3637 1502 3711 subjiceretur
1529 3640 1872 3713 suppositum
1895 3647 2166 3701 creatum.
