2850 4517
601 362 722 427 118
1083 380 1137 424 s.
1179 378 1414 423 ⁶1·quAE
1454 374 1781 429 nummus
1820 376 2137 421 ornacum

601 494 928 563 adducatur,
956 509 1082 554 cum
1116 495 1290 551 Deum
1327 495 1515 553 videat
1543 495 1601 551 in
1632 494 1832 567 seipso,
1863 500 2049 551 tamen
2085 490 2415 549 delectabile
2442 498 2540 549 est
2574 498 2637 548 et

596 583 900 657 jucundum
948 584 1116 641 etiam
1155 584 1510 656 cognoscenti
1558 599 1781 641 causam
1818 582 2170 639 considerare
2216 578 2455 655 qualiter
2504 581 2635 653 ejus

601 672 902 739 similitudo
933 673 1275 746 resplendeat
1304 674 1360 729 in
1399 674 1595 729 effectu
1629 690 1643 728 ε
1677 672 1817 728 unde
1860 679 1917 728 et
1944 672 2151 729 sanetis
2176 672 2341 728 cedet
2368 670 2439 727 ad
2474 686 2635 743 gau-

601 759 760 827 dium
783 762 1131 837 considerare
1157 759 1539 832 refulgentiam
1566 761 1769 819 divinae
1800 759 2067 817 honitatis
2105 760 2159 816 in
2190 758 2540 831 corporibus,
2576 765 2635 815 et

603 850 878 927 praecipue
907 851 962 911 in
1001 848 1336 916 coelestibus‚
1369 866 1497 924 quae
1534 850 1658 906 aliis
1691 851 2051 923 praeeminere
2084 849 2362 905 videntur.
2402 847 2635 905 Habent

603 939 769 995 etiam
826 954 1056 1024 corpora
1103 938 1349 995 coelestia
1401 940 1750 996 essentialem
1799 937 2205 1013 quodammodo
2251 938 2507 993 ordinem
2558 938 2628 994 ad

603 1043 801 1101 corpus
839 1027 1136 1089 humanum
1175 1028 1475 1084 secundum
1520 1009 1787 1085 rationem
1831 1042 2015 1084 causae
2044 1023 2277 1099 agentiS,
2320 1026 2463 1081 sicut
2504 1026 2628 1081 ele-

605 1127 790 1173 menta
820 1117 1088 1175 rationem
1117 1133 1299 1173 causae
1335 1117 1658 1173 materialis,
1693 1118 1867 1173 Homo
1898 1117 2045 1172 enim
2079 1121 2306 1187 generat
2342 1113 2628 1171 hominem

605 1215 662 1263 et
681 1214 769 1261 sot
798 1223 810 1259 :
844 1205 1002 1262 unde
1030 1212 1086 1261 et
1118 1206 1220 1263 hac
1249 1207 1463 1263 ratione
1492 1207 1748 1263 convenit
1791 1206 1959 1261 etiam
1981 1218 2213 1277 corpora
2253 1202 2506 1261 coelestia
2534 1220 2630 1259 re-

606 1309 847 1350 manere.
883 1296 1002 1350 Non
1030 1294 1206 1351 solum
1236 1312 1305 1351 ex
1334 1296 1745 1368 comparatione
1774 1294 1842 1350 ad
1883 1293 2181 1358 hominem,
2212 1293 2309 1347 sed
2345 1293 2518 1348 etiam
2562 1310 2629 1349 ex

608 1382 887 1455 praedietis
915 1399 1302 1457 corporearum
1343 1394 1722 1442 creaturarum
1748 1383 1963 1439 naturis
2000 1382 2149 1437 idem
2182 1387 2431 1455 apparet.
2464 1381 2627 1451 Quod

609 1470 752 1527 enim
789 1472 1092 1528 secundum
1133 1472 1264 1528 nihil
1293 1473 1377 1528 sui
1407 1482 1492 1530 est
1529 1472 1962 1545 incorruptibile,
1992 1486 2100 1526 non
2142 1469 2306 1527 debet
2336 1486 2631 1526 remanere

613 1560 669 1615 in
696 1560 788 1615 illo
823 1561 1246 1634 incorruptionis
1277 1569 1447 1619 statu.
1479 1563 1719 1635 Corpora
1751 1561 1972 1634 quidem
2010 1559 2257 1616 coelestia
2284 1559 2631 1631 incorrupti-

613 1648 745 1705 bilia
784 1656 910 1706 sunt
936 1650 1236 1707 secundum
1267 1657 1443 1707 totum
1476 1660 1534 1717 et
1567 1658 1801 1724 partem,
1836 1650 2105 1706 elementa
2145 1665 2277 1707 vero
2318 1648 2628 1705 secundum

615 1744 808 1805 totum,
833 1738 928 1795 sed
959 1756 1063 1796 non
1093 1739 1392 1796 secundum
1422 1746 1655 1812 partem,
1689 1739 1850 1795 homo
1873 1754 2005 1796 vero
2042 1738 2346 1795 secundum
2382 1746 2624 1811 partem,

610 1828 821 1885 scilicet
847 1830 1086 1888 animam
1111 1828 1454 1896 rationalem,
1487 1828 1583 1885 sed
1613 1844 1721 1885 non
1750 1828 2048 1885 secundum
2075 1834 2271 1893 totum,
2304 1828 2437 1899 quia
2466 1843 2628 1883 com-

609 1918 852 1991 positum
891 1935 990 1993 per
1032 1925 1263 1975 mortem
1312 1917 1652 1975 dissolvitur.
1700 1916 1972 1974 Animalia
2011 1915 2159 1987 vero,
2204 1923 2261 1971 et
2301 1916 2525 1987 plantae,
2572 1924 2629 1973 et

613 2009 795 2064 omnia
831 2024 1092 2083 corporea
1131 2009 1295 2066 mista
1333 2024 1511 2082 neque
1549 2007 1851 2063 secundum
1890 2013 2086 2072 totum,
2121 2021 2297 2078 neque
2320 2006 2627 2061 secundum

611 2107 825 2170 partem
869 2097 1301 2172 incorruptibilia
1347 2104 1496 2153 sunt.
1540 2098 1938 2154 Convenienter
1984 2096 2152 2167 igitur
2184 2095 2239 2149 in
2289 2094 2384 2151 illo
2429 2095 2623 2150 ultimo

609 2184 1036 2257 incorruptionis
1065 2192 1214 2243 statu
1255 2185 1617 2241 remanebunt
1664 2184 1887 2257 quidem
1927 2183 2193 2249 hommeS,
2224 2189 2281 2238 et
2327 2182 2623 2249 elementa,

616 2279 674 2328 et
697 2287 927 2343 corpora
950 2273 1216 2338 coelestia‚
1250 2289 1355 2328 non
1397 2280 1582 2329 autem
1612 2272 1719 2329 alia
1748 2272 2026 2338 animalia,
2069 2288 2248 2345 neque
2277 2272 2499 2344 plantae,
2532 2277 2625 2327 aut

613 2376 844 2432 corpora
870 2359 1030 2417 mista
1076 2378 1090 2416 ε
1118 2361 1518 2417 rationabiliter
1546 2362 1714 2418 etiam
1744 2362 1887 2417 idem
1915 2368 2142 2433 apparet
2166 2377 2233 2416 ex
2259 2362 2472 2417 ratione
2496 2362 2627 2416 uni-

612 2448 776 2505 versi.
806 2450 940 2505 Cum
967 2449 1110 2505 enim
1137 2450 1298 2507 homo
1325 2460 1453 2523 pars
1480 2452 1552 2507 sit
1577 2450 1819 2507 universi
1850 2450 2099 2523 corporei
2131 2452 2186 2506 in
2221 2450 2412 2506 ultima
2444 2449 2628 2505 homi-

618 2538 704 2593 nis
729 2539 1214 2608 consummatione,
1242 2555 1466 2595 necesse
1494 2548 1576 2596 est
1602 2542 1914 2596 universum
1943 2554 2267 2612 corporeum
2296 2554 2585 2596 remanere
2612 2558 2625 2595 :

620 2643 726 2682 non
750 2627 895 2683 enim
922 2628 1137 2684 videtur
1157 2645 1277 2685 esse
1302 2644 1429 2702 pars
1454 2629 1711 2701 perfecta,
1736 2630 1781 2684 si
1804 2629 1967 2685 fuerit
1989 2630 2107 2685 sine
2137 2636 2273 2685 toto.
2298 2630 2629 2685 Universum

618 2725 824 2774 autem-
849 2732 1172 2790 corporeum
1215 2732 1497 2774 remanere
1540 2735 1644 2775 non
1686 2725 1884 2791 potest,
1932 2719 2034 2773 nisi
2088 2727 2274 2791 partes
2306 2718 2630 2775 essentiales

617 2808 736 2880 ejus
763 2817 1101 2866 remaneant.
1131 2810 1274 2866 Sunt·
1303 2817 1488 2865 alitem
1526 2817 1708 2881 partes
1746 2809 1861 2880 ejus
1892 2808 2209 2865 essentiales
2250 2823 2480 2881 corpora
2504 2822 2631 2865 coe-

625 2896 804 2964 lestia,
835 2902 892 2953 et
913 2898 1200 2967 elementa,
1233 2905 1422 2973 utpote
1448 2915 1513 2954 ex
1540 2898 1739 2970 quibus
1776 2904 1890 2953 tota
1922 2898 2106 2953 mundi
2136 2896 2387 2954 machina
2412 2896 2630 2953 consis-

626 2987 696 3042 tit
724 2995 965 3045 :caetera
988 3005 1118 3045 vero
1153 2989 1221 3045 ad
1253 2989 1624 3059 integritatem
1665 2987 1909 3058 corporei
1939 2987 2177 3043 universi
2217 2988 2492 3060 pertinere
2518 3002 2631 3043 non

622 3077 894 3144 videntur,
915 3080 1012 3134 sed
1045 3078 1216 3149 magis
1245 3076 1311 3133 ad
1343 3077 1636 3150 quemdam
1660 3081 1913 3132 ornatum
1942 3083 1997 3131 et
2024 3077 2278 3133 decorem
2305 3075 2497 3149 ipsius»,
2530 3076 2630 3149 qui

619 3166 879 3238 competit
917 3168 1083 3223 statui
1115 3164 1517 3231 mutabilitatis,
1548 3166 1847 3221 secundum
1872 3166 2015 3238 quod
2052 3182 2119 3220 ex
2146 3181 2377 3237 corpore
2412 3165 2629 3221 coelesti

623 3259 684 3309 ut
719 3259 934 3325 agente,
971 3264 1028 3311 et
1065 3254 1365 3322 elementis,
1397 3260 1457 3308 ut
1496 3254 1869 3310 materialibus
1898 3250 2229 3327 generantur
2259 3254 2539 3321 animalia,
2574 3261 2630 3311 et

621 3342 840 3415 plantae,
873 3350 930 3399 et
961 3360 1192 3417 corpora
1229 3341 1532 3399 mineraiia.
1558 3344 1618 3398 ln
1648 3349 1798 3399 statu
1826 3351 2012 3401 autem
2036 3345 2248 3400 ultimae
2272 3360 2631 3401 consumma·
2678 3396 2685 3401 .

619 3432 789 3489 tionis
816 3432 954 3489 alius
984 3442 1208 3489 orn-atus
1237 3432 1521 3489 elementis
1549 3433 1895 3497 attribuetur,
1916 3436 2008 3506 qui
2035 3434 2228 3490 deceat
2255 3434 2631 3507 incorruptio-

623 3521 708 3576 nis
732 3528 956 3577 statum.
989 3521 1365 3577 Remanebunt
1387 3522 1553 3595 igitur
1579 3523 1631 3578 in
1658 3522 1748 3578 illo
1778 3530 1923 3579 statu
1954 3522 2218 3589 homines,
2249 3522 2543 3589 elementa,
2575 3531 2631 3579 et

619 3625 850 3683 corpora
874 3610 1141 3679 coelestia,
1167 3626 1274 3669 non
1303 3620 1488 3669 autem
1508 3612 1764 3670 animalia
1783 3622 1837 3669 et
1860 3613 2082 3687 plantae,
2106 3621 2163 3670 et
2186 3627 2417 3685 corpora
2446 3614 2631 3670 mine-

620 3698 780 3756 ralia.
