2850 4517
612 345 749 408 196·ζ
1088 357 1145 405 s.
1188 354 1422 402 raom
1460 357 1790 407 Aoumms
1831 357 2138 406 croscum

611 479 685 535 de
706 477 909 551 seipso,
936 473 1033 532 sed
1060 473 1229 532 etiam
1259 473 1554 547 unicuique
1577 473 1645 528 de
1669 471 1812 530 aliis.
1835 472 1942 529 Ubi
1969 489 2098 544 ergo
2123 473 2182 530 in
2219 480 2438 532 tantum
2476 475 2620 534 bona

613 567 905 633 excedunt,
931 564 1063 638 quia
1096 563 1243 620 mala
1288 563 1491 619 nullius
1533 562 1787 618 videntur
1829 577 1950 618 esse
1989 563 2271 632 momenti,
2296 571 2395 620 aut
2434 581 2620 622 econ·

610 653 952 724 ver-somello
976 669 1095 710 esse
1114 653 1452 710 concertatio
1479 650 1757 708 videbitur
1775 651 2040 706 bonorum
2065 651 2133 707 ad
2153 651 2300 708 mala
2324 653 2619 710 secundum

611 743 1074 802 existimationem
1112 741 1431 810 humanam,
1459 749 1516 796 et
1551 745 1774 814 propter
1803 739 1912 796 hoc
1949 740 2068 796 sine
2099 740 2442 799 discussione
2475 760 2622 817 prae·

610 833 791 902 miari,
822 831 909 891 vel
954 831 1135 905 puniri
1179 831 1472 906 dicuntur.
1509 829 1571 884 In
1623 828 1716 886 illo
1764 835 1950 885 autem
2002 829 2213 902 judicio
2260 829 2388 889 licet
2437 847 2620 889 omnes

610 923 826 982 Christo
850 921 1140 988 assistant,
1163 920 1418 976 different
1458 925 1642 976 tamen
1670 918 1798 999 boni
1823 935 1856 976 a
1883 918 2050 974 malis
2083 935 2188 976 non
2232 920 2408 976 solum
2445 939 2621 994 quan-

609 1020 731 1070 tum
760 1012 830 1069 ad
853 1026 1079 1068 causam
1104 1009 1466 1076 meritoriam,
1499 1007 1593 1064 sed
1623 1007 1800 1064 etiam:
1816 1007 1934 1064 loco
1959 1007 2394 1080 segregabuntur
2421 1009 2494 1065 ab
2523 1011 2616 1066 eis·

609 1103 752 1160 Nam
780 1100 910 1157 mali
934 1099 1049 1172 qui,
1083 1106 1303 1154 terrena
1325 1097 1639 1170 diligenteS,
1670 1113 1702 1153 a
1727 1096 1944 1153 Christo
1973 1105 2336 1163 recesserunt,
2372 1115 2621 1155 remane-

612 1191 747 1246 bunt
776 1190 831 1244 in
862 1193 1010 1245 terra
1035 1204 1050 1243 r
1075 1185 1205 1244 boni
1232 1202 1363 1244 vero
1386 1187 1483 1259 qui
1508 1185 1724 1242 Christo
1749 1185 2118 1253 adhaeserunt,
2149 1186 2370 1242 obviam
2407 1186 2618 1243 Christo

612 1285 901 1340 occurrent
943 1277 998 1332 in
1026 1292 1157 1334 aera
1193 1274 1465 1332 sublevati
1492 1282 1554 1331 ut
1587 1274 1803 1331 Christo
1841 1274 2270 1342 conformentur,
2301 1291 2410 1331 non
2447 1277 2617 1332 solum

612 1366 935 1437 configurati
961 1365 1151 1437 gloriae
1175 1362 1448 1422 claritatis
1470 1364 1608 1436 ejus,
1625 1363 1724 1419 sed
1749 1363 1805 1418 in
1829 1362 1950 1419 loco
1973 1363 2296 1431 consociati,
2319 1365 2616 1422 secundum

548 1470 553 1475 ·
612 1454 747 1510 illud
774 1453 969 1510 Matth.
995 1469 1140 1511 xxiv
1165 1471 1179 1510 z
1207 1453 1526 1524 Ubicumque
1555 1452 1731 1524 faerit
1758 1467 1970 1526 eorpus,
1997 1453 2126 1510 illae
2165 1453 2618 1527 sanyr-eyabumur

612 1550 665 1602 et
705 1542 921 1616 aquilae,
953 1557 1057 1616 per
1091 1559 1222 1616 qaas
1252 1534 1636 1615 significantur
1681 1541 1876 1599 sancti.
1919 1540 2210 1614 Signanter
2261 1550 2450 1600 autem
2501 1542 2612 1600 loco

613 1629 858 1706 corporis
912 1631 967 1688 in
1021 1631 1251 1690 Hebraeo
1307 1631 1542 1706 Joathan
1595 1629 1796 1687 dicitur
1845 1631 2150 1688 secundnm
2202 1631 2612 1705 Hieronymum,

612 1721 758 1794 quod
788 1721 1024 1778 cadaver
1048 1721 1341 1793 significat,
1378 1719 1449 1777 ad
1481 1719 2021 1776 commemorandum
2049 1720 2248 1776 Christi
2287 1720 2614 1793 passionem,

610 1827 707 1884 per
730 1827 896 1884 quam
925 1809 1173 1868 Christus
1202 1815 1258 1866 et
1286 1814 1618 1883 potestatem
1638 1808 1993 1882 judiciariam
2021 1809 2340 1881 promeruit,
2361 1817 2417 1865 et
2440 1810 2616 1868 homi-

606 1886 708 1956 nes
753 1899 1078 1956 conformati
1114 1899 1356 1973 passioni
1392 1899 1512 1972 ejus
1539 1897 1608 1978 ad
1629 1909 1636 1911 ⁴
1659 1899 1982 1956 societatem
2017 1898 2207 1970 gloriae
2251 1897 2424 1972 ipsius
2463 1915 2618 1957 assu-

610 1994 854 2056 muntur,
890 1987 1192 2045 secundum
1231 1986 1365 2044 illud
1410 1986 1660 2062 Apostoli
1695 1986 1800 2044 :si
1825 1987 2200 2060 compatimur,
2233 1994 2286 2044 et
2326 2005 2618 2062 mareyna-

610 2077 799 2134 bimas.
816 2077 877 2134 -11
896 2077 1037 2135 Tim.
1066 2093 1135 2134 11.
1158 2077 1379 2133 Etinde
1408 2083 1512 2147 est,
1533 2075 1682 2150 quod
1707 2076 1860 2132 circa
1891 2075 2068 2132 locum
2097 2075 2397 2134 dominicae-
2413 2079 2619 2150 passio-

611 2168 697 2223 nis
734 2166 977 2223 creditur
1018 2164 1268 2222 Christus
1308 2165 1377 2221 ad
1412 2164 1686 2237 judicium
1725 2164 2118 2232 descensurus,
2147 2166 2450 2221 secundnm
2489 2164 2616 2222 illud

609 2253 747 2310 Joel.
779 2269 870 2310 ιιι.
902 2251 1239 2325 Οοηρνεραὺο
1266 2267 1445 2308 omnes
1465 2258 1664 2325 yenteS,
1694 2261 1746 2310 et
1770 2253 2022 2309 deducam
2049 2269 2136 2308 eas
2164 2252 2223 2308 in
2247 2255 2439 2310 vallem
2465 2255 2617 2312 Josa-

606 2341 759 2412 phet,
790 2349 841 2398 et
876 2339 1171 2412 disceptabo
1194 2357 1311 2398 cum
1348 2340 1423 2397 eis
1457 2341 1553 2407 ibi,
1580 2358 1709 2416 quae
1737 2342 1986 2415 subjacet
2019 2342 2190 2400 monti
2227 2341 2450 2411 oliveti,
2486 2344 2615 2400 unde

610 2429 860 2485 Christus
887 2429 1155 2484 ascendit.
1174 2429 1310 2486 Inde
1350 2429 1520 2486 etiam
1551 2436 1652 2496 est,
1677 2432 1808 2504 quia
1835 2431 2090 2488 venIente
2117 2430 2347 2488 Domino
2377 2432 2450 2488 ad
2467 2432 2639 2506 judi-'

610 2517 777 2583 cium,
799 2516 1027 2588 'signnm
1058 2517 1256 2586 crucis,
1286 2526 1342 2575 et
1388 2517 1496 2575 alia
1532 2519 1803 2592 passionis
1831 2519 2034 2576 indicia
2077 2515 2613 2587 demonstrabuntur,

609 2605 910 2662 secundum
934 2605 1065 2662 illud
1090 2606 1282 2662 Matth.
1306 2622 1409 2664 xiv
1431 2624 1445 2662 z
1469 2606 1546 2664 Et
1571 2615 1696 2665 tanc
1718 2607 1998 2681 apparebit
2021 2607 2236 2681 sianum
2258 2607 2366 2679 filii
2391 2609 2618 2666 hominis

610 2693 673 2750 i'n
697 2695 839 2762 eoelo,
865 2701 930 2751 ut
957 2694 1109 2768 impii
1142 2695 1395 2752 videntes
1438 2695 1495 2751 in
1531 2713 1696 2770 quem
1731 2697 2094 2765 confixerunt,
2121 2697 2364 2767 doleant,
2398 2705 2458 2755 et
2491 2715 2621 2756 cru-

608 2784 843 2854 cientur,
876 2781 931 2840 et'
962 2785 1000 2841 ii
1032 2784 1127 2858 qui
1152 2783 1423 2859 redempti
1450 2790 1597 2853 sunt,
1627 2786 1904 2859 gaudeant
1929 2787 2000 2843 de
2021 2786 2202 2859 gloria
2231 2787 2618 2862 redemptoris.

606 2871 676 2928 Et
696 2873 839 2931 sicut
860 2873 1110 2932 Christus
1137 2889 1170 2930 a
1199 2874 1409 2931 dextris
1435 2870 1536 2930 Dei
1559 2875 1752 2932 sedere
1775 2874 1977 2939 dicitur
1995 2875 2298 2932 secundum
2323 2875 2620 2935 humanam

606 2969 881 3030 naturam,
914 2963 985 3018 in·
991 2969 1257 3037 quantum
1305 2969 1390 3020 est
1433 2963 1502 3019 ad
1536 2962 1679 3020 bona
1710 2963 1997 3037 potissima
2035 2963 2210 3035 patris
2245 2963 2620 3022 sublimatus,

606 3046 688 3106 ita
708 3051 891 3134 {usti
873 3067 931 3106 m
960 3051 1171 3124 judicio
1194 3067 1227 3108 a
1254 3050 1466 3110 dextris
1489 3052 1608 3124 ejus
1645 3051 1906 3109 dicuntur
1941 3051 2217 3123 insistere,
2241 3055 2402 3138 quasi
2445 3053 2625 3112 hono-

614 3110 1007 3196 rabilissiuium
1032 3140 1176 3214 apud
1206 3157 1334 3197 eum
1356 3140 1536 3197 locum
1553 3139 1839 3198 habentes,

1282 3285 1576 3380 CAPUT-
1621 3306 1936 3382 CCXLV.

1152 3539 1161 3544 ‚
1202 3453 1380 3528 Quod
1402 3452 1620 3519 Sancti
1631 3451 2028 3534 jndicabunt.

674 3582 795 3642 Non
819 3583 996 3642 solum
1024 3589 1209 3642 autem
1232 3586 1482 3644 Christus
1508 3587 1564 3644 in
1585 3587 1680 3644 illo
1697 3587 1993 3661 judicabit,
2017 3585 2115 3644 sed
2143 3586 2314 3645 etiam
2336 3587 2458 3657 alii,
2477 3603 2610 3664 quo·

600 3689 726 3732 rum
769 3671 992 3747 quidam
1024 3673 1352 3746 judicabunt
1388 3675 1508 3732 sola
1561 3677 1976 3750 comparatione
2023 3676 2237 3734 scilicet
2271 3677 2405 3734 boni
2435 3680 2632 3735 minus

600 3763 792 3832 bonos,
822 3771 918 3820 aut
962 3762 1094 3821 mali
1136 3764 1309 3836 magis
1354 3765 1548 3832 malea,
1583 3765 1886 3822 secundum
1932 3765 2066 3822 illud
2105 3766 2300 3823 Matth.
2322 3781 2418 3824 xn
2439 3785 2460 3822 ε
2501 3765 2632 3826 Viri

598 3849 872 3910 Ninivitae
898 3853 1203 3926 surgentia
1224 3853 1436 3927 judicio
1461 3869 1583 3911 eum
1602 3855 1947 3929 quaeratione
1968 3854 2097 3921 ista,
2117 3861 2170 3910 et
2195 3855 2634 3914 condemnabunt

602 3954 743 3998 eam.
770 3941 1010 4010 Quidam
1036 3958 1163 4002 vero
1176 3943 1508 4017 judicabunt
1531 3959 1628 4018 per
1649 3945 1944 4005 sententia
1961 3944 2446 4020 approbationem,
2471 3953 2536 4004 et
2549 3947 2636 4004 sic
