2850 4517
810 341 852 390 1.
886 357 965 373 -
992 342 1395 391 comm-imum
1448 346 1811 393 ’amomum
2041 409 2047 415 ι
2233 334 2310 397 51

295 460 448 519 unde
467 474 597 518 cum
621 460 740 518 baec
761 460 1041 518 conclusio
1069 461 1142 517 sit
1171 460 1328 529 falsa,
1351 462 1701 519 manifestum
1725 471 1811 520 est
1837 465 1983 538 quod
2010 465 2162 523 'ratio
2204 482 2311 524 non

297 564 372 606 ex
399 548 732 605 necessitate
755 548 1054 621 concludit..
1079 549 1331 607 Secunda
1355 550 1499 606 ratio
1523 550 1751 607 solvitur
1776 550 2013 618 facile,si
2044 554 2168 626 quis
2191 568 2314 611 con·

300 638 508 695 sideret
532 636 1307 702 differentiamintellectualis
1335 639 1535 697 animae
1557 638 1627 695 ad
1645 638 1979 705 substantias
2008 646 2308 715 separatas.

303 730 502 785 Anima
529 730 674 784 enim
699 727 1034 788 intellectiva
1059 744 1126 783 ex
1150 736 1347 786 natura
1375 743 1492 785 suae
1521 729 1725 801 speciei
1750 728 1853 787 hoc
1881 728 2063 797 habet,
2080 737 2139 786 ut
2166 734 2315 789 unia·

218 820 223 823 “
302 824 398 873 tur
424 816 586 873 alicui
611 817 824 889 corpori
852 823 912 872 ut
938 814 1114 873 forma
1143 832 1158 870 t
1187 814 1329 872 unde
1375 823 1433 871 et
1476 816 1532 872 in
1574 816 1897 895 diffinitione
1935 819 2135 877 animae
2162 821 2313 878 cadit

303 920 524 980 corpuS,
551 901 858 979 et-propter
881 904 984 962 hoc
1005 905 1306 963 secundum
1336 904 1720 971 habitudinem.
1743 906 1813 962 ad
1838 907 2058 965 diversa
2084 924 2313 983 corpora

301 994 747 1052 diversificantur
771 994 1292 1051 animae-'secundum
1313 1010 1623 1062 numerum,
1656 996 1800 1069 quod
1832 1004 1940 1051 n'on
1972 1005 2057 1053 est
2085 998 2144 1053 in·
2178 1000 2315 1055 sub-

303 1084 530 1141 stantiis
573 1084 862 1156 separatis:
902 1082 988 1138 Ex
1030 1098 1139 1155 quo
1176 1084 1341 1139 etiam
1379 1089 1551 1157 patet,
1579 1083 1820 1156 qualiter·
1848 1086 2013 1140 tertia
2062 1085 2313 1142 ratio-sit

303 1172 586 1230 solvenda.
619 1174 741 1228 Non
770 1172 934 1228 ‘enim
979 1171 1162 1228 anima
1212 1170 1547 1227 intellectiva
1595 1188 1666 1227 vex
1704 1178 1899 1229 natura
1954 1189 2068 1230 suae
2108 1175 2312 1247 speciei

303 1262 473 1317 habet
513 1277 710 1334 corpus
738 1270 949 1336 partem
975 1262 1080 1327 sui,
1112 1259 1620 1317 sed··unibilitatem
1660 1260 1730 1319 ad
1772 1262 1950 1333 ipsum
1985 1281 1997 1317 ε
2033 1262 2175 1319 unde
2216 1258 2313 1335 per

305 1350 412 1405 boc
440 1350 584 1423 quod
607 1359 692 1406 est
721 1349 944 1405 unibilis
969 1349 1204 1405 diversis
1231 1348 1569 1422 corporibus,
1586 1350 1985 1407 diversificatur
2012 1351 2311 1409 secundum

303 1444 613 1506 numerum,
644 1438 790 1513 quod
821 1440 990 1495 etiam
1022 1428 1289 1495 ma'net'in
1315 1438 1621 1505 animabus,
1650 1439 1970 1513 corporibus
1992 1432 2293 1499 destructis

301 1529 443 1585 Sunt
465 1529 608 1583 enim
637 1527 868 1583 unibiles
889 1526 1212 1599 corporibus
1239 1526 1491 1595 diversis),
1526 1526 1650 1583 licet
1679 1541 1785 1582 non
1810 1536 1937 1584 actu
1966 1529 2150 1587 unitae.

959 1700 1244 1768 CAPUT
1289 1700 1661 1769 LXXXVI.

316 1902 322 1913 ,
419 1843 542 1929 ‚Dp
566 1841 872 1927 intellectu
898 1796 1129 1941 agente,
1161 1842 1323 1925 quod
1347 1822 1467 1905 non
1496 1848 1584 1923 ert
1611 1860 1769 1907 unus
1790 1827 1862 1923 'in
1886 1844 2173 1925 omnibus,
2218 1816 2223 1837 ἶ

381 1976 625 2031 Fuerunt
649 1981 832 2031 autem
860 1976 1098 2047 quidam,
1127 1977 1224 2049 qui
1249 1974 1377 2031 licet
1407 1974 1767 2033 concederent
1810 1976 2147 2032 intellectum
2180 1993 2313 2050 pos-

301 2065 524 2123 sibilem
554 2060 918 2121 diversificari
948 2064 1001 2119 in
1050 2063 1378 2131 hominibus,
1409 2073 1706 2137 posuerunt
1750 2074 1934 2120 tamen
1970 2064 2309 2122 intellectum

255 2170 260 2175 ·
304 2162 561 2227 agentem
586 2169 753 2209 unum
781 2161 1032 2225 respectu
1063 2154 1303 2209 omnium
1345 2167 1490 2210 esse:
1517 2153 1653 2223 Quae
1694 2153 1916 2227 quidem
1958 2153 2145 2227 opinio
2182 2154 2329 2211 licet·

305 2246 385 2303 sit
409 2243 741 2301 tolerabilior
765 2250 933 2315 'quarn
966 2244 1269 2315 praemissa,
1301 2242 1572 2299 similibus
1606 2252 1787 2299 tamen
1830 2242 2131 2299 rationibus
2174 2259 2313 2300 con·-

304 2334 474 2391 futari
500 2339 697 2405 potest.
728 2332 826 2387 Est
845 2331 988 2387 enim
1020 2332 1164 2387 actio
1195 2331 1505 2388 intellectus
1551 2331 1824 2405 possibilis
1867 2334 2108 2405 recipere
2146 2333 2313 2390 intel-

303 2424 472 2489 lecta,
495 2432 552 2479 et
575 2420 879 2492 intelligere
901 2421 1163 2487 ea,·actio'⁴
1189 2422 1374 2477 autem
1409 2420 1721 2477 intellectus
1750 2422 1963 2493 agentis
2000 2422 2180 2479 facere
2215 2424 2307 2479 in-

303 2511 607 2569 tellecta'in
635 2516 762 2567 actu
796 2510 1161 2566 abstrahendo
1190 2510 1310 2583 ipsa
1344 2528 1370 2566 :-
1392 2517 1688 2585 utrumque
1724 2519 1909 2567 autem
1949 2512 2141 2569 horum
2181 2512 2309 2569 huie

305 2600 515 2657 bomini
532 2599 804 2665 convenit,
837 2614 964 2655 nam
985 2598 1074 2654 hic
1101 2598 1282 2667 homo,
1309 2606 1368 2657 ut
1390 2601 1663 2669 SocrateS,
1697 2600 1783 2657 vel
1814 2600 1988 2667 Plato,
2022 2610 2080 2658 et
2108 2603 2306 2676 recipit

305 2690 609 2755 intellecta,
632 2694 687 2744 et
717 2687 1073 2752 abstrahit‚et
1103 2688 1361 2760 intelligit
1387 2688 1686 2746 abstracta.
1719 2688 1951 2761 Op'ortet
1980 2690 2147 2762 igitur
2166 2692 2310 2765 quod

306 2785 430 2836 tam
472 2776 776 2833 intellectus
817 2776 1109 2851 possibiliS‚
1154 2793 1322 2851 quam
1351 2776 1661 2858 intellectus
1704 2792 1869 2847 agens
1918 2780 2137 2835 uniatur
2185 2779 2312 2835 iruic

219 2916 236 2931 .
306 2868 516 2924 bomini
539 2874 598 2922 ut
615 2865 805 2933 forma,
823 2867 878 2923 e‘t
904 2866 983 2922 sic
1007 2873 1225 2939 oportet
1239 2866 1383 2939 quod
1413 2870 1645 2937 uterque
1673 2862 2065 2935 multiplicetur
2085 2878 2311 2921 numero

305 2954 612 3013 secundum
637 2970 920 3010 numerum
945 2954 1242 3011 hominum.
1265 2955 1418 3020 Item,
1435 2968 1602 3025 agens
1626 2959 1681 3009 et
1708 2952 1919 3025 patiens
1948 2960 2162 3026 oportet
2191 2970 2311 3011 esse

306 3044 384 3102 ad
423 3044 658 3101 invicem
684 3044 1093 3116 proportionata
1116 3044 1262 3101 sicut
1287 3044 1517 3101 materia
1536 3051 1593 3100 et
1621 3040 1815 3109 forma,
1843 3057 1969 3098 nam
2000 3041 2225 3100 materia
2253 3043 2313 3099 fit

306 3136 366 3189 in
406 3141 532 3189 actu
567 3131 638 3187 ab
666 3138 880 3203 agente,
912 3137 968 3186 e't
1018 3132 1144 3187 inde
1189 3140 1273 3189 est
1317 3132 1464 3205 quod
1506 3130 1729 3187 cuilibet
1781 3130 2040 3202 potentiae
2080 3133 2313 3205 passivae

307 3221 604 3295 respondet
644 3220 886 3294 potentia
922 3221 1103 3279 activa
1146 3222 1229 3277 sui
1277 3222 1513 3292 generis,
1561 3224 1731 3277 Actus
1770 3220 1917 3275 enim
1970 3228 2027 3275 et
2068 3223 2313 3293 potentia

313 3312 480 3366 unius
510 3310 726 3381 generis
750 3318 898 3367 sunt.
917 3309 1228 3365 Intellectus
1261 3319 1447 3371 autem
1474 3324 1641 3381 agens
1686 3317 2035 3380 comparatur
2074 3310 2143 3365 ad
2183 3326 2314 3382 pos-

305 3398 543 3466 sibilem,
580 3399 723 3477 sicut
754 3398 996 3470 potentia
1042 3398 1224 3455 activa
1270 3398 1340 3455 ad
1381 3399 1677 3472 passivam,
1718 3404 1777 3453 ut
1820 3413 1883 3453 ex
1912 3396 2077 3455 dictis
2126 3407 2311 3473 palen

305 3494 526 3561 oportet
553 3470 723 3558 igitur
745 3494 1041 3561 utrumque
1065 3502 1184 3543 esse
1215 3487 1374 3542 unius
1397 3486 1631 3559 generis.
1651 3486 1787 3543 Cum
1814 3486 1978 3557 igitur
2004 3486 2314 3544 intellectus

307 3574 586 3649 possibilis
621 3590 730 3629 non
771 3575 844 3630 sit
881 3574 1180 3631 secundum
1229 3589 1348 3630 esse
1387 3582 1675 3658 separatus
1716 3590 1749 3631 a
1789 3574 1961 3641 nobis,
1981 3573 2076 3631 sed
2124 3575 2312 3631 unitus

305 3664 466 3721 nobis
490 3672 550 3721 ut
582 3663 776 3730 forma,
795 3672 850 3720 et
897 3652 1290 3746 multiplicetur
1330 3653 1631 3745 secundum
1678 3662 2081 3721 multitudinem
2128 3662 2311 3718 1ιοιιιί-

304 3770 458 3822 num,
488 3761 551 3810 ut
592 3762 872 3811 ostensum
901 3762 1005 3823 est,
1036 3768 1256 3809 necesso
1296 3760 1380 3810 est
1414 3754 1583 3833 etiam
1621 3753 1767 3827 quod
1799 3730 2117 3831 intellectus
2144 3766 2311 3823 agens

301 3845 382 3901 sit
421 3843 630 3917 aliquid
661 3844 874 3899 unitum
923 3842 1079 3901 nobis
1120 3830 1439 3925 formaliter,
1488 3852 1544 3900 et
1564 3826 1974 3921 multiplicetur
2009 3842 2311 3899 secundum

299 3947 596 3997 numerum
621 3931 922 3995 hominum.
