2850 4517
495 353 612 415 450
970 370 1021 412 s.
1068 368 1301 413 'rquAE
1342 368 1674 417 AQUINA'rls
1713 367 2024 411 ormiscum

495 483 847 542 nihilominus
877 490 1060 541 manet
1090 484 1269 542 adhuc
1296 484 1568 555 obligatus
1597 483 1667 539 ed
1693 497 1909 555 poenam
1937 479 2294 554 temporalem
2323 495 2337 535 ε
2363 480 2512 537 unde

494 573 539 629 si
566 569 855 628 decederet
879 571 997 629 sine
1018 570 1381 641 confessione,
1410 586 1518 627 non
1543 576 1854 643 contempta
1876 576 2056 627 temen
2083 568 2176 625 sed
2209 573 2507 640 praeventa,

494 660 600 717 iret
625 660 1115 733 adpurgatorium,
1142 662 1300 733 cujus
1325 675 1507 733 poena,
1537 660 1680 715 sicut
1706 659 1842 718 dicit
1865 663 2099 731 August.
2127 666 2213 713 est
2243 657 2509 713 maxima.

496 750 725 819 Quando
769 765 898 821 ergo
945 749 1241 816 confiteriS,
1290 748 1550 806 sacerdos
1596 747 1830 805 absolvit
1874 753 1928 803 te
1975 748 2045 803 de
2088 746 2192 803 hac
2253 761 2413 818 poena
2455 746 2514 801 in

496 838 735 894 clavium
783 837 1006 903 virtute,
1056 838 1143 894 cui
1188 843 1243 893 te
1290 836 1588 911 subjeceris
1624 836 1679 892 in
1711 835 2073 900 confessione,
2117 841 2175 891 et
2210 834 2336 890 ideo
2371 833 2516 890 dixit

384 972 389 979 .
496 926 745 983 Christus
780 925 1073 997 Apostolis,
1108 927 1193 981 Jo.
1240 942 1323 983 xx
1352 944 1365 981 :
1396 922 1637 997 Accipite
1674 924 1942 998 Spiritum
1967 924 2254 993 Sanctum,-
2281 938 2516 996 quorum

496 1014 815 1071 remiseritis
836 1022 1065 1087 peccata,
1092 1014 1452 1071 remittuntur
1473 1015 1568 1080 eis,
1599 1020 1706 1070 etc.
1737 1014 1892 1071 Unde
1923 1013 2143 1087 quando
2176 1012 2344 1067 semel
2375 1028 2515 1067 con-

498 1104 681 1159 fitetur
706 1103 846 1176 quiS,
881 1102 1177 1159 dimittitur
1202 1106 1251 1157 ei
1282 1102 1489 1175 aliquid
1521 1102 1592 1157 de
1616 1117 1774 1175 poena
1799 1101 2108 1174 hujusmodi
2139 1118 2152 1155 ε
2177 1112 2233 1155 et
2257 1100 2515 1156 similiter

499 1192 716 1265 quando
754 1192 951 1247 iterum
998 1192 1309 1257 confitetur,
1357 1196 1413 1246 et
1459 1190 1848 1263 posset-toties
1894 1188 2162 1257 confiteri.
2208 1187 2355 1261 quod
2395 1195 2524 1246 tota-

497 1281 599 1337 sibi
627 1280 1014 1336 dimitteretur.
1038 1282 1367 1337 Invenerunt
1382 1286 1566 1336 autem
1585 1293 1928 1337 successores
1942 1278 2329 1350 Apostolorum
2345 1276 2514 1334 alium

499 1368 719 1424 modum
760 1368 1093 1423 remissionis
1130 1368 1291 1441 hujus
1327 1384 1526 1441 poenae,
1566 1354 1776 1425 scilicet
1821 1366 2085 1423 beneficia
2139 1366 2516 1446 indulgentia-

499 1472 639 1521 rum,
686 1471 811 1526 quae
852 1456 1107 1511 existenti
1146 1456 1203 1511 in
1228 1457 1465 1513 caritate
1494 1464 1708 1515 tantum
1745 1454 1948 1519 valent,
1981 1460 2249 1527 quantum
2291 1461 2509 1519 sonant,

500 1554 555 1601 et
596 1551 860 1618 quantum
906 1544 1352 1615 pronunciantur.
1384 1543 1540 1614 Quod
1588 1551 1772 1601 autem
1813 1546 1956 1617 Papa
2000 1544 2103 1600 hoc
2147 1542 2341 1617 possit,
2375 1542 2514 1599 satis

498 1637 673 1707 patet.
706 1632 844 1687 Nam
874 1631 1030 1689 multi
1076 1632 1251 1689 sancti
1292 1631 1464 1691 multa
1493 1632 1634 1690 bona
1665 1632 1929 1695 fecerunt,
1975 1639 2030 1689 et
2061 1640 2245 1688 tamen
2275 1631 2364 1686 isti
2405 1646 2512 1687 non

501 1727 863 1794 peccaverunt
892 1720 959 1776 ad
999 1720 1175 1777 minus
1206 1720 1531 1788 mortaliter,
1577 1727 1634 1777 et
1661 1720 1780 1778 haec
1817 1720 1955 1777 bona
1983 1720 2231 1777 fecerunt
2259 1720 2312 1775 in
2355 1719 2514 1776 utili-

502 1817 673 1867 tatem
698 1808 972 1867 Ecclesiae.
1001 1810 1265 1867 Similiter
1293 1806 1548 1871 meritum
1579 1810 1778 1866 Christi
1807 1815 1864 1866 et
1888 1812 2073 1867 Beatae
2108 1808 2350 1881 Virginis
2385 1814 2512 1863 sunt

502 1900 645 1957 sicut
665 1899 718 1954 in
750 1898 1023 1966 thesauro,
1054 1888 1197 1955 unde
1224 1914 1470 1955 summus
1498 1898 1765 1962 Pontifex,
1795 1905 1849 1954 et
1879 1897 1956 1953 illi
1987 1898 2188 1969 quibus
2215 1896 2331 1969 ipse
2355 1912 2512 1953 com-

504 1989 693 2045 mittit.
748 1996 973 2060 possunt
1015 1988 1322 2060 hujusmodi
1364 1988 1562 2045 merita
1615 1987 1706 2043 ubi
1750 2002 1970 2043 necesse
2015 1994 2120 2053 est,
2168 1986 2510 2059 dispensare.

500 2076 591 2133 Sic
626 2091 755 2147 ergo
796 2076 1147 2133 dimittuntur
1176 2083 1399 2151 peccata
1431 2092 1537 2133 non
1568 2075 1746 2132 solum
1775 2085 2040 2149 quantum
2081 2076 2152 2132 ad
2195 2074 2411 2149 culpam
2454 2074 2512 2131 iu

502 2164 848 2230 contritione,
885 2163 979 2221 sed
1012 2166 1179 2221 etiam
1208 2172 1475 2238 quantum
1499 2164 1568 2221 ad
1597 2154 1817 2238 poenam
1853 2165 1909 2220 in
1939 2164 2298 2231 confessione,
2330 2172 2388 2220 et
2415 2180 2512 2237 per

478 2252 885 2323 indulgentias.
920 2253 1077 2309 Circa
1119 2254 1365 2323 tertium,
1410 2254 1695 2311 sciendum
1737 2254 1880 2326 quod
1911 2270 1977 2310 ex
2007 2259 2162 2326 parte
2201 2263 2389 2310 nostra
2419 2270 2514 2309 re-

500 2340 754 2411 quiritur,
782 2348 843 2395 ut
869 2355 968 2395 nos
994 2339 1341 2398 dimittamus
1364 2342 1628 2415 proximis
1649 2342 1850 2397 nostris
1873 2342 2107 2409 offensas
2131 2341 2306 2398 factas
2329 2342 2508 2409 nobis,

496 2426 643 2481 unde
684 2426 885 2481 dicitur
932 2443 945 2480 ε
976 2426 1123 2483 Sicut
1165 2436 1216 2485 et
1251 2445 1351 2484 ‘nos
1386 2429 1710 2497 dimittimus
1745 2429 2068 2485 debitoribus
2095 2429 2307 2494 nostris,
2346 2430 2514 2486 aliter

496 2514 643 2569 Deus
685 2529 791 2569 non
832 2513 1137 2570 dimitteret
1167 2515 1341 2573 nobis.
1375 2517 1582 2575 Eccles.
1614 2533 1808 2578 xxvm
1843 2536 1855 2573 ε
1891 2519 2058 2574 Homo
2091 2515 2289 2573 homini
2321 2525 2512 2574 servat

495 2600 663 2665 iram,
706 2606 755 2673 et
792 2616 828 2656 a
864 2600 975 2656 Deo
1001 2602 1199 2675 quaerit
1226 2604 1516 2661 medelam?
1540 2605 1673 2661 Luc.
1705 2620 1765 2661 v1
1798 2622 1812 2661 :
1856 2604 2146 2671 Dimittite,
2174 2610 2222 2660 et
2260 2602 2513 2661 dimitte-

495 2688 634 2745 mini
682 2706 699 2746 .·
730 2698 786 2745 et
813 2689 939 2746 ideo
966 2690 1306 2763 solummodo
1335 2693 1391 2751 in
1431 2694 1536 2751 ista
1575 2692 1840 2767 petitione
1869 2694 2090 2766 ponitur
2116 2693 2358 2750 conditio
2383 2710 2514 2751 cum

494 2778 699 2836 dic-itur
742 2796 756 2833 z
802 2778 949 2857 Sicut
986 2788 1037 2837 et
1077 2798 1172 2837 nos
1198 2782 1537 2848 dimittimus,
1570 2790 1679 2841 etc.
1710 2784 1765 2841 si
1808 2800 1938 2857 ergo
1969 2799 2075 2840 non
2104 2782 2358 2846 dimittis,
2402 2798 2514 2839 non

498 2868 807 2927 dimittetur
855 2868 974 2930 tibi.
1018 2870 1124 2927 Sed
1171 2885 1360 2945 posses
1389 2872 1573 2928 dicere
1615 2888 1630 2930 ε
1674 2894 1700 2926 α
1749 2872 1864 2945 Ego
1905 2874 2086 2930 dicam
2120 2872 2510 2945 praecedentia,

460 2978 467 2983 ·
498 2955 710 3023 scilicet
734 2954 949 3012 dimitte
973 2957 1147 3022 nobis,
1174 2958 1273 3013 sed
1298 2956 1450 3025 illud,
1473 2959 1684 3019 scilicet
1704 2960 1849 3017 sicut
1872 2966 1928 3015 et
1955 2976 2071 3026 nos,
2097 2966 2215 3017 etc.
2233 2958 2447 3016 tacebo.
2483 2978 2512 3010 n

498 3046 641 3115 Ergo
694 3043 968 3102 Christum
1010 3045 1262 3119 decipere
1304 3047 1550 3119 qnaeris?
1593 3048 1689 3105 sed
1739 3054 1892 3107 certe
1932 3064 2040 3105 non
2091 3046 2321 3120 decipis.
2367 3048 2514 3104 Nam

499 3134 747 3190 Christus
784 3135 879 3207 qui
926 3134 1068 3191 hanc
1102 3136 1404 3191 orationem
1445 3128 1589 3203 iecit,
1637 3136 1774 3195 bene
1815 3137 2136 3193 recordatur
2183 3138 2321 3209 ejuS,
2369 3134 2518 3191 unde

495 3237 603 3277 non
646 3228 829 3294 potest
870 3222 1067 3296 decipi,
1113 3240 1243 3295 ergo
1272 3224 1319 3293 si
1347 3224 1488 3280 dicis
1511 3239 1622 3291 ore,
1657 3225 1958 3299 adimpleas
1997 3225 2184 3283 corde.
2213 3224 2319 3281 Sed
2349 3238 2517 3299 quae-

494 3310 633 3367 ritur
661 3316 846 3367 utrum
884 3311 975 3368 ille
1008 3312 1100 3386 qui
1133 3327 1238 3370 non
1283 3312 1536 3385 proponit
1565 3311 1842 3371 dimittere
1873 3315 2120 3387 proximo
2159 3328 2280 3381 suo,
2312 3311 2520 3369 debeat

492 3399 677 3455 dicere
722 3417 735 3455 ε
780 3399 930 3457 Sicut
966 3407 1019 3458 et
1060 3416 1156 3457 nos
1198 3398 1538 3471 dimittimus,
1593 3408 1705 3459 etc.
1742 3402 1972 3460 Videtur
2019 3402 2165 3476 quod
2203 3414 2334 3468 uon,
2378 3400 2518 3473 quia

494 3488 775 3546 mentitur.
815 3488 1138 3555 Dicendum,
1182 3490 1327 3562 quod
1358 3505 1464 3547 non
1495 3491 1774 3559 mentitur,
1818 3493 1948 3565 quia
1981 3508 2087 3548 non
2117 3498 2240 3547 orat
2283 3490 2337 3555 in
2381 3504 2522 3563 per-

492 3592 627 3633 sona
664 3593 783 3639 sua,
824 3578 921 3637 sed
954 3576 1233 3643 Ecclesiae‚
1271 3595 1397 3653 quae
1427 3595 1535 3637 non
1563 3579 1855 3653 decipitur,
1887 3589 1945 3637 et
1973 3581 2096 3637 ideo
2131 3582 2356 3655 ponitur
2394 3579 2520 3650 ipsa

492 3667 686 3737 petitio
714 3663 769 3723 in
801 3666 1017 3739 plurali.
1064 3667 1169 3723 Sed
1206 3668 1509 3734 sciendum,
1541 3669 1687 3743 quod
1729 3669 1943 3728 duobus
1972 3669 2150 3725 modis
2188 3665 2519 3725 dimittitur.

492 3752 647 3809 Unus
684 3760 779 3823 est
808 3753 1193 3827 perfectorum,
1230 3764 1292 3813 ut
1329 3756 1540 3814 scilicet
1569 3758 1807 3815 offensus
1848 3759 2094 3831 requirat
2120 3756 2517 3813 offendentem.

495 3839 695 3895 Psalm.
740 3856 938 3902 xxxin
966 3841 993 3897 ἐ
1041 3842 1265 3917 Inquit-e
1298 3860 1501 3917 pacem.
1540 3844 1694 3901 Alius
1740 3854 1824 3903 est
1853 3844 2218 3901 communiter
2242 3840 2515 3909 omnium,

497 3926 568 3985 ad
620 3942 785 4002 quem
832 3937 1087 3987 tenentur
1142 3947 1351 3997 omnes,
1406 3940 1468 3990 ut
1510 3933 1720 4010 scilicet
1770 3934 1978 4008 petenti
2019 3920 2236 3995 veniam
2280 3931 2518 3993 tribuat.

696 4036 971 4085 &xx-N

1032 4182 1047 4205 .

1052 4220 1108 4303 *x

1124 4332 1161 4397 X.

1162 4398 1219 4477 N
2491 4453 2620 4476 „2-
2643 4473 2656 4476 ,
