<?xml version="1.0" encoding="UTF-8"?>
<!DOCTYPE html PUBLIC "-//W3C//DTD XHTML 1.0 Transitional//EN"
    "http://www.w3.org/TR/xhtml1/DTD/xhtml1-transitional.dtd">
<html xmlns="http://www.w3.org/1999/xhtml" xml:lang="en" lang="en">
 <head>
  <title>
</title>
<meta http-equiv="Content-Type" content="text/html;charset=utf-8" />
  <meta name='ocr-system' content='tesseract 3.04.00' />
  <meta name='ocr-capabilities' content='ocr_page ocr_carea ocr_par ocr_line ocrx_word'/>
</head>
<body>
  <div class='ocr_page' id='page_1' title='image "./sthomaquinatisd02thomgoog_0396.png"; bbox 0 0 2850 4517; ppageno 0'>
   <div class='ocr_carea' id='block_1_1' title="bbox 402 404 2019 473">
    <p class='ocr_par' dir='ltr' id='par_1_1' title="bbox 402 404 2019 473">
     <span class='ocr_line' id='line_1_1' title="bbox 402 404 2019 473; baseline -0.004 -6"><span class='ocrx_word' id='word_1_1' title='bbox 402 410 407 417; x_wconf 88' lang='lat'>&#39;</span> <span class='ocrx_word' id='word_1_2' title='bbox 497 404 619 467; x_wconf 83' lang='lat'><strong>382</strong></span> <span class='ocrx_word' id='word_1_3' title='bbox 972 418 1025 464; x_wconf 83' lang='lat' dir='ltr'><strong>s.</strong></span> <span class='ocrx_word' id='word_1_4' title='bbox 1072 417 1301 461; x_wconf 77' lang='lat' dir='ltr'><strong>¹1·quAE</strong></span> <span class='ocrx_word' id='word_1_5' title='bbox 1340 414 1670 466; x_wconf 57' lang='lat' dir='ltr'><strong>nummus</strong></span> <span class='ocrx_word' id='word_1_6' title='bbox 1711 414 2019 473; x_wconf 67' lang='lat' dir='ltr'><strong>oruscum</strong></span> 
     </span>
    </p>
   </div>
   <div class='ocr_carea' id='block_1_2' title="bbox 464 523 2526 2118">
    <p class='ocr_par' dir='ltr' id='par_1_2' title="bbox 501 523 2526 786">
     <span class='ocr_line' id='line_1_2' title="bbox 501 523 2508 605; baseline -0.003 -13"><span class='ocrx_word' id='word_1_7' title='bbox 501 534 743 592; x_wconf 89' lang='lat' dir='ltr'><strong>omnium</strong></span> <span class='ocrx_word' id='word_1_8' title='bbox 760 532 1125 605; x_wconf 77' lang='lat' dir='ltr'><strong>spiritualium</strong></span> <span class='ocrx_word' id='word_1_9' title='bbox 1141 532 1531 590; x_wconf 80' lang='lat' dir='ltr'><strong>charismatum</strong></span> <span class='ocrx_word' id='word_1_10' title='bbox 1556 528 1892 587; x_wconf 88' lang='lat' dir='ltr'><strong>abundantia</strong></span> <span class='ocrx_word' id='word_1_11' title='bbox 1917 530 2310 603; x_wconf 78' lang='lat' dir='ltr'><strong>impinguatur.</strong></span> <span class='ocrx_word' id='word_1_12' title='bbox 2329 523 2508 586; x_wconf 78' lang='lat' dir='ltr'><strong>Offer-</strong></span> 
     </span>
     <span class='ocr_line' id='line_1_3' title="bbox 504 618 2506 695; baseline -0.003 -16"><span class='ocrx_word' id='word_1_13' title='bbox 504 632 591 681; x_wconf 89' lang='lat' dir='ltr'><strong>tur</strong></span> <span class='ocrx_word' id='word_1_14' title='bbox 620 624 675 679; x_wconf 92' lang='lat' dir='ltr'><strong>in</strong></span> <span class='ocrx_word' id='word_1_15' title='bbox 704 618 944 679; x_wconf 83' lang='lat' dir='ltr'><strong>Ecclesia</strong></span> <span class='ocrx_word' id='word_1_16' title='bbox 977 638 1073 695; x_wconf 84' lang='lat' dir='ltr'><strong>pro</strong></span> <span class='ocrx_word' id='word_1_17' title='bbox 1112 622 1250 680; x_wconf 80' lang='lat' dir='ltr'><strong>vivis</strong></span> <span class='ocrx_word' id='word_1_18' title='bbox 1280 628 1336 679; x_wconf 90' lang='lat' dir='ltr'><strong>et</strong></span> <span class='ocrx_word' id='word_1_19' title='bbox 1367 619 1613 687; x_wconf 80' lang='lat' dir='ltr'><strong>mortuis,</strong></span> <span class='ocrx_word' id='word_1_20' title='bbox 1649 626 1707 675; x_wconf 90' lang='lat' dir='ltr'><strong>ut</strong></span> <span class='ocrx_word' id='word_1_21' title='bbox 1737 618 1988 677; x_wconf 89' lang='lat' dir='ltr'><strong>omnibus</strong></span> <span class='ocrx_word' id='word_1_22' title='bbox 2016 618 2208 693; x_wconf 80' lang='lat' dir='ltr'><strong>prosit,</strong></span> <span class='ocrx_word' id='word_1_23' title='bbox 2242 619 2390 693; x_wconf 88' lang='lat' dir='ltr'><strong>quod</strong></span> <span class='ocrx_word' id='word_1_24' title='bbox 2420 624 2506 677; x_wconf 87' lang='lat' dir='ltr'><strong>est</strong></span> 
     </span>
     <span class='ocr_line' id='line_1_4' title="bbox 504 710 2526 786; baseline -0.003 -18"><span class='ocrx_word' id='word_1_25' title='bbox 504 728 601 786; x_wconf 90' lang='lat' dir='ltr'><strong>pro</strong></span> <span class='ocrx_word' id='word_1_26' title='bbox 631 710 807 767; x_wconf 87' lang='lat' dir='ltr'><strong>salute</strong></span> <span class='ocrx_word' id='word_1_27' title='bbox 836 713 1074 767; x_wconf 88' lang='lat' dir='ltr'><strong>omnium</strong></span> <span class='ocrx_word' id='word_1_28' title='bbox 1100 710 1432 768; x_wconf 84' lang='lat' dir='ltr'><strong>institutum.</strong></span> <span class='ocrx_word' id='word_1_29' title='bbox 2521 776 2526 782; x_wconf 68' lang='lat'>‚</span> 
     </span>
    </p>

    <p class='ocr_par' dir='ltr' id='par_1_3' title="bbox 503 794 2510 1051">
     <span class='ocr_line' id='line_1_5' title="bbox 578 794 2508 873; baseline -0.001 -18"><span class='ocrx_word' id='word_1_30' title='bbox 578 800 735 872; x_wconf 78' lang='lat' dir='ltr'><strong>Resp.</strong></span> <span class='ocrx_word' id='word_1_31' title='bbox 786 800 1045 873; x_wconf 78' lang='lat' dir='ltr'><strong>Respexit</strong></span> <span class='ocrx_word' id='word_1_32' title='bbox 1100 800 1246 857; x_wconf 89' lang='lat' dir='ltr'><strong>Elias</strong></span> <span class='ocrx_word' id='word_1_33' title='bbox 1290 800 1359 857; x_wconf 89' lang='lat' dir='ltr'><strong>ad</strong></span> <span class='ocrx_word' id='word_1_34' title='bbox 1408 804 1573 871; x_wconf 89' lang='lat' dir='ltr'><strong>caput</strong></span> <span class='ocrx_word' id='word_1_35' title='bbox 1616 812 1774 853; x_wconf 91' lang='lat' dir='ltr'><strong>suum</strong></span> <span class='ocrx_word' id='word_1_36' title='bbox 1824 794 2242 853; x_wconf 89' lang='lat' dir='ltr'><strong>subcineritium</strong></span> <span class='ocrx_word' id='word_1_37' title='bbox 2288 813 2508 871; x_wconf 85' lang='lat' dir='ltr'><strong>panem,</strong></span> 
     </span>
     <span class='ocr_line' id='line_1_6' title="bbox 507 883 2510 964; baseline -0.002 -19"><span class='ocrx_word' id='word_1_38' title='bbox 507 889 601 964; x_wconf 88' lang='lat' dir='ltr'><strong>qui</strong></span> <span class='ocrx_word' id='word_1_39' title='bbox 646 904 875 961; x_wconf 84' lang='lat' dir='ltr'><strong>surgens</strong></span> <span class='ocrx_word' id='word_1_40' title='bbox 914 888 1152 945; x_wconf 89' lang='lat' dir='ltr'><strong>comedit</strong></span> <span class='ocrx_word' id='word_1_41' title='bbox 1193 895 1247 945; x_wconf 91' lang='lat' dir='ltr'><strong>et</strong></span> <span class='ocrx_word' id='word_1_42' title='bbox 1288 887 1445 955; x_wconf 87' lang='lat' dir='ltr'><strong>bibit,</strong></span> <span class='ocrx_word' id='word_1_43' title='bbox 1495 892 1549 944; x_wconf 89' lang='lat' dir='ltr'><strong>et</strong></span> <span class='ocrx_word' id='word_1_44' title='bbox 1591 883 1892 943; x_wconf 84' lang='lat' dir='ltr'><strong>ambulavit</strong></span> <span class='ocrx_word' id='word_1_45' title='bbox 1937 886 1992 941; x_wconf 83' lang='lat' dir='ltr'><strong>i&#39;n</strong></span> <span class='ocrx_word' id='word_1_46' title='bbox 2025 884 2352 942; x_wconf 82' lang='lat' dir='ltr'><strong>fortitudine</strong></span> <span class='ocrx_word' id='word_1_47' title='bbox 2403 886 2510 942; x_wconf 90' lang='lat' dir='ltr'><strong>cibi</strong></span> 
     </span>
     <span class='ocr_line' id='line_1_7' title="bbox 503 977 1356 1051; baseline -0.001 -17"><span class='ocrx_word' id='word_1_48' title='bbox 503 979 649 1034; x_wconf 90' lang='lat' dir='ltr'><strong>illius</strong></span> <span class='ocrx_word' id='word_1_49' title='bbox 676 993 851 1051; x_wconf 87' lang='lat' dir='ltr'><strong>usque</strong></span> <span class='ocrx_word' id='word_1_50' title='bbox 875 977 944 1035; x_wconf 89' lang='lat' dir='ltr'><strong>ad</strong></span> <span class='ocrx_word' id='word_1_51' title='bbox 970 983 1209 1035; x_wconf 89' lang='lat' dir='ltr'><strong>montem</strong></span> <span class='ocrx_word' id='word_1_52' title='bbox 1234 978 1356 1033; x_wconf 91' lang='lat' dir='ltr'><strong>Dei.</strong></span> 
     </span>
    </p>

    <p class='ocr_par' dir='ltr' id='par_1_4' title="bbox 504 1064 2510 1228">
     <span class='ocr_line' id='line_1_8' title="bbox 582 1064 2510 1139; baseline -0.004 -12"><span class='ocrx_word' id='word_1_53' title='bbox 582 1066 733 1127; x_wconf 69' lang='lat' dir='ltr'><strong>Vera.</strong></span> <span class='ocrx_word' id='word_1_54' title='bbox 754 1068 809 1124; x_wconf 92' lang='lat' dir='ltr'><strong>Si</strong></span> <span class='ocrx_word' id='word_1_55' title='bbox 834 1067 1247 1124; x_wconf 82' lang='lat' dir='ltr'><strong>manducaverit</strong></span> <span class='ocrx_word' id='word_1_56' title='bbox 1275 1084 1339 1123; x_wconf 86' lang='lat' dir='ltr'><strong>ex</strong></span> <span class='ocrx_word' id='word_1_57' title='bbox 1362 1065 1467 1123; x_wconf 90' lang='lat' dir='ltr'><strong>hoc</strong></span> <span class='ocrx_word' id='word_1_58' title='bbox 1493 1082 1652 1139; x_wconf 85' lang='lat' dir='ltr'><strong>pane,</strong></span> <span class='ocrx_word' id='word_1_59' title='bbox 1681 1064 1828 1123; x_wconf 87' lang='lat' dir='ltr'><strong>vivet</strong></span> <span class='ocrx_word' id='word_1_60' title='bbox 1866 1064 1922 1120; x_wconf 92' lang='lat' dir='ltr'><strong>in</strong></span> <span class='ocrx_word' id='word_1_61' title='bbox 1945 1072 2235 1121; x_wconf 87' lang='lat' dir='ltr'><strong>aeternum.</strong></span> <span class='ocrx_word' id='word_1_62' title='bbox 2272 1064 2342 1120; x_wconf 92' lang='lat' dir='ltr'><strong>Et</strong></span> <span class='ocrx_word' id='word_1_63' title='bbox 2390 1080 2510 1121; x_wconf 86' lang='lat' dir='ltr'><strong>am-</strong></span> 
     </span>
     <span class='ocr_line' id='line_1_9' title="bbox 504 1154 1208 1228; baseline -0.003 -16"><span class='ocrx_word' id='word_1_64' title='bbox 504 1154 731 1212; x_wconf 88' lang='lat' dir='ltr'><strong>bulavit.</strong></span> <span class='ocrx_word' id='word_1_65' title='bbox 764 1156 973 1213; x_wconf 86' lang='lat' dir='ltr'><strong>Gloria.</strong></span> <span class='ocrx_word' id='word_1_66' title='bbox 1004 1156 1208 1228; x_wconf 81' lang='lat' dir='ltr'><strong>Usque.</strong></span> 
     </span>
    </p>

    <p class='ocr_par' dir='ltr' id='par_1_5' title="bbox 505 1241 2505 1405">
     <span class='ocr_line' id='line_1_10' title="bbox 572 1241 2505 1315; baseline -0.003 -14"><span class='ocrx_word' id='word_1_67' title='bbox 572 1245 641 1301; x_wconf 81' lang='lat' dir='ltr'><strong>In</strong></span> <span class='ocrx_word' id='word_1_68' title='bbox 663 1244 884 1300; x_wconf 78' lang='lat' dir='ltr'><strong>seeundo</strong></span> <span class='ocrx_word' id='word_1_69' title='bbox 910 1244 1138 1303; x_wconf 82' lang='lat' dir='ltr'><strong>Noctur.</strong></span> <span class='ocrx_word' id='word_1_70' title='bbox 1168 1243 1394 1315; x_wconf 77' lang='lat' dir='ltr'><strong>Antiph.</strong></span> <span class='ocrx_word' id='word_1_71' title='bbox 1415 1244 1617 1299; x_wconf 79' lang='lat' dir='ltr'><strong>Memor</strong></span> <span class='ocrx_word' id='word_1_72' title='bbox 1637 1244 1709 1299; x_wconf 91' lang='lat' dir='ltr'><strong>sit</strong></span> <span class='ocrx_word' id='word_1_73' title='bbox 1736 1241 1999 1299; x_wconf 88' lang='lat' dir='ltr'><strong>Dominus</strong></span> <span class='ocrx_word' id='word_1_74' title='bbox 2023 1242 2284 1299; x_wconf 86' lang='lat' dir='ltr'><strong>sacrificii</strong></span> <span class='ocrx_word' id='word_1_75' title='bbox 2311 1242 2505 1310; x_wconf 88' lang='lat' dir='ltr'><strong>nostri,</strong></span> 
     </span>
     <span class='ocr_line' id='line_1_11' title="bbox 505 1331 1606 1405; baseline 0.002 -18"><span class='ocrx_word' id='word_1_76' title='bbox 505 1341 559 1388; x_wconf 90' lang='lat' dir='ltr'><strong>et</strong></span> <span class='ocrx_word' id='word_1_77' title='bbox 587 1332 963 1389; x_wconf 88' lang='lat' dir='ltr'><strong>holocaustum</strong></span> <span class='ocrx_word' id='word_1_78' title='bbox 989 1339 1233 1388; x_wconf 88' lang='lat' dir='ltr'><strong>nostrum</strong></span> <span class='ocrx_word' id='word_1_79' title='bbox 1262 1332 1463 1405; x_wconf 86' lang='lat' dir='ltr'><strong>pingue</strong></span> <span class='ocrx_word' id='word_1_80' title='bbox 1487 1331 1606 1389; x_wconf 84' lang='lat' dir='ltr'><strong>fiat.</strong></span> 
     </span>
    </p>

    <p class='ocr_par' dir='ltr' id='par_1_6' title="bbox 464 1420 2504 1665">
     <span class='ocr_line' id='line_1_12' title="bbox 574 1420 1039 1477; baseline 0 -2"><span class='ocrx_word' id='word_1_81' title='bbox 574 1421 717 1477; x_wconf 82' lang='lat' dir='ltr'><strong>Psal.</strong></span> <span class='ocrx_word' id='word_1_82' title='bbox 748 1420 1039 1476; x_wconf 83' lang='lat' dir='ltr'><strong>Exaudiat.</strong></span> 
     </span>
     <span class='ocr_line' id='line_1_13' title="bbox 464 1504 2504 1597; baseline 0 -34"><span class='ocrx_word' id='word_1_83' title='bbox 464 1510 468 1513; x_wconf 79' lang='grc'><strong>’</strong></span> <span class='ocrx_word' id='word_1_84' title='bbox 574 1504 797 1579; x_wconf 76' lang='lat' dir='ltr'><strong>Antiph.</strong></span> <span class='ocrx_word' id='word_1_85' title='bbox 828 1509 1055 1564; x_wconf 79' lang='lat' dir='ltr'><strong>Paratur</strong></span> <span class='ocrx_word' id='word_1_86' title='bbox 1084 1508 1238 1565; x_wconf 87' lang='lat' dir='ltr'><strong>nobis</strong></span> <span class='ocrx_word' id='word_1_87' title='bbox 1268 1526 1455 1567; x_wconf 88' lang='lat' dir='ltr'><strong>mensa</strong></span> <span class='ocrx_word' id='word_1_88' title='bbox 1479 1508 1692 1567; x_wconf 90' lang='lat' dir='ltr'><strong>Domini</strong></span> <span class='ocrx_word' id='word_1_89' title='bbox 1721 1508 1982 1569; x_wconf 85' lang='lat' dir='ltr'><strong>adversus</strong></span> <span class='ocrx_word' id='word_1_90' title='bbox 2006 1523 2196 1597; x_wconf 80' lang='lat' dir='ltr'><strong>omnes</strong></span> <span class='ocrx_word' id='word_1_91' title='bbox 2223 1505 2318 1581; x_wconf 85' lang='lat' dir='ltr'><strong>qui</strong></span> <span class='ocrx_word' id='word_1_92' title='bbox 2345 1507 2504 1564; x_wconf 87' lang='lat' dir='ltr'><strong>tribu·</strong></span> 
     </span>
     <span class='ocr_line' id='line_1_14' title="bbox 511 1597 770 1665; baseline 0 -14"><span class='ocrx_word' id='word_1_93' title='bbox 511 1597 624 1651; x_wconf 88' lang='lat' dir='ltr'><strong>lant</strong></span> <span class='ocrx_word' id='word_1_94' title='bbox 652 1612 770 1665; x_wconf 78' lang='lat' dir='ltr'><strong>noS.</strong></span> 
     </span>
    </p>

    <p class='ocr_par' dir='ltr' id='par_1_7' title="bbox 574 1685 1257 1758">
     <span class='ocr_line' id='line_1_15' title="bbox 574 1685 1257 1758; baseline 0.003 -19"><span class='ocrx_word' id='word_1_95' title='bbox 574 1685 770 1742; x_wconf 83' lang='lat' dir='ltr'><strong>Psalm.</strong></span> <span class='ocrx_word' id='word_1_96' title='bbox 806 1686 1067 1742; x_wconf 91' lang='lat' dir='ltr'><strong>Dominus</strong></span> <span class='ocrx_word' id='word_1_97' title='bbox 1097 1687 1257 1758; x_wconf 86' lang='lat' dir='ltr'><strong>regit.</strong></span> 
     </span>
    </p>

    <p class='ocr_par' dir='ltr' id='par_1_8' title="bbox 573 1774 2504 1849">
     <span class='ocr_line' id='line_1_16' title="bbox 573 1774 2504 1849; baseline -0.001 -18"><span class='ocrx_word' id='word_1_98' title='bbox 573 1776 797 1847; x_wconf 75' lang='lat' dir='ltr'><strong>Antiph.</strong></span> <span class='ocrx_word' id='word_1_99' title='bbox 817 1776 875 1830; x_wconf 90' lang='lat' dir='ltr'><strong>ln</strong></span> <span class='ocrx_word' id='word_1_100' title='bbox 897 1791 1029 1833; x_wconf 87' lang='lat' dir='ltr'><strong>voce</strong></span> <span class='ocrx_word' id='word_1_101' title='bbox 1047 1774 1398 1831; x_wconf 87' lang='lat' dir='ltr'><strong>exultationis</strong></span> <span class='ocrx_word' id='word_1_102' title='bbox 1417 1782 1668 1833; x_wconf 85' lang='lat' dir='ltr'><strong>resonent</strong></span> <span class='ocrx_word' id='word_1_103' title='bbox 1687 1774 1970 1849; x_wconf 89' lang='lat' dir='ltr'><strong>epulantes</strong></span> <span class='ocrx_word' id='word_1_104' title='bbox 1990 1775 2044 1830; x_wconf 90' lang='lat' dir='ltr'><strong>in</strong></span> <span class='ocrx_word' id='word_1_105' title='bbox 2069 1790 2255 1831; x_wconf 88' lang='lat' dir='ltr'><strong>mensa</strong></span> <span class='ocrx_word' id='word_1_106' title='bbox 2273 1774 2504 1831; x_wconf 87' lang='lat' dir='ltr'><strong>Domini.</strong></span> 
     </span>
    </p>

    <p class='ocr_par' dir='ltr' id='par_1_9' title="bbox 578 1863 1244 1933">
     <span class='ocr_line' id='line_1_17' title="bbox 578 1863 1244 1933; baseline 0.003 -15"><span class='ocrx_word' id='word_1_107' title='bbox 578 1863 723 1919; x_wconf 82' lang='lat' dir='ltr'><strong>Psal.</strong></span> <span class='ocrx_word' id='word_1_108' title='bbox 751 1864 1244 1933; x_wconf 87' lang='lat' dir='ltr'><strong>Quemadmodum.</strong></span> 
     </span>
    </p>

    <p class='ocr_par' dir='ltr' id='par_1_10' title="bbox 589 1952 1685 2026">
     <span class='ocr_line' id='line_1_18' title="bbox 589 1952 1685 2026; baseline -0.001 -16"><span class='ocrx_word' id='word_1_109' title='bbox 589 1952 737 2010; x_wconf 60' lang='grc' dir='ltr'><em>γεγε.</em></span> <span class='ocrx_word' id='word_1_110' title='bbox 770 1952 984 2009; x_wconf 86' lang='lat' dir='ltr'><strong>Cibavit</strong></span> <span class='ocrx_word' id='word_1_111' title='bbox 1014 1970 1105 2010; x_wconf 88' lang='lat' dir='ltr'><strong>eos</strong></span> <span class='ocrx_word' id='word_1_112' title='bbox 1129 1971 1196 2010; x_wconf 87' lang='lat' dir='ltr'><strong>ex</strong></span> <span class='ocrx_word' id='word_1_113' title='bbox 1222 1954 1381 2026; x_wconf 85' lang='lat' dir='ltr'><strong>adipe</strong></span> <span class='ocrx_word' id='word_1_114' title='bbox 1405 1954 1685 2010; x_wconf 86' lang='lat' dir='ltr'><strong>frumenti.</strong></span> 
     </span>
    </p>

    <p class='ocr_par' dir='ltr' id='par_1_11' title="bbox 582 2035 1740 2118">
     <span class='ocr_line' id='line_1_19' title="bbox 582 2035 1740 2118; baseline 0 -20"><span class='ocrx_word' id='word_1_115' title='bbox 582 2040 837 2118; x_wconf 21' lang='lat' dir='ltr'><strong>Hesp-Et</strong></span> <span class='ocrx_word' id='word_1_116' title='bbox 864 2035 933 2099; x_wconf 85' lang='lat' dir='ltr'><strong>de</strong></span> <span class='ocrx_word' id='word_1_117' title='bbox 964 2050 1117 2116; x_wconf 86' lang='lat' dir='ltr'><strong>petra</strong></span> <span class='ocrx_word' id='word_1_118' title='bbox 1142 2042 1596 2099; x_wconf 73' lang='lat' dir='ltr'><strong>mellesaturavit</strong></span> <span class='ocrx_word' id='word_1_119' title='bbox 1625 2056 1740 2098; x_wconf 73' lang='lat' dir='ltr'><strong>eoa.</strong></span> 
     </span>
    </p>
   </div>
   <div class='ocr_carea' id='block_1_3' title="bbox 1266 2210 1739 2279">
    <p class='ocr_par' dir='ltr' id='par_1_12' title="bbox 1266 2210 1739 2279">
     <span class='ocr_line' id='line_1_20' title="bbox 1266 2210 1739 2279; baseline 0 0"><span class='ocrx_word' id='word_1_120' title='bbox 1266 2212 1578 2279; x_wconf 88' lang='lat' dir='ltr'>LECTIO</span> <span class='ocrx_word' id='word_1_121' title='bbox 1625 2210 1739 2279; x_wconf 93' lang='lat' dir='ltr'><strong>IV.</strong></span> 
     </span>
    </p>
   </div>
   <div class='ocr_carea' id='block_1_4' title="bbox 426 2351 2512 3670">
    <p class='ocr_par' dir='ltr' id='par_1_13' title="bbox 426 2351 2512 3225">
     <span class='ocr_line' id='line_1_21' title="bbox 576 2351 2507 2425; baseline -0.001 -16"><span class='ocrx_word' id='word_1_122' title='bbox 576 2353 915 2409; x_wconf 85' lang='lat' dir='ltr'><strong>Suavitatem</strong></span> <span class='ocrx_word' id='word_1_123' title='bbox 950 2352 1185 2420; x_wconf 74' lang='lat' dir='ltr'><strong>denique</strong></span> <span class='ocrx_word' id='word_1_124' title='bbox 1214 2351 1375 2422; x_wconf 88' lang='lat' dir='ltr'><strong>hujus</strong></span> <span class='ocrx_word' id='word_1_125' title='bbox 1412 2352 1748 2408; x_wconf 84' lang='lat' dir='ltr'><strong>Sacramenti</strong></span> <span class='ocrx_word' id='word_1_126' title='bbox 1794 2352 1974 2408; x_wconf 87' lang='lat' dir='ltr'><strong>nullus</strong></span> <span class='ocrx_word' id='word_1_127' title='bbox 2007 2352 2316 2425; x_wconf 80' lang='lat' dir='ltr'><strong>exprimere</strong></span> <span class='ocrx_word' id='word_1_128' title='bbox 2353 2353 2507 2408; x_wconf 84' lang='lat' dir='ltr'><strong>suffl-</strong></span> 
     </span>
     <span class='ocr_line' id='line_1_22' title="bbox 510 2440 2512 2513; baseline 0.001 -19"><span class='ocrx_word' id='word_1_129' title='bbox 510 2442 603 2506; x_wconf 91' lang='lat' dir='ltr'><strong>cit,</strong></span> <span class='ocrx_word' id='word_1_130' title='bbox 634 2456 727 2512; x_wconf 88' lang='lat' dir='ltr'><strong>per</strong></span> <span class='ocrx_word' id='word_1_131' title='bbox 753 2440 895 2513; x_wconf 87' lang='lat' dir='ltr'><strong>quod</strong></span> <span class='ocrx_word' id='word_1_132' title='bbox 941 2440 1239 2512; x_wconf 85' lang='lat' dir='ltr'><strong>spiritualis</strong></span> <span class='ocrx_word' id='word_1_133' title='bbox 1277 2440 1506 2513; x_wconf 86' lang='lat' dir='ltr'><strong>dulcedo</strong></span> <span class='ocrx_word' id='word_1_134' title='bbox 1549 2440 1602 2495; x_wconf 90' lang='lat' dir='ltr'><strong>in</strong></span> <span class='ocrx_word' id='word_1_135' title='bbox 1645 2456 1744 2497; x_wconf 91' lang='lat' dir='ltr'><strong>suo</strong></span> <span class='ocrx_word' id='word_1_136' title='bbox 1780 2441 1927 2497; x_wconf 84' lang='lat' dir='ltr'><strong>fonte</strong></span> <span class='ocrx_word' id='word_1_137' title='bbox 1963 2449 2232 2513; x_wconf 80' lang='lat' dir='ltr'><strong>gustatur,</strong></span> <span class='ocrx_word' id='word_1_138' title='bbox 2265 2448 2321 2495; x_wconf 86' lang='lat' dir='ltr'><strong>et</strong></span> <span class='ocrx_word' id='word_1_139' title='bbox 2349 2444 2512 2497; x_wconf 79' lang='lat' dir='ltr'><strong>re&#39;co·</strong></span> 
     </span>
     <span class='ocr_line' id='line_1_23' title="bbox 509 2528 2506 2602; baseline -0.001 -18"><span class='ocrx_word' id='word_1_140' title='bbox 509 2530 637 2585; x_wconf 85' lang='lat' dir='ltr'><strong>litur</strong></span> <span class='ocrx_word' id='word_1_141' title='bbox 666 2529 929 2584; x_wconf 87' lang='lat' dir='ltr'><strong>memoria</strong></span> <span class='ocrx_word' id='word_1_142' title='bbox 968 2528 1131 2598; x_wconf 87' lang='lat' dir='ltr'><strong>illius,</strong></span> <span class='ocrx_word' id='word_1_143' title='bbox 1160 2544 1325 2602; x_wconf 88' lang='lat' dir='ltr'><strong>quam</strong></span> <span class='ocrx_word' id='word_1_144' title='bbox 1368 2528 1421 2583; x_wconf 89' lang='lat' dir='ltr'><strong>in</strong></span> <span class='ocrx_word' id='word_1_145' title='bbox 1465 2545 1565 2585; x_wconf 88' lang='lat' dir='ltr'><strong>sua</strong></span> <span class='ocrx_word' id='word_1_146' title='bbox 1594 2532 1846 2602; x_wconf 85' lang='lat' dir='ltr'><strong>passione</strong></span> <span class='ocrx_word' id='word_1_147' title='bbox 1871 2528 2118 2587; x_wconf 87' lang='lat' dir='ltr'><strong>Christus</strong></span> <span class='ocrx_word' id='word_1_148' title='bbox 2161 2530 2506 2593; x_wconf 79' lang='lat' dir='ltr'><strong>monstravit,</strong></span> 
     </span>
     <span class='ocr_line' id='line_1_24' title="bbox 509 2606 2510 2692; baseline -0.001 -17"><span class='ocrx_word' id='word_1_149' title='bbox 509 2616 983 2675; x_wconf 71' lang='lat' dir='ltr'><strong>excellentissimae</strong></span> <span class='ocrx_word' id='word_1_150' title='bbox 1008 2606 1310 2673; x_wconf 58' lang='lat' dir='ltr'><strong>charitatis</strong></span> <span class='ocrx_word' id='word_1_151' title='bbox 1340 2618 1494 2674; x_wconf 88' lang='lat' dir='ltr'><strong>Unde</strong></span> <span class='ocrx_word' id='word_1_152' title='bbox 1538 2625 1598 2673; x_wconf 83' lang='lat' dir='ltr'><strong>ut</strong></span> <span class='ocrx_word' id='word_1_153' title='bbox 1634 2620 1837 2675; x_wconf 86' lang='lat' dir='ltr'><strong>arctius</strong></span> <span class='ocrx_word' id='word_1_154' title='bbox 1877 2618 2187 2692; x_wconf 84' lang='lat' dir='ltr'><strong>hujusmodi</strong></span> <span class='ocrx_word' id='word_1_155' title='bbox 2227 2618 2510 2674; x_wconf 77' lang='lat' dir='ltr'><strong>charitatis</strong></span> 
     </span>
     <span class='ocr_line' id='line_1_25' title="bbox 508 2704 2508 2779; baseline -0.003 -14"><span class='ocrx_word' id='word_1_156' title='bbox 508 2706 847 2765; x_wconf 86' lang='lat' dir='ltr'><strong>immensitas</strong></span> <span class='ocrx_word' id='word_1_157' title='bbox 878 2707 1117 2762; x_wconf 82' lang='lat' dir='ltr'><strong>fidelium</strong></span> <span class='ocrx_word' id='word_1_158' title='bbox 1142 2706 1399 2763; x_wconf 80' lang='lat' dir='ltr'><strong>cordibus</strong></span> <span class='ocrx_word' id='word_1_159' title='bbox 1423 2707 1758 2779; x_wconf 81' lang='lat' dir='ltr'><strong>infigeretur,</strong></span> <span class='ocrx_word' id='word_1_160' title='bbox 1792 2708 1846 2763; x_wconf 86' lang='lat' dir='ltr'><strong>in</strong></span> <span class='ocrx_word' id='word_1_161' title='bbox 1887 2704 2080 2763; x_wconf 82' lang='lat' dir='ltr'><strong>ultima</strong></span> <span class='ocrx_word' id='word_1_162' title='bbox 2105 2722 2264 2763; x_wconf 83' lang='lat' dir='ltr'><strong>coena</strong></span> <span class='ocrx_word' id='word_1_163' title='bbox 2294 2706 2508 2779; x_wconf 81' lang='lat' dir='ltr'><strong>quando</strong></span> 
     </span>
     <span class='ocr_line' id='line_1_26' title="bbox 509 2791 2506 2871; baseline -0.002 -19"><span class='ocrx_word' id='word_1_164' title='bbox 509 2791 714 2853; x_wconf 85' lang='lat' dir='ltr'><strong>Pascha</strong></span> <span class='ocrx_word' id='word_1_165' title='bbox 744 2809 868 2851; x_wconf 88' lang='lat' dir='ltr'><strong>curn</strong></span> <span class='ocrx_word' id='word_1_166' title='bbox 904 2795 1185 2869; x_wconf 87' lang='lat' dir='ltr'><strong>discipulis</strong></span> <span class='ocrx_word' id='word_1_167' title='bbox 1232 2796 1506 2853; x_wconf 85' lang='lat' dir='ltr'><strong>celebrato</strong></span> <span class='ocrx_word' id='word_1_168' title='bbox 1550 2798 1882 2853; x_wconf 86' lang='lat' dir='ltr'><strong>transiturus</strong></span> <span class='ocrx_word' id='word_1_169' title='bbox 1923 2802 2042 2871; x_wconf 78' lang='lat' dir='ltr'><strong>erat</strong></span> <span class='ocrx_word' id='word_1_170' title='bbox 2067 2796 2136 2852; x_wconf 78' lang='lat' dir='ltr'><strong>‘de</strong></span> <span class='ocrx_word' id='word_1_171' title='bbox 2165 2796 2271 2851; x_wconf 90' lang='lat' dir='ltr'><strong>hoc</strong></span> <span class='ocrx_word' id='word_1_172' title='bbox 2311 2796 2506 2851; x_wconf 68' lang='lat' dir='ltr'><strong>miindo</strong></span> 
     </span>
     <span class='ocr_line' id='line_1_27' title="bbox 512 2884 2508 2959; baseline -0.001 -18"><span class='ocrx_word' id='word_1_173' title='bbox 512 2887 577 2941; x_wconf 89' lang='lat' dir='ltr'><strong>ad</strong></span> <span class='ocrx_word' id='word_1_174' title='bbox 627 2888 864 2953; x_wconf 86' lang='lat' dir='ltr'><strong>Patrem,</strong></span> <span class='ocrx_word' id='word_1_175' title='bbox 891 2884 994 2941; x_wconf 92' lang='lat' dir='ltr'><strong>hoc</strong></span> <span class='ocrx_word' id='word_1_176' title='bbox 1032 2886 1446 2942; x_wconf 82' lang='lat' dir='ltr'><strong>Sacramentum</strong></span> <span class='ocrx_word' id='word_1_177' title='bbox 1490 2885 1728 2941; x_wconf 85' lang='lat' dir='ltr'><strong>instituit</strong></span> <span class='ocrx_word' id='word_1_178' title='bbox 1777 2888 2036 2959; x_wconf 83' lang='lat' dir='ltr'><strong>tanquam</strong></span> <span class='ocrx_word' id='word_1_179' title='bbox 2077 2885 2352 2959; x_wconf 83' lang='lat' dir='ltr'><strong>passionis</strong></span> <span class='ocrx_word' id='word_1_180' title='bbox 2401 2899 2508 2940; x_wconf 79' lang='lat' dir='ltr'><strong>suae</strong></span> 
     </span>
     <span class='ocr_line' id='line_1_28' title="bbox 426 2972 2506 3048; baseline -0.002 -18"><span class='ocrx_word' id='word_1_181' title='bbox 426 3034 431 3037; x_wconf 71' lang='grc'><strong>,</strong></span> <span class='ocrx_word' id='word_1_182' title='bbox 517 2974 830 3030; x_wconf 68' lang='lat' dir='ltr'><strong>memoriale</strong></span> <span class='ocrx_word' id='word_1_183' title='bbox 851 2980 1105 3047; x_wconf 81' lang='lat' dir='ltr'><strong>perenne,</strong></span> <span class='ocrx_word' id='word_1_184' title='bbox 1130 2975 1424 3046; x_wconf 79' lang='lat' dir='ltr'><strong>figurarum</strong></span> <span class='ocrx_word' id='word_1_185' title='bbox 1453 2980 1702 3032; x_wconf 79' lang='lat' dir='ltr'><strong>veterum</strong></span> <span class='ocrx_word' id='word_1_186' title='bbox 1731 2974 2091 3048; x_wconf 87' lang='lat' dir='ltr'><strong>impletivum,</strong></span> <span class='ocrx_word' id='word_1_187' title='bbox 2123 2972 2506 3031; x_wconf 84' lang='lat' dir='ltr'><strong>miraculorum</strong></span> 
     </span>
     <span class='ocr_line' id='line_1_29' title="bbox 516 3061 2509 3134; baseline -0.001 -18"><span class='ocrx_word' id='word_1_188' title='bbox 516 3063 585 3117; x_wconf 90' lang='lat' dir='ltr'><strong>ab</strong></span> <span class='ocrx_word' id='word_1_189' title='bbox 624 3064 740 3133; x_wconf 87' lang='lat' dir='ltr'><strong>ipso</strong></span> <span class='ocrx_word' id='word_1_190' title='bbox 768 3063 1035 3119; x_wconf 86' lang='lat' dir='ltr'><strong>factorum</strong></span> <span class='ocrx_word' id='word_1_191' title='bbox 1063 3063 1379 3130; x_wconf 85' lang='lat' dir='ltr'><strong>maximum,</strong></span> <span class='ocrx_word' id='word_1_192' title='bbox 1406 3070 1463 3119; x_wconf 87' lang='lat' dir='ltr'><strong>et</strong></span> <span class='ocrx_word' id='word_1_193' title='bbox 1491 3062 1560 3118; x_wconf 90' lang='lat' dir='ltr'><strong>de</strong></span> <span class='ocrx_word' id='word_1_194' title='bbox 1597 3078 1695 3119; x_wconf 88' lang='lat' dir='ltr'><strong>sua</strong></span> <span class='ocrx_word' id='word_1_195' title='bbox 1722 3064 2066 3120; x_wconf 79' lang='lat' dir='ltr'><strong>contristatis</strong></span> <span class='ocrx_word' id='word_1_196' title='bbox 2089 3063 2341 3134; x_wconf 76' lang='lat' dir='ltr'><strong>absentia</strong></span> <span class='ocrx_word' id='word_1_197' title='bbox 2367 3061 2509 3117; x_wconf 56' lang='lat' dir='ltr'><strong>sola&amp;</strong></span> 
     </span>
     <span class='ocr_line' id='line_1_30' title="bbox 518 3151 1221 3225; baseline 0.007 -22"><span class='ocrx_word' id='word_1_198' title='bbox 518 3152 650 3205; x_wconf 90' lang='lat' dir='ltr'><strong>tium</strong></span> <span class='ocrx_word' id='word_1_199' title='bbox 678 3151 950 3220; x_wconf 83' lang='lat' dir='ltr'><strong>singulare</strong></span> <span class='ocrx_word' id='word_1_200' title='bbox 980 3152 1221 3225; x_wconf 76' lang='lat' dir='ltr'><strong>reliquit.</strong></span> 
     </span>
    </p>

    <p class='ocr_par' dir='ltr' id='par_1_14' title="bbox 492 3238 2510 3481">
     <span class='ocr_line' id='line_1_31' title="bbox 578 3238 2509 3315; baseline 0 -22"><span class='ocrx_word' id='word_1_201' title='bbox 578 3238 740 3310; x_wconf 77' lang='lat' dir='ltr'><strong>Resp.</strong></span> <span class='ocrx_word' id='word_1_202' title='bbox 770 3240 929 3295; x_wconf 88' lang='lat' dir='ltr'><strong>Panis</strong></span> <span class='ocrx_word' id='word_1_203' title='bbox 957 3257 1120 3313; x_wconf 87' lang='lat' dir='ltr'><strong>quem</strong></span> <span class='ocrx_word' id='word_1_204' title='bbox 1146 3256 1244 3313; x_wconf 84' lang='lat' dir='ltr'><strong>ego</strong></span> <span class='ocrx_word' id='word_1_205' title='bbox 1274 3242 1416 3309; x_wconf 84' lang='lat' dir='ltr'><strong>dabo</strong></span> <span class='ocrx_word' id='word_1_206' title='bbox 1445 3256 1572 3299; x_wconf 86' lang='lat' dir='ltr'><strong>caro</strong></span> <span class='ocrx_word' id='word_1_207' title='bbox 1610 3257 1742 3298; x_wconf 84' lang='lat' dir='ltr'><strong>mea</strong></span> <span class='ocrx_word' id='word_1_208' title='bbox 1760 3248 1845 3297; x_wconf 92' lang='lat' dir='ltr'><strong>est</strong></span> <span class='ocrx_word' id='word_1_209' title='bbox 1870 3258 1966 3315; x_wconf 88' lang='lat' dir='ltr'><strong>pro</strong></span> <span class='ocrx_word' id='word_1_210' title='bbox 1997 3241 2186 3296; x_wconf 91' lang='lat' dir='ltr'><strong>mundi</strong></span> <span class='ocrx_word' id='word_1_211' title='bbox 2219 3242 2365 3310; x_wconf 89' lang='lat' dir='ltr'><strong>vita;</strong></span> <span class='ocrx_word' id='word_1_212' title='bbox 2395 3240 2509 3295; x_wconf 88' lang='lat' dir='ltr'><strong>liti-</strong></span> 
     </span>
     <span class='ocr_line' id='line_1_32' title="bbox 509 3327 2510 3411; baseline 0.001 -28"><span class='ocrx_word' id='word_1_213' title='bbox 509 3327 710 3398; x_wconf 82' lang='lat' dir='ltr'><strong>gabant</strong></span> <span class='ocrx_word' id='word_1_214' title='bbox 738 3343 867 3398; x_wconf 86' lang='lat' dir='ltr'><strong>ergo</strong></span> <span class='ocrx_word' id='word_1_215' title='bbox 894 3328 921 3382; x_wconf 87' lang='lat' dir='ltr'>J</span> <span class='ocrx_word' id='word_1_216' title='bbox 930 3328 1068 3385; x_wconf 61' lang='lat' dir='ltr'><strong>udaei</strong></span> <span class='ocrx_word' id='word_1_217' title='bbox 1098 3330 1381 3386; x_wconf 88' lang='lat' dir='ltr'><strong>dicentes:</strong></span> <span class='ocrx_word' id='word_1_218' title='bbox 1402 3331 1684 3401; x_wconf 87' lang='lat' dir='ltr'><strong>Quomodo</strong></span> <span class='ocrx_word' id='word_1_219' title='bbox 1713 3337 1894 3411; x_wconf 82' lang='lat' dir='ltr'><strong>potest</strong></span> <span class='ocrx_word' id='word_1_220' title='bbox 1917 3331 2005 3386; x_wconf 87' lang='lat' dir='ltr'><strong>hic</strong></span> <span class='ocrx_word' id='word_1_221' title='bbox 2031 3330 2190 3387; x_wconf 89' lang='lat' dir='ltr'><strong>nobis</strong></span> <span class='ocrx_word' id='word_1_222' title='bbox 2221 3330 2356 3386; x_wconf 88' lang='lat' dir='ltr'><strong>dare</strong></span> <span class='ocrx_word' id='word_1_223' title='bbox 2385 3345 2510 3386; x_wconf 87' lang='lat' dir='ltr'><strong>car·</strong></span> 
     </span>
     <span class='ocr_line' id='line_1_33' title="bbox 492 3410 1428 3481; baseline 0.003 -10"><span class='ocrx_word' id='word_1_224' title='bbox 492 3426 631 3481; x_wconf 54' lang='lat' dir='ltr'><strong>,nem</strong></span> <span class='ocrx_word' id='word_1_225' title='bbox 658 3432 813 3473; x_wconf 87' lang='lat' dir='ltr'><strong>suam</strong></span> <span class='ocrx_word' id='word_1_226' title='bbox 846 3410 911 3473; x_wconf 73' lang='lat' dir='ltr'><strong>ud</strong></span> <span class='ocrx_word' id='word_1_227' title='bbox 946 3419 1428 3475; x_wconf 74' lang='lat' dir='ltr'><strong>manducandum?</strong></span> 
     </span>
    </p>

    <p class='ocr_par' dir='ltr' id='par_1_15' title="bbox 509 3505 2510 3670">
     <span class='ocr_line' id='line_1_34' title="bbox 516 3505 2510 3589; baseline -0.001 -26"><span class='ocrx_word' id='word_1_228' title='bbox 516 3544 525 3547; x_wconf 93' lang='lat'>-</span> <span class='ocrx_word' id='word_1_229' title='bbox 586 3506 731 3563; x_wconf 54' lang='lat' dir='ltr'><strong>Verus</strong></span> <span class='ocrx_word' id='word_1_230' title='bbox 780 3507 1017 3563; x_wconf 87' lang='lat' dir='ltr'><strong>Locutus</strong></span> <span class='ocrx_word' id='word_1_231' title='bbox 1064 3511 1147 3563; x_wconf 87' lang='lat' dir='ltr'><strong>est</strong></span> <span class='ocrx_word' id='word_1_232' title='bbox 1196 3508 1428 3589; x_wconf 79' lang='lat' dir='ltr'><strong>populus</strong></span> <span class='ocrx_word' id='word_1_233' title='bbox 1482 3512 1672 3565; x_wconf 86' lang='lat' dir='ltr'><strong>contra</strong></span> <span class='ocrx_word' id='word_1_234' title='bbox 1723 3508 2052 3565; x_wconf 85' lang='lat' dir='ltr'><strong>Dominum</strong></span> <span class='ocrx_word' id='word_1_235' title='bbox 2081 3506 2280 3565; x_wconf 84' lang='lat' dir='ltr'><strong>Anima</strong></span> <span class='ocrx_word' id='word_1_236' title='bbox 2327 3505 2510 3563; x_wconf 72' lang='lat' dir='ltr'><strong>nostra</strong></span> 
     </span>
     <span class='ocr_line' id='line_1_35' title="bbox 509 3596 2258 3670; baseline 0.004 -20"><span class='ocrx_word' id='word_1_237' title='bbox 509 3598 735 3653; x_wconf 78' lang='lat' dir='ltr'><strong>nauseat</strong></span> <span class='ocrx_word' id='word_1_238' title='bbox 764 3608 926 3670; x_wconf 89' lang='lat' dir='ltr'><strong>super</strong></span> <span class='ocrx_word' id='word_1_239' title='bbox 949 3596 1071 3653; x_wconf 88' lang='lat' dir='ltr'><strong>cibo</strong></span> <span class='ocrx_word' id='word_1_240' title='bbox 1101 3596 1207 3654; x_wconf 89' lang='lat' dir='ltr'><strong>isto</strong></span> <span class='ocrx_word' id='word_1_241' title='bbox 1237 3596 1532 3655; x_wconf 81' lang='lat' dir='ltr'><strong>levissimo.</strong></span> <span class='ocrx_word' id='word_1_242' title='bbox 1563 3598 1865 3669; x_wconf 87' lang='lat' dir='ltr'><strong>Quomodo.</strong></span> <span class='ocrx_word' id='word_1_243' title='bbox 1941 3606 1946 3611; x_wconf 76' lang='grc'><em>·</em></span> <span class='ocrx_word' id='word_1_244' title='bbox 2253 3624 2258 3627; x_wconf 93' lang='grc'><em>·</em></span> 
     </span>
    </p>
   </div>
   <div class='ocr_carea' id='block_1_5' title="bbox 1283 3770 1798 3837">
    <p class='ocr_par' dir='ltr' id='par_1_16' title="bbox 1283 3770 1798 3837">
     <span class='ocr_line' id='line_1_36' title="bbox 1283 3770 1798 3837; baseline 0.002 -1"><span class='ocrx_word' id='word_1_245' title='bbox 1283 3770 1593 3837; x_wconf 81' lang='lat' dir='ltr'><strong>LEGTIO</strong></span> <span class='ocrx_word' id='word_1_246' title='bbox 1625 3770 1722 3837; x_wconf 51' lang='lat' dir='ltr'><strong>¹V.</strong></span> <span class='ocrx_word' id='word_1_247' title='bbox 1793 3780 1798 3788; x_wconf 89' lang='lat'>&#39;</span> 
     </span>
    </p>
   </div>
   <div class='ocr_carea' id='block_1_6' title="bbox 516 3908 2515 4073">
    <p class='ocr_par' dir='ltr' id='par_1_17' title="bbox 516 3908 2515 4073">
     <span class='ocr_line' id='line_1_37' title="bbox 580 3908 2515 3993; baseline 0.002 -32"><span class='ocrx_word' id='word_1_248' title='bbox 580 3908 843 3964; x_wconf 86' lang='lat' dir='ltr'><strong>Convenit</strong></span> <span class='ocrx_word' id='word_1_249' title='bbox 866 3908 1051 3981; x_wconf 89' lang='lat' dir='ltr'><strong>itaque</strong></span> <span class='ocrx_word' id='word_1_250' title='bbox 1078 3910 1355 3966; x_wconf 79' lang='lat' dir='ltr'><strong>devotio-ni</strong></span> <span class='ocrx_word' id='word_1_251' title='bbox 1400 3910 1640 3965; x_wconf 84' lang='lat' dir='ltr'><strong>fidelium</strong></span> <span class='ocrx_word' id='word_1_252' title='bbox 1669 3910 1983 3967; x_wconf 87' lang='lat' dir='ltr'><strong>solemniter</strong></span> <span class='ocrx_word' id='word_1_253' title='bbox 2015 3909 2258 3966; x_wconf 83' lang='lat' dir='ltr'><strong>recolere</strong></span> <span class='ocrx_word' id='word_1_254' title='bbox 2288 3908 2515 3993; x_wconf 25' lang='lat' dir='ltr'><strong>instit-u-</strong></span> 
     </span>
     <span class='ocr_line' id='line_1_38' title="bbox 516 3991 2515 4073; baseline 0.005 -27"><span class='ocrx_word' id='word_1_255' title='bbox 516 3991 714 4049; x_wconf 87' lang='lat' dir='ltr'><strong>tionem</strong></span> <span class='ocrx_word' id='word_1_256' title='bbox 758 3998 868 4047; x_wconf 77' lang='lat' dir='ltr'><strong>tam</strong></span> <span class='ocrx_word' id='word_1_257' title='bbox 910 3993 1194 4060; x_wconf 84' lang='lat' dir='ltr'><strong>satuliferi,</strong></span> <span class='ocrx_word' id='word_1_258' title='bbox 1236 4002 1457 4073; x_wconf 83' lang='lat' dir='ltr'><strong>tamque</strong></span> <span class='ocrx_word' id='word_1_259' title='bbox 1503 3996 1768 4054; x_wconf 87' lang='lat' dir='ltr'><strong>mirabilis</strong></span> <span class='ocrx_word' id='word_1_260' title='bbox 1815 3996 2171 4065; x_wconf 83' lang='lat' dir='ltr'><strong>Sacramenti,</strong></span> <span class='ocrx_word' id='word_1_261' title='bbox 2209 3992 2515 4055; x_wconf 78' lang='lat' dir='ltr'><strong>ut&#39;ineffa-</strong></span> 
     </span>
    </p>
   </div>
   <div class='ocr_carea' id='block_1_7' title="bbox 2786 620 2787 1447">
    <p class='ocr_par' dir='ltr' id='par_1_18' title="bbox 2786 620 2787 1447">
     <span class='ocr_line' id='line_1_39' title="bbox 2786 620 2787 1447; baseline 0 0"><span class='ocrx_word' id='word_1_262' title='bbox 2786 620 2787 1447; x_wconf 95' lang='lat' dir='ltr'><strong> </strong></span> 
     </span>
    </p>
   </div>
   <div class='ocr_carea' id='block_1_8' title="bbox 2784 1646 2790 3849">
    <p class='ocr_par' dir='ltr' id='par_1_19' title="bbox 2784 1646 2790 3849">
     <span class='ocr_line' id='line_1_40' title="bbox 2784 1646 2790 3849; baseline 0 0"><span class='ocrx_word' id='word_1_263' title='bbox 2784 1646 2790 3849; x_wconf 95' lang='lat' dir='ltr'><strong> </strong></span> 
     </span>
    </p>
   </div>
  </div>
 </body>
</html>
