2850 4517
1020 330 1075 378 8.
1118 328 1355 377 '2801‘AE
1391 328 1725 383 Aotmwns
1764 330 2076 380 ornacum

1107 444 1269 507 Docti
1296 447 1471 507 sacris
1497 446 1788 518 institutis,

1038 538 1259 605 Panem,
1285 538 1499 607 viuum,
1528 538 1587 594 in
1615 537 1813 597 salutis

1038 626 1433 691 consectamus
1459 626 1718 685 hostiam.

1108 716 1317 789 Dogma
1344 715 1510 773 datur
1546 716 1880 787 christianis,

1038 803 1191 877 Quod
1218 804 1273 863 in
1298 820 1522 863 carnem
1545 806 1745 863 transit
1769 808 1948 880 panis,

1040 892 1109 951 Et
1133 894 1321 952 viuum
1348 895 1405 951 in
1434 895 1776 967 sanguinem.
1889 890 1894 895 ’

1111 990 1268 1062 Quod
1296 1005 1403 1050 neu
1431 992 1603 1066 capis,
1634 992 1782 1066 quod
1807 1006 1912 1051 nou
1942 992 2117 1064 vides,

1040 1080 1299 1139 Animosa
1324 1080 1510 1138 firmat
1535 1080 1690 1149 fides,

1044 1174 1247 1229 Praeter
1270 1184 1455 1229 rerum
1483 1170 1752 1229 ordinem.

1109 1266 1222 1325 Sub
1243 1266 1478 1327 diversis
1504 1266 1810 1342 speciebus,

1042 1355 1223 1428 Signis
1249 1362 1485 1424 tantum,
1518 1364 1576 1413 et
1605 1372 1710 1413 non
1738 1354 1918 1425 rebus,
1971 1390 1978 1401 ·

1041 1445 1241 1501 Latent
1266 1460 1357 1501 res
1383 1445 1620 1503 eximiae.

1113 1541 1252 1597 Caro
1279 1540 1456 1611 cibus,
1487 1541 1710 1615 sanguis
1737 1546 1919 1617 potus,

1040 1630 1223 1688 Manet
1250 1636 1434 1687 tamen
1457 1631 1706 1689 Christus
1729 1637 1900 1700 totus,

1044 1719 1155 1777 Sub
1180 1725 1413 1794 utraque
1441 1720 1645 1794 specie.

981 1879 987 1888 ,
1114 1820 1166 1898 Α,
1188 1823 1439 1875 sumente
1462 1833 1570 1876 non
1598 1817 1869 1888 concisus,

1042 1906 1162 1964 Non
1189 1904 1521 1975 confractus,
1554 1922 1664 1963 uon
1690 1905 1919 1972 divisus.
2004 1913 2014 1921 ’

1045 1995 1262 2068 Integer
1289 1995 1578 2069 accipitur.

1116 2092 1293 2151 Sumit
1322 2107 1480 2163 unuS,
1512 2100 1736 2149 sumunt
1761 2092 1929 2161 mille,

1048 2182 1327 2252 Quantum
1354 2182 1467 2249 isti,
1497 2187 1710 2241 tantum
1734 2181 1854 2250 iiie3

1048 2268 1163 2327 Nec
1190 2276 1441 2343 sumptus
1468 2270 1827 2327 consumitur.

1118 2366 1351 2423 Sumunt
1377 2366 1525 2435 boni,
1557 2376 1778 2425 sumunt
1807 2367 1954 2437 mali,

1023 2456 1207 2533 ¹Sorte
1236 2460 1417 2511 tamen
1459 2456 1718 2529 inaequali

1025 2540 1190 2599 -vitae
1216 2544 1301 2599 vel
1330 2541 1605 2600 interitus.

1115 2638 1260 2697 Mors
1285 2645 1372 2699 est
1400 2639 1579 2709 malis,
1610 2642 1727 2699 vita
1755 2642 1912 2700 bonis
1942 2659 1958 2701 z

1050 2727 1188 2786 vide
1215 2730 1363 2802 paris
1389 2731 1718 2804 sumptionis

1052 2815 1227 2887 Quam
1254 2818 1328 2874 sit
1355 2818 1541 2893 dispar
1571 2820 1771 2877 exitus.

1119 2916 1315 2975 Fracto
1342 2916 1565 2974 demum
1590 2923 1959 2988 sacramento,

1050 3004 1133 3063 Ne
1158 3005 1401 3073 vacilles,
1428 3005 1526 3065 sed
1548 3013 1825 3063 memento

1049 3093 1284 3151 Tantum
1312 3109 1432 3150 esse
1460 3094 1563 3150 sub
1589 3094 1894 3167 fragmento

1052 3181 1324 3253 Quantum
1354 3187 1472 3240 toto
1502 3184 1724 3265 tegitur.
1784 3230 1788 3235 .
1879 3226 1884 3233 ,

1119 3279 1282 3338 Nulla
1305 3281 1383 3337 rei
1414 3279 1479 3336 flt
1505 3281 1748 3338 scissura
1774 3298 1789 3339 ε

944 3444 948 3448 ¹
1048 3369 1200 3441 Signi
1228 3375 1443 3426 tantum
1472 3368 1533 3427 fit
1559 3369 1821 3440 fractura,

1053 3456 1172 3527 Qua
1201 3472 1301 3513 nec
1326 3463 1507 3513 status
1532 3474 1635 3515 nec
1663 3466 1876 3517 statura

1050 3545 1260 3617 signati
1289 3547 1573 3604 minuitur.
1615 3584 1620 3589 -

1125 3642 1265 3701 Ecce
1292 3644 1453 3717 panis
1478 3646 1829 3717 Angelorum.

1052 3732 1253 3795 Factus
1276 3732 1436 3791 cibus
1458 3733 1752 3802 viatorum,

1056 3821 1191 3880 Vere
1218 3822 1374 3895 panis
1397 3822 1653 3891 filiorum,

1054 3910 1174 3968 Nou
1198 3912 1500 3968 mittendus
1523 3911 1770 3972 canibus.
