<?xml version="1.0" encoding="UTF-8"?>
<!DOCTYPE html PUBLIC "-//W3C//DTD XHTML 1.0 Transitional//EN"
    "http://www.w3.org/TR/xhtml1/DTD/xhtml1-transitional.dtd">
<html xmlns="http://www.w3.org/1999/xhtml" xml:lang="en" lang="en">
 <head>
  <title>
</title>
<meta http-equiv="Content-Type" content="text/html;charset=utf-8" />
  <meta name='ocr-system' content='tesseract 3.04.00' />
  <meta name='ocr-capabilities' content='ocr_page ocr_carea ocr_par ocr_line ocrx_word'/>
</head>
<body>
  <div class='ocr_page' id='page_1' title='image "./sthomaquinatisd02thomgoog_0287.png"; bbox 0 0 2850 4517; ppageno 0'>
   <div class='ocr_carea' id='block_1_1' title="bbox 645 317 2409 413">
    <p class='ocr_par' dir='ltr' id='par_1_1' title="bbox 645 317 2409 413">
     <span class='ocr_line' id='line_1_1' title="bbox 645 317 2409 413; baseline 0.005 -16"><span class='ocrx_word' id='word_1_1' title='bbox 645 352 737 398; x_wconf 91' lang='lat'>111.</span> <span class='ocrx_word' id='word_1_2' title='bbox 778 366 861 385; x_wconf 92' lang='lat'><em>-</em></span> <span class='ocrx_word' id='word_1_3' title='bbox 900 353 979 397; x_wconf 76' lang='lat' dir='ltr'>nn</span> <span class='ocrx_word' id='word_1_4' title='bbox 1020 352 1373 397; x_wconf 63' lang='lat' dir='ltr'>amaneus</span> <span class='ocrx_word' id='word_1_5' title='bbox 1424 317 1816 413; x_wconf 53' lang='lat' dir='ltr'>anm&#39;rAnsJ</span> <span class='ocrx_word' id='word_1_6' title='bbox 1850 355 1985 401; x_wconf 74' lang='lat' dir='ltr'>nro.</span> <span class='ocrx_word' id='word_1_7' title='bbox 2205 335 2330 405; x_wconf 78' lang='lat'>273</span> <span class='ocrx_word' id='word_1_8' title='bbox 2407 369 2409 373; x_wconf 94' lang='lat'>·</span> 
     </span>
    </p>
   </div>
   <div class='ocr_carea' id='block_1_2' title="bbox 306 467 2394 4011">
    <p class='ocr_par' dir='ltr' id='par_1_2' title="bbox 310 467 2394 2403">
     <span class='ocr_line' id='line_1_2' title="bbox 312 467 2332 547; baseline -0 -17"><span class='ocrx_word' id='word_1_9' title='bbox 312 476 447 545; x_wconf 75' lang='lat' dir='ltr'>ergo</span> <span class='ocrx_word' id='word_1_10' title='bbox 474 473 559 527; x_wconf 84' lang='lat' dir='ltr'>est</span> <span class='ocrx_word' id='word_1_11' title='bbox 584 468 703 527; x_wconf 85' lang='lat' dir='ltr'>vita</span> <span class='ocrx_word' id='word_1_12' title='bbox 728 467 1030 539; x_wconf 86' lang='lat' dir='ltr'>corporalis</span> <span class='ocrx_word' id='word_1_13' title='bbox 1070 484 1083 523; x_wconf 75' lang='grc' dir='ltr'><strong>ε</strong></span> <span class='ocrx_word' id='word_1_14' title='bbox 1115 467 1212 524; x_wconf 89' lang='lat' dir='ltr'>sed</span> <span class='ocrx_word' id='word_1_15' title='bbox 1242 468 1601 536; x_wconf 81' lang='lat' dir='ltr'>contrarium,</span> <span class='ocrx_word' id='word_1_16' title='bbox 1633 468 1845 526; x_wconf 84' lang='lat' dir='ltr'>scilicet</span> <span class='ocrx_word' id='word_1_17' title='bbox 1873 478 2106 528; x_wconf 88' lang='lat' dir='ltr'>mortem</span> <span class='ocrx_word' id='word_1_18' title='bbox 2135 474 2332 547; x_wconf 87' lang='lat' dir='ltr'>acqui-</span> 
     </span>
     <span class='ocr_line' id='line_1_3' title="bbox 314 556 2328 633; baseline 0 -14"><span class='ocrx_word' id='word_1_19' title='bbox 314 566 445 619; x_wconf 82' lang='lat' dir='ltr'>runt</span> <span class='ocrx_word' id='word_1_20' title='bbox 471 558 573 626; x_wconf 89' lang='lat' dir='ltr'>illi,</span> <span class='ocrx_word' id='word_1_21' title='bbox 612 558 710 633; x_wconf 88' lang='lat' dir='ltr'>qui</span> <span class='ocrx_word' id='word_1_22' title='bbox 738 556 1003 629; x_wconf 72' lang='lat' dir='ltr'>injuriant</span> <span class='ocrx_word' id='word_1_23' title='bbox 1042 556 1381 629; x_wconf 71' lang='lat' dir='ltr'>parentibuS.</span> <span class='ocrx_word' id='word_1_24' title='bbox 1429 556 1705 614; x_wconf 79' lang='lat' dir='ltr'>Habemus</span> <span class='ocrx_word' id='word_1_25' title='bbox 1735 559 1881 615; x_wconf 86' lang='lat' dir='ltr'>enim</span> <span class='ocrx_word' id='word_1_26' title='bbox 1911 560 1982 617; x_wconf 86' lang='lat' dir='ltr'>ab</span> <span class='ocrx_word' id='word_1_27' title='bbox 2009 562 2092 617; x_wconf 84' lang='lat' dir='ltr'>eis</span> <span class='ocrx_word' id='word_1_28' title='bbox 2135 563 2328 631; x_wconf 85' lang='lat' dir='ltr'>vitam,</span> 
     </span>
     <span class='ocr_line' id='line_1_4' title="bbox 312 644 2394 726; baseline 0 -18"><span class='ocrx_word' id='word_1_29' title='bbox 312 651 459 708; x_wconf 86' lang='lat' dir='ltr'>sicut</span> <span class='ocrx_word' id='word_1_30' title='bbox 482 644 703 704; x_wconf 52' lang='lat' dir='ltr'>“milites</span> <span class='ocrx_word' id='word_1_31' title='bbox 737 662 771 703; x_wconf 86' lang='lat' dir='ltr'>a</span> <span class='ocrx_word' id='word_1_32' title='bbox 814 660 943 717; x_wconf 85' lang='lat' dir='ltr'>rege</span> <span class='ocrx_word' id='word_1_33' title='bbox 969 644 1194 701; x_wconf 88' lang='lat' dir='ltr'>feudum</span> <span class='ocrx_word' id='word_1_34' title='bbox 1228 660 1241 698; x_wconf 81' lang='lat' dir='ltr'><strong><em>z</em></strong></span> <span class='ocrx_word' id='word_1_35' title='bbox 1281 650 1337 699; x_wconf 88' lang='lat' dir='ltr'>et</span> <span class='ocrx_word' id='word_1_36' title='bbox 1362 644 1486 699; x_wconf 90' lang='lat' dir='ltr'>ideo</span> <span class='ocrx_word' id='word_1_37' title='bbox 1515 645 1658 702; x_wconf 90' lang='lat' dir='ltr'>sicut</span> <span class='ocrx_word' id='word_1_38' title='bbox 1698 646 1924 719; x_wconf 82' lang='lat' dir='ltr'>dignum</span> <span class='ocrx_word' id='word_1_39' title='bbox 1959 658 2044 705; x_wconf 85' lang='lat' dir='ltr'>est</span> <span class='ocrx_word' id='word_1_40' title='bbox 2078 654 2222 723; x_wconf 89' lang='lat' dir='ltr'>quod</span> <span class='ocrx_word' id='word_1_41' title='bbox 2253 652 2332 707; x_wconf 93' lang='lat' dir='ltr'>illi</span> <span class='ocrx_word' id='word_1_42' title='bbox 2385 720 2394 726; x_wconf 33' lang='lat'><strong>¹</strong></span> 
     </span>
     <span class='ocr_line' id='line_1_5' title="bbox 312 732 2333 810; baseline 0 -13"><span class='ocrx_word' id='word_1_43' title='bbox 312 740 575 797; x_wconf 84' lang='lat' dir='ltr'>amittant</span> <span class='ocrx_word' id='word_1_44' title='bbox 602 751 702 809; x_wconf 88' lang='lat' dir='ltr'>pro</span> <span class='ocrx_word' id='word_1_45' title='bbox 729 734 1041 808; x_wconf 85' lang='lat' dir='ltr'>proditione</span> <span class='ocrx_word' id='word_1_46' title='bbox 1077 733 1319 801; x_wconf 84' lang='lat' dir='ltr'>feudum,</span> <span class='ocrx_word' id='word_1_47' title='bbox 1350 733 1431 789; x_wconf 86' lang='lat' dir='ltr'>ita</span> <span class='ocrx_word' id='word_1_48' title='bbox 1466 732 1560 789; x_wconf 89' lang='lat' dir='ltr'>isti</span> <span class='ocrx_word' id='word_1_49' title='bbox 1587 742 1810 807; x_wconf 90' lang='lat' dir='ltr'>propter</span> <span class='ocrx_word' id='word_1_50' title='bbox 1838 737 2093 810; x_wconf 87' lang='lat' dir='ltr'>injuriam</span> <span class='ocrx_word' id='word_1_51' title='bbox 2121 740 2333 797; x_wconf 85' lang='lat' dir='ltr'>illatam</span> 
     </span>
     <span class='ocr_line' id='line_1_6' title="bbox 313 820 2335 903; baseline 0.001 -19"><span class='ocrx_word' id='word_1_52' title='bbox 313 826 634 903; x_wconf 86' lang='lat' dir='ltr'>parentibus</span> <span class='ocrx_word' id='word_1_53' title='bbox 660 825 857 881; x_wconf 82' lang='lat' dir='ltr'>vitam.</span> <span class='ocrx_word' id='word_1_54' title='bbox 896 825 1056 880; x_wconf 85' lang='lat' dir='ltr'>Prov.</span> <span class='ocrx_word' id='word_1_55' title='bbox 1088 836 1216 878; x_wconf 85' lang='lat' dir='ltr'>xxx</span> <span class='ocrx_word' id='word_1_56' title='bbox 1262 838 1275 876; x_wconf 77' lang='grc' dir='ltr'><strong><em>ε</em></strong></span> <span class='ocrx_word' id='word_1_57' title='bbox 1322 820 1542 879; x_wconf 81' lang='lat' dir='ltr'><strong><em>Oculum</em></strong></span> <span class='ocrx_word' id='word_1_58' title='bbox 1571 825 1662 895; x_wconf 78' lang='lat' dir='ltr'>qui</span> <span class='ocrx_word' id='word_1_59' title='bbox 1688 824 1981 884; x_wconf 78' lang='lat' dir='ltr'><strong><em>subsannat</em></strong></span> <span class='ocrx_word' id='word_1_60' title='bbox 2015 835 2252 901; x_wconf 83' lang='lat' dir='ltr'>patrem,</span> <span class='ocrx_word' id='word_1_61' title='bbox 2282 837 2335 887; x_wconf 88' lang='lat' dir='ltr'>et</span> 
     </span>
     <span class='ocr_line' id='line_1_7' title="bbox 314 910 2334 989; baseline 0.001 -18"><span class='ocrx_word' id='word_1_62' title='bbox 314 916 409 989; x_wconf 78' lang='lat' dir='ltr'>qui</span> <span class='ocrx_word' id='word_1_63' title='bbox 440 914 659 987; x_wconf 78' lang='lat' dir='ltr'><strong><em>despicit</em></strong></span> <span class='ocrx_word' id='word_1_64' title='bbox 683 920 903 985; x_wconf 83' lang='lat' dir='ltr'>partum</span> <span class='ocrx_word' id='word_1_65' title='bbox 929 910 1127 967; x_wconf 75' lang='lat' dir='ltr'>matris</span> <span class='ocrx_word' id='word_1_66' title='bbox 1152 927 1281 978; x_wconf 79' lang='lat' dir='ltr'>suoe,</span> <span class='ocrx_word' id='word_1_67' title='bbox 1309 911 1598 983; x_wconf 79' lang='lat' dir='ltr'>suffodiant</span> <span class='ocrx_word' id='word_1_68' title='bbox 1625 928 1744 969; x_wconf 88' lang='lat' dir='ltr'>eum</span> <span class='ocrx_word' id='word_1_69' title='bbox 1781 914 1930 971; x_wconf 78' lang='lat' dir='ltr'>corvi</span> <span class='ocrx_word' id='word_1_70' title='bbox 1967 914 2028 971; x_wconf 84' lang='lat' dir='ltr'>de</span> <span class='ocrx_word' id='word_1_71' title='bbox 2065 917 2334 988; x_wconf 80' lang='lat' dir='ltr'>torrenti-</span> 
     </span>
     <span class='ocr_line' id='line_1_8' title="bbox 313 998 2333 1077; baseline 0.001 -16"><span class='ocrx_word' id='word_1_72' title='bbox 313 1006 429 1071; x_wconf 82' lang='lat' dir='ltr'>bus,</span> <span class='ocrx_word' id='word_1_73' title='bbox 470 1011 520 1059; x_wconf 83' lang='lat' dir='ltr'>et</span> <span class='ocrx_word' id='word_1_74' title='bbox 560 1002 833 1059; x_wconf 81' lang='lat' dir='ltr'>comedant</span> <span class='ocrx_word' id='word_1_75' title='bbox 864 1016 983 1057; x_wconf 88' lang='lat' dir='ltr'>eum</span> <span class='ocrx_word' id='word_1_76' title='bbox 1015 998 1122 1071; x_wconf 81' lang='lat' dir='ltr'>filii</span> <span class='ocrx_word' id='word_1_77' title='bbox 1150 999 1496 1071; x_wconf 79' lang='lat' dir='ltr'>aquilae.·-Per</span> <span class='ocrx_word' id='word_1_78' title='bbox 1531 1000 1672 1057; x_wconf 81' lang='lat' dir='ltr'>filios</span> <span class='ocrx_word' id='word_1_79' title='bbox 1710 1002 1912 1074; x_wconf 85' lang='lat' dir='ltr'>aquilae</span> <span class='ocrx_word' id='word_1_80' title='bbox 1952 1004 2333 1077; x_wconf 84' lang='lat' dir='ltr'>intelliguntur</span> 
     </span>
     <span class='ocr_line' id='line_1_9' title="bbox 314 1087 2334 1168; baseline 0 -17"><span class='ocrx_word' id='word_1_81' title='bbox 314 1108 473 1166; x_wconf 84' lang='lat' dir='ltr'>reges</span> <span class='ocrx_word' id='word_1_82' title='bbox 494 1097 551 1149; x_wconf 87' lang='lat' dir='ltr'>et</span> <span class='ocrx_word' id='word_1_83' title='bbox 579 1090 870 1165; x_wconf 84' lang='lat' dir='ltr'>principes,</span> <span class='ocrx_word' id='word_1_84' title='bbox 900 1104 996 1161; x_wconf 89' lang='lat' dir='ltr'>per</span> <span class='ocrx_word' id='word_1_85' title='bbox 1024 1103 1219 1145; x_wconf 81' lang='lat' dir='ltr'>corvos</span> <span class='ocrx_word' id='word_1_86' title='bbox 1246 1087 1507 1144; x_wconf 87' lang='lat' dir='ltr'>officiales</span> <span class='ocrx_word' id='word_1_87' title='bbox 1539 1105 1552 1144; x_wconf 91' lang='lat'><strong>:</strong></span> <span class='ocrx_word' id='word_1_88' title='bbox 1586 1096 1642 1145; x_wconf 84' lang='lat' dir='ltr'>et</span> <span class='ocrx_word' id='word_1_89' title='bbox 1681 1088 1728 1145; x_wconf 93' lang='lat' dir='ltr'>si</span> <span class='ocrx_word' id='word_1_90' title='bbox 1766 1091 2060 1164; x_wconf 89' lang='lat' dir='ltr'>aliquando</span> <span class='ocrx_word' id='word_1_91' title='bbox 2089 1110 2196 1150; x_wconf 90' lang='lat' dir='ltr'>non</span> <span class='ocrx_word' id='word_1_92' title='bbox 2227 1114 2334 1168; x_wconf 90' lang='lat' dir='ltr'>pu-</span> 
     </span>
     <span class='ocr_line' id='line_1_10' title="bbox 314 1177 2331 1255; baseline 0.001 -18"><span class='ocrx_word' id='word_1_93' title='bbox 314 1182 541 1237; x_wconf 82' lang='lat' dir='ltr'>niuntur</span> <span class='ocrx_word' id='word_1_94' title='bbox 583 1177 959 1251; x_wconf 79' lang='lat' dir='ltr'>corporaliter,</span> <span class='ocrx_word' id='word_1_95' title='bbox 1030 1183 1262 1231; x_wconf 86' lang='lat' dir='ltr'>mortem</span> <span class='ocrx_word' id='word_1_96' title='bbox 1310 1184 1494 1233; x_wconf 85' lang='lat' dir='ltr'>tamen</span> <span class='ocrx_word' id='word_1_97' title='bbox 1544 1178 1885 1251; x_wconf 86' lang='lat' dir='ltr'>spiritualem</span> <span class='ocrx_word' id='word_1_98' title='bbox 1934 1182 2172 1255; x_wconf 84' lang='lat' dir='ltr'>effugere</span> <span class='ocrx_word' id='word_1_99' title='bbox 2225 1200 2331 1239; x_wconf 90' lang='lat' dir='ltr'>non</span> 
     </span>
     <span class='ocr_line' id='line_1_11' title="bbox 313 1265 2330 1345; baseline 0.001 -19"><span class='ocrx_word' id='word_1_100' title='bbox 313 1277 563 1345; x_wconf 81' lang='lat' dir='ltr'><strong>possunt.</strong></span> <span class='ocrx_word' id='word_1_101' title='bbox 588 1269 883 1340; x_wconf 82' lang='lat' dir='ltr'>Propterea</span> <span class='ocrx_word' id='word_1_102' title='bbox 907 1271 1063 1339; x_wconf 86' lang='lat' dir='ltr'>pater</span> <span class='ocrx_word' id='word_1_103' title='bbox 1093 1279 1200 1320; x_wconf 89' lang='lat' dir='ltr'>non</span> <span class='ocrx_word' id='word_1_104' title='bbox 1223 1265 1387 1321; x_wconf 85' lang='lat' dir='ltr'>debet</span> <span class='ocrx_word' id='word_1_105' title='bbox 1413 1271 1746 1339; x_wconf 87' lang='lat' dir='ltr'>potestatem</span> <span class='ocrx_word' id='word_1_106' title='bbox 1771 1268 2001 1325; x_wconf 89' lang='lat' dir='ltr'>multam</span> <span class='ocrx_word' id='word_1_107' title='bbox 2024 1270 2156 1327; x_wconf 87' lang='lat' dir='ltr'>dare</span> <span class='ocrx_word' id='word_1_108' title='bbox 2181 1272 2330 1328; x_wconf 72' lang='lat' dir='ltr'>filiis·</span> 
     </span>
     <span class='ocr_line' id='line_1_12' title="bbox 314 1353 2332 1431; baseline 0 -16"><span class='ocrx_word' id='word_1_109' title='bbox 314 1359 525 1415; x_wconf 85' lang='lat' dir='ltr'>Eccles.</span> <span class='ocrx_word' id='word_1_110' title='bbox 566 1372 747 1413; x_wconf 77' lang='lat' dir='ltr'>xxxin</span> <span class='ocrx_word' id='word_1_111' title='bbox 781 1372 793 1410; x_wconf 76' lang='grc' dir='ltr'><em>τ</em></span> <span class='ocrx_word' id='word_1_112' title='bbox 826 1356 971 1412; x_wconf 90' lang='lat' dir='ltr'>Dum</span> <span class='ocrx_word' id='word_1_113' title='bbox 1019 1353 1190 1431; x_wconf 77' lang='lat' dir='ltr'>adhuc</span> <span class='ocrx_word' id='word_1_114' title='bbox 1228 1366 1442 1425; x_wconf 73' lang='lat' dir='ltr'>superes</span> <span class='ocrx_word' id='word_1_115' title='bbox 1485 1361 1536 1411; x_wconf 90' lang='lat' dir='ltr'>et</span> <span class='ocrx_word' id='word_1_116' title='bbox 1578 1356 1813 1428; x_wconf 75' lang='lat' dir='ltr'>aspiras,</span> <span class='ocrx_word' id='word_1_117' title='bbox 1860 1374 1968 1413; x_wconf 85' lang='lat' dir='ltr'>non</span> <span class='ocrx_word' id='word_1_118' title='bbox 2006 1358 2255 1417; x_wconf 81' lang='lat' dir='ltr'>immutet</span> <span class='ocrx_word' id='word_1_119' title='bbox 2284 1368 2332 1418; x_wconf 84' lang='lat' dir='ltr'>te</span> 
     </span>
     <span class='ocr_line' id='line_1_13' title="bbox 312 1442 2335 1516; baseline 0 -12"><span class='ocrx_word' id='word_1_120' title='bbox 312 1446 487 1509; x_wconf 81' lang='lat' dir='ltr'>omnis</span> <span class='ocrx_word' id='word_1_121' title='bbox 512 1462 658 1502; x_wconf 84' lang='lat' dir='ltr'>caro.</span> <span class='ocrx_word' id='word_1_122' title='bbox 684 1446 824 1501; x_wconf 86' lang='lat' dir='ltr'>Item</span> <span class='ocrx_word' id='word_1_123' title='bbox 852 1459 930 1499; x_wconf 74' lang='lat' dir='ltr'>tv.</span> <span class='ocrx_word' id='word_1_124' title='bbox 982 1458 1084 1515; x_wconf 87' lang='lat' dir='ltr'>cap</span> <span class='ocrx_word' id='word_1_125' title='bbox 1120 1458 1134 1497; x_wconf 71' lang='grc' dir='ltr'>ι</span> <span class='ocrx_word' id='word_1_126' title='bbox 1180 1442 1327 1499; x_wconf 78' lang='lat' dir='ltr'>Filio</span> <span class='ocrx_word' id='word_1_127' title='bbox 1355 1450 1405 1499; x_wconf 88' lang='lat' dir='ltr'>et</span> <span class='ocrx_word' id='word_1_128' title='bbox 1433 1444 1672 1509; x_wconf 82' lang='lat' dir='ltr'>mulieri,</span> <span class='ocrx_word' id='word_1_129' title='bbox 1710 1444 1888 1516; x_wconf 80' lang='lat' dir='ltr'>fratri</span> <span class='ocrx_word' id='word_1_130' title='bbox 1926 1454 1977 1503; x_wconf 87' lang='lat' dir='ltr'>et</span> <span class='ocrx_word' id='word_1_131' title='bbox 2015 1449 2182 1503; x_wconf 86' lang='lat' dir='ltr'>amico</span> <span class='ocrx_word' id='word_1_132' title='bbox 2225 1464 2335 1504; x_wconf 83' lang='lat' dir='ltr'>non</span> 
     </span>
     <span class='ocr_line' id='line_1_14' title="bbox 314 1530 2332 1608; baseline 0.001 -16"><span class='ocrx_word' id='word_1_133' title='bbox 314 1536 403 1592; x_wconf 78' lang='lat' dir='ltr'>des</span> <span class='ocrx_word' id='word_1_134' title='bbox 421 1542 725 1608; x_wconf 79' lang='lat' dir='ltr'>potestatem</span> <span class='ocrx_word' id='word_1_135' title='bbox 750 1548 911 1605; x_wconf 80' lang='lat' dir='ltr'>super</span> <span class='ocrx_word' id='word_1_136' title='bbox 940 1539 989 1588; x_wconf 89' lang='lat' dir='ltr'>te</span> <span class='ocrx_word' id='word_1_137' title='bbox 1017 1532 1079 1586; x_wconf 87' lang='lat' dir='ltr'>in</span> <span class='ocrx_word' id='word_1_138' title='bbox 1104 1530 1219 1587; x_wconf 85' lang='lat' dir='ltr'>vita</span> <span class='ocrx_word' id='word_1_139' title='bbox 1242 1536 1359 1597; x_wconf 84' lang='lat' dir='ltr'>tua,</span> <span class='ocrx_word' id='word_1_140' title='bbox 1399 1537 1450 1587; x_wconf 84' lang='lat' dir='ltr'>et</span> <span class='ocrx_word' id='word_1_141' title='bbox 1478 1548 1544 1587; x_wconf 85' lang='lat' dir='ltr'>ne</span> <span class='ocrx_word' id='word_1_142' title='bbox 1585 1532 1791 1589; x_wconf 79' lang='lat' dir='ltr'>dederis</span> <span class='ocrx_word' id='word_1_143' title='bbox 1813 1534 1925 1591; x_wconf 81' lang='lat' dir='ltr'>illis</span> <span class='ocrx_word' id='word_1_144' title='bbox 1957 1537 2332 1608; x_wconf 79' lang='lat' dir='ltr'>possessionem</span> 
     </span>
     <span class='ocr_line' id='line_1_15' title="bbox 313 1619 2331 1693; baseline -0.001 -11"><span class='ocrx_word' id='word_1_145' title='bbox 313 1627 375 1682; x_wconf 90' lang='lat' dir='ltr'>in</span> <span class='ocrx_word' id='word_1_146' title='bbox 400 1626 513 1682; x_wconf 84' lang='lat' dir='ltr'>vita</span> <span class='ocrx_word' id='word_1_147' title='bbox 540 1632 655 1689; x_wconf 80' lang='lat' dir='ltr'>tua,</span> <span class='ocrx_word' id='word_1_148' title='bbox 700 1638 767 1679; x_wconf 86' lang='lat' dir='ltr'>ne</span> <span class='ocrx_word' id='word_1_149' title='bbox 806 1622 949 1693; x_wconf 79' lang='lat' dir='ltr'>forte</span> <span class='ocrx_word' id='word_1_150' title='bbox 987 1619 1245 1693; x_wconf 83' lang='lat' dir='ltr'>poeniteat</span> <span class='ocrx_word' id='word_1_151' title='bbox 1286 1627 1354 1675; x_wconf 88' lang='lat' dir='ltr'>te.</span> <span class='ocrx_word' id='word_1_152' title='bbox 1386 1621 1634 1677; x_wconf 84' lang='lat' dir='ltr'>Tertium</span> <span class='ocrx_word' id='word_1_153' title='bbox 1673 1630 1757 1678; x_wconf 85' lang='lat' dir='ltr'>est</span> <span class='ocrx_word' id='word_1_154' title='bbox 1799 1622 2002 1679; x_wconf 86' lang='lat' dir='ltr'>habere</span> <span class='ocrx_word' id='word_1_155' title='bbox 2040 1626 2182 1683; x_wconf 88' lang='lat' dir='ltr'>filios</span> <span class='ocrx_word' id='word_1_156' title='bbox 2221 1626 2331 1682; x_wconf 91' lang='lat' dir='ltr'>sibi</span> 
     </span>
     <span class='ocr_line' id='line_1_16' title="bbox 312 1708 2331 1787; baseline 0.001 -18"><span class='ocrx_word' id='word_1_157' title='bbox 312 1722 505 1787; x_wconf 80' lang='lat' dir='ltr'>gratos</span> <span class='ocrx_word' id='word_1_158' title='bbox 536 1722 595 1770; x_wconf 83' lang='lat' dir='ltr'>et</span> <span class='ocrx_word' id='word_1_159' title='bbox 626 1718 924 1785; x_wconf 86' lang='lat' dir='ltr'>acceptos.·</span> <span class='ocrx_word' id='word_1_160' title='bbox 947 1708 1287 1767; x_wconf 84' lang='lat' dir='ltr'>Naturaliter</span> <span class='ocrx_word' id='word_1_161' title='bbox 1314 1709 1461 1765; x_wconf 87' lang='lat' dir='ltr'>enim</span> <span class='ocrx_word' id='word_1_162' title='bbox 1483 1718 1642 1783; x_wconf 83' lang='lat' dir='ltr'>pater</span> <span class='ocrx_word' id='word_1_163' title='bbox 1683 1710 2017 1769; x_wconf 80' lang='lat' dir='ltr'>thesaurizat</span> <span class='ocrx_word' id='word_1_164' title='bbox 2054 1714 2200 1782; x_wconf 83' lang='lat' dir='ltr'>filiis,</span> <span class='ocrx_word' id='word_1_165' title='bbox 2233 1716 2331 1771; x_wconf 88' lang='lat' dir='ltr'>sed</span> 
     </span>
     <span class='ocr_line' id='line_1_17' title="bbox 314 1796 2328 1874; baseline -0 -15"><span class='ocrx_word' id='word_1_166' title='bbox 314 1820 425 1860; x_wconf 89' lang='lat' dir='ltr'>non</span> <span class='ocrx_word' id='word_1_167' title='bbox 460 1819 493 1859; x_wconf 92' lang='lat' dir='ltr'>e</span> <span class='ocrx_word' id='word_1_168' title='bbox 519 1816 802 1859; x_wconf 88' lang='lat' dir='ltr'>converso.</span> <span class='ocrx_word' id='word_1_169' title='bbox 850 1798 997 1855; x_wconf 88' lang='lat' dir='ltr'>Eccl.</span> <span class='ocrx_word' id='word_1_170' title='bbox 1026 1813 1101 1854; x_wconf 86' lang='grc' dir='ltr'>ιιι</span> <span class='ocrx_word' id='word_1_171' title='bbox 1143 1814 1157 1852; x_wconf 80' lang='lat' dir='ltr'>t</span> <span class='ocrx_word' id='word_1_172' title='bbox 1202 1796 1309 1863; x_wconf 86' lang='lat' dir='ltr'>Qui</span> <span class='ocrx_word' id='word_1_173' title='bbox 1336 1796 1566 1854; x_wconf 81' lang='lat' dir='ltr'>honorat</span> <span class='ocrx_word' id='word_1_174' title='bbox 1587 1806 1803 1871; x_wconf 79' lang='lat' dir='ltr'>patrem</span> <span class='ocrx_word' id='word_1_175' title='bbox 1843 1816 2019 1867; x_wconf 77' lang='lat' dir='ltr'>suum,</span> <span class='ocrx_word' id='word_1_176' title='bbox 2049 1803 2328 1874; x_wconf 78' lang='lat' dir='ltr'>jucunda-</span> 
     </span>
     <span class='ocr_line' id='line_1_18' title="bbox 313 1884 2330 1959; baseline -0.001 -13"><span class='ocrx_word' id='word_1_177' title='bbox 313 1889 465 1947; x_wconf 82' lang='lat' dir='ltr'>bitur</span> <span class='ocrx_word' id='word_1_178' title='bbox 488 1889 547 1944; x_wconf 90' lang='lat' dir='ltr'>in</span> <span class='ocrx_word' id='word_1_179' title='bbox 572 1887 721 1959; x_wconf 70' lang='lat' dir='ltr'>filiis.</span> <span class='ocrx_word' id='word_1_180' title='bbox 748 1885 941 1943; x_wconf 83' lang='lat' dir='ltr'>Matth.</span> <span class='ocrx_word' id='word_1_181' title='bbox 974 1899 1058 1942; x_wconf 85' lang='lat' dir='ltr'>vu</span> <span class='ocrx_word' id='word_1_182' title='bbox 1104 1901 1117 1939; x_wconf 74' lang='grc' dir='ltr'><strong><em>ε</em></strong></span> <span class='ocrx_word' id='word_1_183' title='bbox 1160 1884 1227 1939; x_wconf 88' lang='lat' dir='ltr'>In</span> <span class='ocrx_word' id='word_1_184' title='bbox 1268 1899 1373 1956; x_wconf 83' lang='lat' dir='ltr'>qua</span> <span class='ocrx_word' id='word_1_185' title='bbox 1398 1900 1654 1941; x_wconf 79' lang='lat' dir='ltr'>mensura</span> <span class='ocrx_word' id='word_1_186' title='bbox 1692 1885 1859 1941; x_wconf 82' lang='lat' dir='ltr'>mensi</span> <span class='ocrx_word' id='word_1_187' title='bbox 1884 1886 2126 1958; x_wconf 81' lang='lat' dir='ltr'>fueritis,</span> <span class='ocrx_word' id='word_1_188' title='bbox 2155 1904 2330 1945; x_wconf 85' lang='lat' dir='ltr'>reme-</span> 
     </span>
     <span class='ocr_line' id='line_1_19' title="bbox 311 1972 2330 2045; baseline -0.001 -9"><span class='ocrx_word' id='word_1_189' title='bbox 311 1980 491 2037; x_wconf 83' lang='lat' dir='ltr'>tietur</span> <span class='ocrx_word' id='word_1_190' title='bbox 517 1975 679 2033; x_wconf 76' lang='lat' dir='ltr'>vobis.</span> <span class='ocrx_word' id='word_1_191' title='bbox 710 1976 973 2045; x_wconf 86' lang='lat' dir='ltr'>Quartum</span> <span class='ocrx_word' id='word_1_192' title='bbox 998 1972 1307 2030; x_wconf 85' lang='lat' dir='ltr'>esthabere</span> <span class='ocrx_word' id='word_1_193' title='bbox 1335 1972 1541 2029; x_wconf 83' lang='lat' dir='ltr'>famam</span> <span class='ocrx_word' id='word_1_194' title='bbox 1569 1972 1918 2030; x_wconf 78' lang='lat' dir='ltr'>laudabilem.</span> <span class='ocrx_word' id='word_1_195' title='bbox 1957 1974 2166 2033; x_wconf 87' lang='lat' dir='ltr'>Eccles.</span> <span class='ocrx_word' id='word_1_196' title='bbox 2207 1992 2277 2034; x_wconf 76' lang='grc' dir='ltr'>ιιι</span> <span class='ocrx_word' id='word_1_197' title='bbox 2315 1994 2330 2033; x_wconf 86' lang='lat'>:</span> 
     </span>
     <span class='ocr_line' id='line_1_20' title="bbox 313 2056 2334 2139; baseline -0 -15"><span class='ocrx_word' id='word_1_198' title='bbox 313 2067 506 2125; x_wconf 73' lang='lat' dir='ltr'>Gloria</span> <span class='ocrx_word' id='word_1_199' title='bbox 528 2064 759 2123; x_wconf 75' lang='lat' dir='ltr'>hominis</span> <span class='ocrx_word' id='word_1_200' title='bbox 784 2080 850 2119; x_wconf 79' lang='lat' dir='ltr'>ex</span> <span class='ocrx_word' id='word_1_201' title='bbox 872 2064 1073 2119; x_wconf 75' lang='lat' dir='ltr'>honore</span> <span class='ocrx_word' id='word_1_202' title='bbox 1090 2061 1277 2135; x_wconf 79' lang='lat' dir='ltr'>patris</span> <span class='ocrx_word' id='word_1_203' title='bbox 1300 2060 1407 2129; x_wconf 76' lang='lat' dir='ltr'>eui,</span> <span class='ocrx_word' id='word_1_204' title='bbox 1437 2068 1495 2119; x_wconf 89' lang='lat' dir='ltr'>et</span> <span class='ocrx_word' id='word_1_205' title='bbox 1521 2064 1723 2119; x_wconf 85' lang='lat' dir='ltr'>iterum</span> <span class='ocrx_word' id='word_1_206' title='bbox 1754 2078 1768 2118; x_wconf 76' lang='lat' dir='ltr'>t</span> <span class='ocrx_word' id='word_1_207' title='bbox 1799 2065 1970 2129; x_wconf 85' lang='lat' dir='ltr'>Quam</span> <span class='ocrx_word' id='word_1_208' title='bbox 1989 2056 2334 2139; x_wconf 64' lang='lat' dir='ltr'>malae&#39;famae</span> 
     </span>
     <span class='ocr_line' id='line_1_21' title="bbox 311 2150 2334 2229; baseline -0.001 -15"><span class='ocrx_word' id='word_1_209' title='bbox 311 2164 393 2215; x_wconf 80' lang='lat' dir='ltr'>est</span> <span class='ocrx_word' id='word_1_210' title='bbox 420 2156 515 2229; x_wconf 77' lang='lat' dir='ltr'>qui</span> <span class='ocrx_word' id='word_1_211' title='bbox 538 2152 860 2227; x_wconf 75' lang='lat' dir='ltr'>derelinquit</span> <span class='ocrx_word' id='word_1_212' title='bbox 879 2160 1114 2225; x_wconf 79' lang='lat' dir='ltr'>patrem.</span> <span class='ocrx_word' id='word_1_213' title='bbox 1148 2151 1411 2221; x_wconf 86' lang='lat' dir='ltr'>Quintum</span> <span class='ocrx_word' id='word_1_214' title='bbox 1441 2159 1526 2208; x_wconf 86' lang='lat' dir='ltr'>est</span> <span class='ocrx_word' id='word_1_215' title='bbox 1561 2150 1764 2209; x_wconf 84' lang='lat' dir='ltr'>habere</span> <span class='ocrx_word' id='word_1_216' title='bbox 1790 2153 2034 2211; x_wconf 73' lang='lat' dir='ltr'>divitias·</span> <span class='ocrx_word' id='word_1_217' title='bbox 2069 2154 2219 2211; x_wconf 88' lang='lat' dir='ltr'>Eccl.</span> <span class='ocrx_word' id='word_1_218' title='bbox 2249 2172 2290 2211; x_wconf 82' lang='lat' dir='ltr'><strong>v</strong></span> <span class='ocrx_word' id='word_1_219' title='bbox 2319 2175 2334 2212; x_wconf 75' lang='grc' dir='ltr'><em>ε</em></span> 
     </span>
     <span class='ocr_line' id='line_1_22' title="bbox 310 2239 2336 2315; baseline -0.001 -14"><span class='ocrx_word' id='word_1_220' title='bbox 310 2242 621 2302; x_wconf 77' lang='lat' dir='ltr'>Benedictio</span> <span class='ocrx_word' id='word_1_221' title='bbox 656 2241 844 2315; x_wconf 74' lang='lat' dir='ltr'>patris</span> <span class='ocrx_word' id='word_1_222' title='bbox 868 2240 1055 2311; x_wconf 81' lang='lat' dir='ltr'>firmat</span> <span class='ocrx_word' id='word_1_223' title='bbox 1078 2239 1253 2295; x_wconf 75' lang='lat' dir='ltr'>domos</span> <span class='ocrx_word' id='word_1_224' title='bbox 1286 2239 1556 2310; x_wconf 77' lang='lat' dir='ltr'>filiorum,</span> <span class='ocrx_word' id='word_1_225' title='bbox 1580 2240 1884 2298; x_wconf 81' lang='lat' dir='ltr'>maledictio</span> <span class='ocrx_word' id='word_1_226' title='bbox 1922 2248 2100 2299; x_wconf 84' lang='lat' dir='ltr'>autem</span> <span class='ocrx_word' id='word_1_227' title='bbox 2141 2244 2336 2299; x_wconf 78' lang='lat' dir='ltr'>matris</span> 
     </span>
     <span class='ocr_line' id='line_1_23' title="bbox 310 2331 961 2403; baseline -0.008 -11"><span class='ocrx_word' id='word_1_228' title='bbox 310 2333 563 2392; x_wconf 82' lang='lat' dir='ltr'>eradicat</span> <span class='ocrx_word' id='word_1_229' title='bbox 586 2331 961 2403; x_wconf 81' lang='lat' dir='ltr'>fundamenta.</span> 
     </span>
    </p>

    <p class='ocr_par' dir='ltr' id='par_1_3' title="bbox 306 2418 2350 4011">
     <span class='ocr_line' id='line_1_24' title="bbox 384 2418 2336 2497; baseline 0 -18"><span class='ocrx_word' id='word_1_230' title='bbox 384 2422 609 2479; x_wconf 77' lang='lat' dir='ltr'>Honora</span> <span class='ocrx_word' id='word_1_231' title='bbox 630 2428 868 2495; x_wconf 78' lang='lat' dir='ltr'>patrem,</span> <span class='ocrx_word' id='word_1_232' title='bbox 900 2425 1008 2475; x_wconf 86' lang='lat' dir='ltr'>etc.</span> <span class='ocrx_word' id='word_1_233' title='bbox 1034 2418 1352 2475; x_wconf 78' lang='lat' dir='ltr'>Notandum</span> <span class='ocrx_word' id='word_1_234' title='bbox 1380 2419 1529 2493; x_wconf 89' lang='lat' dir='ltr'>quod</span> <span class='ocrx_word' id='word_1_235' title='bbox 1562 2435 1670 2476; x_wconf 90' lang='lat' dir='ltr'>non</span> <span class='ocrx_word' id='word_1_236' title='bbox 1699 2420 1876 2477; x_wconf 88' lang='lat' dir='ltr'>solum</span> <span class='ocrx_word' id='word_1_237' title='bbox 1903 2421 2106 2479; x_wconf 88' lang='lat' dir='ltr'>dicitur</span> <span class='ocrx_word' id='word_1_238' title='bbox 2137 2422 2336 2497; x_wconf 88' lang='lat' dir='ltr'>aliquis</span> 
     </span>
     <span class='ocr_line' id='line_1_25' title="bbox 309 2506 2338 2585; baseline -0.001 -16"><span class='ocrx_word' id='word_1_239' title='bbox 309 2518 474 2585; x_wconf 84' lang='lat' dir='ltr'>pater</span> <span class='ocrx_word' id='word_1_240' title='bbox 530 2510 743 2567; x_wconf 87' lang='lat' dir='ltr'>ratione</span> <span class='ocrx_word' id='word_1_241' title='bbox 780 2506 1019 2565; x_wconf 85' lang='lat' dir='ltr'>carnalis</span> <span class='ocrx_word' id='word_1_242' title='bbox 1052 2506 1443 2579; x_wconf 73' lang='lat' dir='ltr'>generationi5‚</span> <span class='ocrx_word' id='word_1_243' title='bbox 1482 2509 1582 2563; x_wconf 87' lang='lat' dir='ltr'>sed</span> <span class='ocrx_word' id='word_1_244' title='bbox 1622 2509 1951 2581; x_wconf 83' lang='lat' dir='ltr'>quibusdam</span> <span class='ocrx_word' id='word_1_245' title='bbox 1994 2510 2116 2567; x_wconf 85' lang='lat' dir='ltr'>aliis</span> <span class='ocrx_word' id='word_1_246' title='bbox 2160 2506 2338 2568; x_wconf 85' lang='lat' dir='ltr'>ratio-</span> 
     </span>
     <span class='ocr_line' id='line_1_26' title="bbox 312 2595 2340 2673; baseline -0.001 -15"><span class='ocrx_word' id='word_1_247' title='bbox 312 2600 479 2659; x_wconf 82' lang='lat' dir='ltr'>nibus</span> <span class='ocrx_word' id='word_1_248' title='bbox 514 2598 683 2673; x_wconf 78' lang='lat' dir='ltr'>aliqui</span> <span class='ocrx_word' id='word_1_249' title='bbox 726 2597 983 2653; x_wconf 87' lang='lat' dir='ltr'>dicuntur</span> <span class='ocrx_word' id='word_1_250' title='bbox 1029 2601 1250 2669; x_wconf 73' lang='lat' dir='ltr'>patrea,</span> <span class='ocrx_word' id='word_1_251' title='bbox 1295 2603 1351 2651; x_wconf 85' lang='lat' dir='ltr'>et</span> <span class='ocrx_word' id='word_1_252' title='bbox 1379 2595 1606 2652; x_wconf 73' lang='lat' dir='ltr'>cuilibet</span> <span class='ocrx_word' id='word_1_253' title='bbox 1644 2611 1833 2652; x_wconf 87' lang='lat' dir='ltr'>eorum</span> <span class='ocrx_word' id='word_1_254' title='bbox 1875 2598 2106 2655; x_wconf 85' lang='lat' dir='ltr'>debetur</span> <span class='ocrx_word' id='word_1_255' title='bbox 2153 2600 2340 2673; x_wconf 83' lang='lat' dir='ltr'>aliqua</span> 
     </span>
     <span class='ocr_line' id='line_1_27' title="bbox 309 2676 2340 2760; baseline -0.001 -14"><span class='ocrx_word' id='word_1_256' title='bbox 309 2686 647 2746; x_wconf 85' lang='lat' dir='ltr'>reverentia.</span> <span class='ocrx_word' id='word_1_257' title='bbox 701 2686 973 2742; x_wconf 76' lang='lat' dir='ltr'>Dicuntur</span> <span class='ocrx_word' id='word_1_258' title='bbox 1018 2684 1165 2741; x_wconf 87' lang='lat' dir='ltr'>enim</span> <span class='ocrx_word' id='word_1_259' title='bbox 1204 2676 1393 2757; x_wconf 83' lang='lat' dir='ltr'>patres</span> <span class='ocrx_word' id='word_1_260' title='bbox 1444 2684 1711 2756; x_wconf 83' lang='lat' dir='ltr'>Apostoli,</span> <span class='ocrx_word' id='word_1_261' title='bbox 1757 2692 1812 2739; x_wconf 88' lang='lat' dir='ltr'>et</span> <span class='ocrx_word' id='word_1_262' title='bbox 1864 2686 1958 2741; x_wconf 90' lang='lat' dir='ltr'>alii</span> <span class='ocrx_word' id='word_1_263' title='bbox 2004 2688 2192 2744; x_wconf 83' lang='lat' dir='ltr'>Sancti</span> <span class='ocrx_word' id='word_1_264' title='bbox 2243 2704 2340 2760; x_wconf 87' lang='lat' dir='ltr'>per</span> 
     </span>
     <span class='ocr_line' id='line_1_28' title="bbox 310 2772 2340 2847; baseline -0.001 -12"><span class='ocrx_word' id='word_1_265' title='bbox 310 2778 629 2835; x_wconf 82' lang='lat' dir='ltr'>doctrinam</span> <span class='ocrx_word' id='word_1_266' title='bbox 657 2784 713 2831; x_wconf 88' lang='lat' dir='ltr'>et</span> <span class='ocrx_word' id='word_1_267' title='bbox 736 2774 1043 2847; x_wconf 86' lang='lat' dir='ltr'>exemplum</span> <span class='ocrx_word' id='word_1_268' title='bbox 1069 2773 1218 2841; x_wconf 87' lang='lat' dir='ltr'>fidei,</span> <span class='ocrx_word' id='word_1_269' title='bbox 1248 2776 1442 2845; x_wconf 86' lang='lat' dir='ltr'>Apost.</span> <span class='ocrx_word' id='word_1_270' title='bbox 1470 2774 1494 2828; x_wconf 93' lang='lat'>1</span> <span class='ocrx_word' id='word_1_271' title='bbox 1518 2772 1763 2829; x_wconf 88' lang='lat' dir='ltr'>Corinth.</span> <span class='ocrx_word' id='word_1_272' title='bbox 1798 2790 1858 2830; x_wconf 77' lang='grc' dir='ltr'>ιν</span> <span class='ocrx_word' id='word_1_273' title='bbox 1883 2791 1896 2828; x_wconf 79' lang='lat' dir='ltr'>t</span> <span class='ocrx_word' id='word_1_274' title='bbox 1925 2775 2070 2833; x_wconf 87' lang='lat' dir='ltr'>Nam</span> <span class='ocrx_word' id='word_1_275' title='bbox 2093 2777 2143 2830; x_wconf 80' lang='lat' dir='ltr'>si</span> <span class='ocrx_word' id='word_1_276' title='bbox 2167 2777 2340 2833; x_wconf 82' lang='lat' dir='ltr'>decem</span> 
     </span>
     <span class='ocr_line' id='line_1_29' title="bbox 308 2860 2344 2939; baseline -0 -16"><span class='ocrx_word' id='word_1_277' title='bbox 308 2866 493 2924; x_wconf 86' lang='lat' dir='ltr'>millia</span> <span class='ocrx_word' id='word_1_278' title='bbox 514 2864 927 2939; x_wconf 70' lang='lat' dir='ltr'>poedaqoyorum</span> <span class='ocrx_word' id='word_1_279' title='bbox 972 2862 1209 2919; x_wconf 79' lang='lat' dir='ltr'>habeatis</span> <span class='ocrx_word' id='word_1_280' title='bbox 1254 2862 1317 2916; x_wconf 89' lang='lat' dir='ltr'>in</span> <span class='ocrx_word' id='word_1_281' title='bbox 1354 2860 1591 2925; x_wconf 81' lang='lat' dir='ltr'>Christo,</span> <span class='ocrx_word' id='word_1_282' title='bbox 1619 2861 1710 2916; x_wconf 78' lang='lat' dir='ltr'>sed</span> <span class='ocrx_word' id='word_1_283' title='bbox 1735 2876 1842 2916; x_wconf 90' lang='lat' dir='ltr'>non</span> <span class='ocrx_word' id='word_1_284' title='bbox 1870 2863 2062 2919; x_wconf 82' lang='lat' dir='ltr'>multos</span> <span class='ocrx_word' id='word_1_285' title='bbox 2094 2870 2284 2935; x_wconf 76' lang='lat' dir='ltr'>patres</span> <span class='ocrx_word' id='word_1_286' title='bbox 2315 2875 2344 2922; x_wconf 60' lang='lat' dir='ltr'>a</span> 
     </span>
     <span class='ocr_line' id='line_1_30' title="bbox 310 2948 2340 3025; baseline -0.002 -12"><span class='ocrx_word' id='word_1_287' title='bbox 310 2972 447 3013; x_wconf 79' lang='lat' dir='ltr'>nam</span> <span class='ocrx_word' id='word_1_288' title='bbox 482 2954 541 3010; x_wconf 90' lang='lat' dir='ltr'>in</span> <span class='ocrx_word' id='word_1_289' title='bbox 584 2953 801 3015; x_wconf 74' lang='lat' dir='ltr'>Christo</span> <span class='ocrx_word' id='word_1_290' title='bbox 839 2952 969 3010; x_wconf 74' lang='lat' dir='ltr'>Iesu</span> <span class='ocrx_word' id='word_1_291' title='bbox 1007 2967 1111 3025; x_wconf 76' lang='lat' dir='ltr'>per</span> <span class='ocrx_word' id='word_1_292' title='bbox 1156 2948 1509 3023; x_wconf 72' lang='lat' dir='ltr'>Evanyelium</span> <span class='ocrx_word' id='word_1_293' title='bbox 1534 2964 1628 3021; x_wconf 71' lang='lat' dir='ltr'>eqo</span> <span class='ocrx_word' id='word_1_294' title='bbox 1671 2964 1759 3004; x_wconf 78' lang='lat' dir='ltr'>vos</span> <span class='ocrx_word' id='word_1_295' title='bbox 1785 2949 1962 3021; x_wconf 82' lang='lat' dir='ltr'>9enui.</span> <span class='ocrx_word' id='word_1_296' title='bbox 1995 2951 2064 3005; x_wconf 87' lang='lat' dir='ltr'>Et</span> <span class='ocrx_word' id='word_1_297' title='bbox 2093 2952 2218 3009; x_wconf 91' lang='lat' dir='ltr'>ideo</span> <span class='ocrx_word' id='word_1_298' title='bbox 2246 2952 2340 3008; x_wconf 91' lang='lat' dir='ltr'>di-</span> 
     </span>
     <span class='ocr_line' id='line_1_31' title="bbox 310 3038 2343 3112; baseline -0.002 -10"><span class='ocrx_word' id='word_1_299' title='bbox 310 3045 485 3112; x_wconf 83' lang='lat' dir='ltr'>citur,</span> <span class='ocrx_word' id='word_1_300' title='bbox 526 3042 738 3101; x_wconf 76' lang='lat' dir='ltr'>EccleS.</span> <span class='ocrx_word' id='word_1_301' title='bbox 776 3056 916 3099; x_wconf 77' lang='lat' dir='ltr'>xmv</span> <span class='ocrx_word' id='word_1_302' title='bbox 960 3058 975 3096; x_wconf 74' lang='grc' dir='ltr'><strong>ε</strong></span> <span class='ocrx_word' id='word_1_303' title='bbox 1024 3040 1326 3097; x_wconf 79' lang='lat' dir='ltr'>Laudemus</span> <span class='ocrx_word' id='word_1_304' title='bbox 1362 3038 1508 3094; x_wconf 77' lang='lat' dir='ltr'>viros</span> <span class='ocrx_word' id='word_1_305' title='bbox 1552 3038 1805 3110; x_wconf 72' lang='lat' dir='ltr'>qim-iosos</span> <span class='ocrx_word' id='word_1_306' title='bbox 1831 3046 1884 3097; x_wconf 82' lang='lat' dir='ltr'>et</span> <span class='ocrx_word' id='word_1_307' title='bbox 1915 3047 2174 3112; x_wconf 77' lang='lat' dir='ltr'>parentes</span> <span class='ocrx_word' id='word_1_308' title='bbox 2211 3057 2343 3099; x_wconf 75' lang='lat' dir='ltr'>nos-</span> 
     </span>
     <span class='ocr_line' id='line_1_32' title="bbox 312 3126 2337 3201; baseline -0.001 -13"><span class='ocrx_word' id='word_1_309' title='bbox 312 3139 433 3188; x_wconf 80' lang='lat' dir='ltr'>tros</span> <span class='ocrx_word' id='word_1_310' title='bbox 458 3129 520 3185; x_wconf 90' lang='lat' dir='ltr'>in</span> <span class='ocrx_word' id='word_1_311' title='bbox 542 3128 883 3201; x_wconf 71' lang='lat' dir='ltr'>qeneratione</span> <span class='ocrx_word' id='word_1_312' title='bbox 906 3143 1029 3193; x_wconf 77' lang='lat' dir='ltr'>sua,</span> <span class='ocrx_word' id='word_1_313' title='bbox 1054 3126 1341 3184; x_wconf 87' lang='lat' dir='ltr'>laudemus</span> <span class='ocrx_word' id='word_1_314' title='bbox 1369 3130 1558 3183; x_wconf 87' lang='lat' dir='ltr'>autem</span> <span class='ocrx_word' id='word_1_315' title='bbox 1584 3139 1694 3181; x_wconf 89' lang='lat' dir='ltr'>non</span> <span class='ocrx_word' id='word_1_316' title='bbox 1717 3141 1831 3193; x_wconf 87' lang='lat' dir='ltr'>ore,</span> <span class='ocrx_word' id='word_1_317' title='bbox 1859 3126 1957 3181; x_wconf 90' lang='lat' dir='ltr'>sed</span> <span class='ocrx_word' id='word_1_318' title='bbox 1985 3127 2292 3185; x_wconf 85' lang='lat' dir='ltr'>imitatione</span> <span class='ocrx_word' id='word_1_319' title='bbox 2323 3146 2337 3185; x_wconf 77' lang='lat' dir='ltr'>z</span> 
     </span>
     <span class='ocr_line' id='line_1_33' title="bbox 310 3214 2344 3292; baseline 0 -16"><span class='ocrx_word' id='word_1_320' title='bbox 310 3230 371 3277; x_wconf 87' lang='lat' dir='ltr'>et</span> <span class='ocrx_word' id='word_1_321' title='bbox 397 3219 507 3275; x_wconf 89' lang='lat' dir='ltr'>hoc</span> <span class='ocrx_word' id='word_1_322' title='bbox 536 3218 597 3274; x_wconf 84' lang='lat' dir='ltr'>fit</span> <span class='ocrx_word' id='word_1_323' title='bbox 634 3219 679 3275; x_wconf 89' lang='lat' dir='ltr'>si</span> <span class='ocrx_word' id='word_1_324' title='bbox 710 3233 819 3274; x_wconf 89' lang='lat' dir='ltr'>non</span> <span class='ocrx_word' id='word_1_325' title='bbox 856 3216 1131 3274; x_wconf 84' lang='lat' dir='ltr'>invenitur</span> <span class='ocrx_word' id='word_1_326' title='bbox 1160 3216 1217 3271; x_wconf 89' lang='lat' dir='ltr'>in</span> <span class='ocrx_word' id='word_1_327' title='bbox 1245 3214 1775 3292; x_wconf 19' lang='lat' dir='ltr'>nobisrcontrarium</span> <span class='ocrx_word' id='word_1_328' title='bbox 1807 3216 1928 3287; x_wconf 87' lang='lat' dir='ltr'>ejus</span> <span class='ocrx_word' id='word_1_329' title='bbox 1969 3217 2116 3289; x_wconf 89' lang='lat' dir='ltr'>quod</span> <span class='ocrx_word' id='word_1_330' title='bbox 2143 3217 2344 3277; x_wconf 61' lang='lat' dir='ltr'>lauda-⁶</span> 
     </span>
     <span class='ocr_line' id='line_1_34' title="bbox 311 3304 2340 3379; baseline -0.001 -13"><span class='ocrx_word' id='word_1_331' title='bbox 311 3322 462 3366; x_wconf 86' lang='lat' dir='ltr'>mus.</span> <span class='ocrx_word' id='word_1_332' title='bbox 511 3307 650 3363; x_wconf 86' lang='lat' dir='ltr'>Heb.</span> <span class='ocrx_word' id='word_1_333' title='bbox 704 3322 820 3363; x_wconf 84' lang='lat' dir='ltr'>xm</span> <span class='ocrx_word' id='word_1_334' title='bbox 867 3322 881 3362; x_wconf 73' lang='grc' dir='ltr'><strong>ε</strong></span> <span class='ocrx_word' id='word_1_335' title='bbox 930 3304 1248 3365; x_wconf 80' lang='lat' dir='ltr'>Mementote</span> <span class='ocrx_word' id='word_1_336' title='bbox 1290 3304 1714 3377; x_wconf 78' lang='lat' dir='ltr'>Praepositorum</span> <span class='ocrx_word' id='word_1_337' title='bbox 1742 3311 2062 3371; x_wconf 76' lang='lat' dir='ltr'>vestrorum,</span> <span class='ocrx_word' id='word_1_338' title='bbox 2111 3317 2340 3379; x_wconf 78' lang='lat' dir='ltr'>quorum</span> 
     </span>
     <span class='ocr_line' id='line_1_35' title="bbox 308 3381 2342 3465; baseline -0.001 -12"><span class='ocrx_word' id='word_1_339' title='bbox 308 3398 588 3453; x_wconf 76' lang='lat' dir='ltr'>intuentes</span> <span class='ocrx_word' id='word_1_340' title='bbox 626 3395 832 3453; x_wconf 75' lang='lat' dir='ltr'>exitum</span> <span class='ocrx_word' id='word_1_341' title='bbox 859 3393 1294 3460; x_wconf 76' lang='lat' dir='ltr'>conversationis,</span> <span class='ocrx_word' id='word_1_342' title='bbox 1331 3393 1627 3451; x_wconf 79' lang='lat' dir='ltr'>imitamini</span> <span class='ocrx_word' id='word_1_343' title='bbox 1651 3392 1830 3465; x_wconf 75' lang='lat' dir='ltr'>fidem.</span> <span class='ocrx_word' id='word_1_344' title='bbox 1871 3381 2140 3450; x_wconf 80' lang='lat' dir='ltr'>Dicuntur</span> <span class='ocrx_word' id='word_1_345' title='bbox 2171 3394 2342 3451; x_wconf 89' lang='lat' dir='ltr'>etiam</span> 
     </span>
     <span class='ocr_line' id='line_1_36' title="bbox 310 3482 2340 3557; baseline -0.002 -14"><span class='ocrx_word' id='word_1_346' title='bbox 310 3484 538 3543; x_wconf 82' lang='lat' dir='ltr'>Praelati</span> <span class='ocrx_word' id='word_1_347' title='bbox 569 3490 774 3557; x_wconf 87' lang='lat' dir='ltr'>patres,</span> <span class='ocrx_word' id='word_1_348' title='bbox 818 3490 877 3541; x_wconf 86' lang='lat' dir='ltr'>et</span> <span class='ocrx_word' id='word_1_349' title='bbox 898 3483 997 3541; x_wconf 85' lang='lat' dir='ltr'>-isti</span> <span class='ocrx_word' id='word_1_350' title='bbox 1042 3483 1339 3541; x_wconf 82' lang='lat' dir='ltr'>venerandi</span> <span class='ocrx_word' id='word_1_351' title='bbox 1382 3490 1529 3551; x_wconf 86' lang='lat' dir='ltr'>sunt,</span> <span class='ocrx_word' id='word_1_352' title='bbox 1575 3488 1704 3539; x_wconf 88' lang='lat' dir='ltr'>sunt</span> <span class='ocrx_word' id='word_1_353' title='bbox 1751 3482 1897 3539; x_wconf 88' lang='lat' dir='ltr'>enim</span> <span class='ocrx_word' id='word_1_354' title='bbox 1937 3484 2038 3539; x_wconf 89' lang='lat' dir='ltr'>Dei</span> <span class='ocrx_word' id='word_1_355' title='bbox 2081 3483 2340 3539; x_wconf 88' lang='lat' dir='ltr'>ministri.</span> 
     </span>
     <span class='ocr_line' id='line_1_37' title="bbox 310 3571 2340 3645; baseline -0.002 -12"><span class='ocrx_word' id='word_1_356' title='bbox 310 3576 451 3633; x_wconf 84' lang='lat' dir='ltr'>Luc.</span> <span class='ocrx_word' id='word_1_357' title='bbox 476 3588 521 3631; x_wconf 84' lang='lat' dir='ltr'>x</span> <span class='ocrx_word' id='word_1_358' title='bbox 546 3591 560 3629; x_wconf 77' lang='lat' dir='ltr'>t</span> <span class='ocrx_word' id='word_1_359' title='bbox 592 3573 703 3640; x_wconf 87' lang='lat' dir='ltr'>Qui</span> <span class='ocrx_word' id='word_1_360' title='bbox 733 3588 823 3630; x_wconf 80' lang='lat' dir='ltr'>vos</span> <span class='ocrx_word' id='word_1_361' title='bbox 845 3572 1024 3639; x_wconf 82' lang='lat' dir='ltr'>audit,</span> <span class='ocrx_word' id='word_1_362' title='bbox 1051 3588 1134 3628; x_wconf 82' lang='lat' dir='ltr'>me</span> <span class='ocrx_word' id='word_1_363' title='bbox 1160 3571 1315 3627; x_wconf 76' lang='lat' dir='ltr'>audit</span> <span class='ocrx_word' id='word_1_364' title='bbox 1341 3588 1363 3628; x_wconf 88' lang='lat'>.·</span> <span class='ocrx_word' id='word_1_365' title='bbox 1403 3580 1455 3630; x_wconf 87' lang='lat' dir='ltr'>et</span> <span class='ocrx_word' id='word_1_366' title='bbox 1481 3571 1575 3643; x_wconf 79' lang='lat' dir='ltr'>qui</span> <span class='ocrx_word' id='word_1_367' title='bbox 1595 3588 1691 3639; x_wconf 70' lang='lat' dir='ltr'>yos</span> <span class='ocrx_word' id='word_1_368' title='bbox 1729 3572 1958 3645; x_wconf 73' lang='lat' dir='ltr'>spernit,</span> <span class='ocrx_word' id='word_1_369' title='bbox 2005 3586 2087 3628; x_wconf 86' lang='lat' dir='ltr'>me</span> <span class='ocrx_word' id='word_1_370' title='bbox 2109 3572 2340 3645; x_wconf 71' lang='lat' dir='ltr'>spernit,</span> 
     </span>
     <span class='ocr_line' id='line_1_38' title="bbox 306 3652 2344 3733; baseline -0.001 -13"><span class='ocrx_word' id='word_1_371' title='bbox 306 3672 371 3720; x_wconf 83' lang='lat' dir='ltr'>et</span> <span class='ocrx_word' id='word_1_372' title='bbox 406 3662 535 3719; x_wconf 86' lang='lat' dir='ltr'>ideo</span> <span class='ocrx_word' id='word_1_373' title='bbox 564 3662 831 3719; x_wconf 88' lang='lat' dir='ltr'>debemus</span> <span class='ocrx_word' id='word_1_374' title='bbox 858 3678 953 3719; x_wconf 84' lang='lat' dir='ltr'>eos</span> <span class='ocrx_word' id='word_1_375' title='bbox 992 3660 1262 3719; x_wconf 85' lang='lat' dir='ltr'>honorare</span> <span class='ocrx_word' id='word_1_376' title='bbox 1290 3659 1615 3716; x_wconf 77' lang='lat' dir='ltr'>obediendo·</span> <span class='ocrx_word' id='word_1_377' title='bbox 1660 3664 1856 3733; x_wconf 85' lang='lat' dir='ltr'>Apost.</span> <span class='ocrx_word' id='word_1_378' title='bbox 1900 3661 2066 3717; x_wconf 89' lang='lat' dir='ltr'>Hebr.</span> <span class='ocrx_word' id='word_1_379' title='bbox 2099 3652 2295 3717; x_wconf 70' lang='lat' dir='ltr'>xxx&#39;m</span> <span class='ocrx_word' id='word_1_380' title='bbox 2329 3678 2344 3716; x_wconf 89' lang='lat'>:</span> 
     </span>
     <span class='ocr_line' id='line_1_39' title="bbox 310 3748 2342 3825; baseline -0.002 -14"><span class='ocrx_word' id='word_1_381' title='bbox 310 3750 533 3811; x_wconf 75' lang='lat' dir='ltr'>obedite</span> <span class='ocrx_word' id='word_1_382' title='bbox 558 3752 881 3825; x_wconf 73' lang='lat' dir='ltr'>Proepositis</span> <span class='ocrx_word' id='word_1_383' title='bbox 922 3751 1134 3817; x_wconf 77' lang='lat' dir='ltr'>vestris,</span> <span class='ocrx_word' id='word_1_384' title='bbox 1177 3756 1229 3807; x_wconf 81' lang='lat' dir='ltr'>et</span> <span class='ocrx_word' id='word_1_385' title='bbox 1263 3748 1524 3821; x_wconf 73' lang='lat' dir='ltr'>subjacete</span> <span class='ocrx_word' id='word_1_386' title='bbox 1549 3750 1645 3815; x_wconf 77' lang='lat' dir='ltr'>eis,</span> <span class='ocrx_word' id='word_1_387' title='bbox 1691 3757 1745 3807; x_wconf 82' lang='lat' dir='ltr'>et</span> <span class='ocrx_word' id='word_1_388' title='bbox 1769 3750 2000 3807; x_wconf 82' lang='lat' dir='ltr'>decimas</span> <span class='ocrx_word' id='word_1_389' title='bbox 2031 3751 2342 3824; x_wconf 61' lang='lat' dir='ltr'>praebendo.</span> 
     </span>
     <span class='ocr_line' id='line_1_40' title="bbox 310 3837 2347 3912; baseline -0.003 -12"><span class='ocrx_word' id='word_1_390' title='bbox 310 3841 585 3900; x_wconf 59' lang='lat' dir='ltr'>Pro&#39;verb«</span> <span class='ocrx_word' id='word_1_391' title='bbox 612 3856 683 3898; x_wconf 85' lang='grc' dir='ltr'>ιιι</span> <span class='ocrx_word' id='word_1_392' title='bbox 716 3860 729 3895; x_wconf 90' lang='lat'><strong>:</strong></span> <span class='ocrx_word' id='word_1_393' title='bbox 757 3840 984 3899; x_wconf 82' lang='lat' dir='ltr'>Honora</span> <span class='ocrx_word' id='word_1_394' title='bbox 1012 3838 1299 3897; x_wconf 85' lang='lat' dir='ltr'>Dominum</span> <span class='ocrx_word' id='word_1_395' title='bbox 1320 3837 1384 3894; x_wconf 80' lang='lat' dir='ltr'>de</span> <span class='ocrx_word' id='word_1_396' title='bbox 1412 3845 1508 3895; x_wconf 87' lang='lat' dir='ltr'>tua</span> <span class='ocrx_word' id='word_1_397' title='bbox 1527 3838 1850 3905; x_wconf 76' lang='lat' dir='ltr'>substantia,</span> <span class='ocrx_word' id='word_1_398' title='bbox 1879 3846 1930 3896; x_wconf 86' lang='lat' dir='ltr'>et</span> <span class='ocrx_word' id='word_1_399' title='bbox 1957 3840 2022 3895; x_wconf 84' lang='lat' dir='ltr'>de</span> <span class='ocrx_word' id='word_1_400' title='bbox 2053 3839 2347 3912; x_wconf 74' lang='lat' dir='ltr'>proemitiie</span> 
     </span>
     <span class='ocr_line' id='line_1_41' title="bbox 308 3928 2350 4011; baseline -0.001 -23"><span class='ocrx_word' id='word_1_401' title='bbox 308 3931 547 4011; x_wconf 66' lang='lat' dir='ltr'>frugum</span> <span class='ocrx_word' id='word_1_402' title='bbox 579 3938 809 3989; x_wconf 78' lang='lat' dir='ltr'>tuarum</span> <span class='ocrx_word' id='word_1_403' title='bbox 847 3930 921 3986; x_wconf 84' lang='lat' dir='ltr'>da</span> <span class='ocrx_word' id='word_1_404' title='bbox 949 3928 1297 4003; x_wconf 72' lang='lat' dir='ltr'>pauperibus.</span> <span class='ocrx_word' id='word_1_405' title='bbox 1328 3929 1486 3997; x_wconf 87' lang='lat' dir='ltr'>Item,</span> <span class='ocrx_word' id='word_1_406' title='bbox 1516 3928 1693 3999; x_wconf 83' lang='lat' dir='ltr'>Reges</span> <span class='ocrx_word' id='word_1_407' title='bbox 1721 3932 1778 3983; x_wconf 87' lang='lat' dir='ltr'>et</span> <span class='ocrx_word' id='word_1_408' title='bbox 1807 3929 2088 4001; x_wconf 85' lang='lat' dir='ltr'>Principes</span> <span class='ocrx_word' id='word_1_409' title='bbox 2126 3944 2208 3985; x_wconf 80' lang='lat' dir='ltr'>iv.</span> <span class='ocrx_word' id='word_1_410' title='bbox 2235 3928 2350 3986; x_wconf 72' lang='lat' dir='ltr'>Re-</span> 
     </span>
    </p>
   </div>
   <div class='ocr_carea' id='block_1_3' title="bbox 846 4042 1839 4101">
    <p class='ocr_par' dir='ltr' id='par_1_4' title="bbox 846 4042 1839 4101">
     <span class='ocr_line' id='line_1_42' title="bbox 846 4042 1839 4101; baseline -0.002 -5"><span class='ocrx_word' id='word_1_411' title='bbox 846 4048 898 4096; x_wconf 77' lang='lat' dir='ltr'>s,</span> <span class='ocrx_word' id='word_1_412' title='bbox 930 4047 1083 4098; x_wconf 80' lang='grc' dir='ltr'>Τιιοιι.</span> <span class='ocrx_word' id='word_1_413' title='bbox 1119 4048 1205 4101; x_wconf 73' lang='lat' dir='ltr'>Ao.</span> <span class='ocrx_word' id='word_1_414' title='bbox 1240 4046 1504 4096; x_wconf 58' lang='lat' dir='ltr'>offuscan-</span> <span class='ocrx_word' id='word_1_415' title='bbox 1536 4068 1598 4083; x_wconf 93' lang='lat'><strong>—</strong></span> <span class='ocrx_word' id='word_1_416' title='bbox 1626 4042 1666 4093; x_wconf 81' lang='grc' dir='ltr'>Ι.</span> <span class='ocrx_word' id='word_1_417' title='bbox 1687 4066 1751 4083; x_wconf 94' lang='grc'>-</span> <span class='ocrx_word' id='word_1_418' title='bbox 1775 4044 1839 4097; x_wconf 78' lang='grc'>18</span> 
     </span>
    </p>
   </div>
  </div>
 </body>
</html>
