2850 4517
582 317 673 369 tv.
699 332 781 355 ι-ι
806 322 887 369 nn
926 312 1349 373 rnna-nonome-
1392 328 1561 375 vua:
1612 330 1988 379 smnrrmns
2171 316 2292 381 303

271 437 385 514 qua
405 446 603 513 virtue,
626 437 678 495 si
701 455 807 513 qua
829 439 949 497 laur
970 440 1286 516 disciptinae,
1309 444 1415 501 hoec
1434 447 1674 519 aoyitate.
1699 448 1964 520 Quartum
1989 451 2290 509 remedium

270 537 383 597 est,
417 536 479 585 ut
519 530 683 586 homo
710 530 781 586 ab
822 530 935 589 otio
963 530 1254 603 desistenS,
1296 536 1467 593 etiam
1510 537 1567 591 in
1594 538 1968 611 corporalibus
2013 540 2288 597 laboribus

270 620 518 691 seipsum
547 627 822 677 exerceat.
854 619 1069 677 Dicitur
1092 622 1239 677 enim
1261 623 1470 681 EccleS.
1501 640 1698 685 xxxin
1723 644 1739 683 :
1765 627 1996 686 Multam
2019 628 2288 686 malitiam

272 708 459 766 docuit
486 708 747 765 otiositas.
784 708 854 765 Et
895 709 1207 781 specialiter
1234 710 1408 767 otium
1446 718 1531 769 est
1570 716 1830 773 vitiorum
1867 718 2170 775 carnalium
2199 718 2288 775 in-

273 799 575 865 centivum,
606 796 749 853 unde
796 797 997 855 dicitur
1032 798 1229 855 Ezech.
1268 815 1414 873 xvr:
1441 802 1568 859 Hoeo
1604 804 1717 875 tuit
1757 805 2018 877 iniquitas
2056 806 2289 863 Sodomae

270 886 479 945 sororis
522 894 646 953 tuoe,
692 884 961 959 superbia,
1006 887 1276 945 saturitas
1312 890 1497 961 panis,
1528 899 1579 949 et
1625 892 1976 959 abundantia,
2020 904 2072 952 et
2115 894 2286 953 otium

272 975 465 1049 ipsius.
510 975 579 1031 Et
630 975 754 1031 ideo
780 974 969 1032 Hiera.
998 976 1069 1033 ad
1110 976 1397 1035 Rusticum
1429 980 1752 1039 monachum
1797 982 2060 1050 scribens,
2105 983 2284 1041 dicitz

276 1064 467 1122 Facito
508 1063 719 1143 aliquid
757 1064 955 1137 oper-is,
994 1072 1056 1122 ut
1091 1081 1292 1137 semper
1328 1074 1383 1123 te
1424 1068 1663 1125 diabolus
1689 1070 1927 1128 inveniat
1954 1080 2282 1144 occupatum.

273 1153 538 1223 Quintum
588 1152 889 1209 remedium
946 1152 1240 1210 adhibetur
1298 1163 1490 1215 contra
1537 1159 1718 1217 carnis
1762 1161 2282 1235 concupiscentiam,

273 1242 445 1297 etiam
469 1257 564 1314 per
587 1240 804 1314 aliquas
822 1240 990 1298 animi
1012 1242 1468 1314 perturbationes,
1483 1246 2000 1306 undeHiero.refert
2019 1250 2074 1305 in
2090 1252 2282 1307 eadem

272 1329 504 1402 Epistol.
548 1330 695 1402 quod
741 1330 797 1385 in
838 1330 1077 1403 quodam
1118 1331 1364 1389 caenobio
1404 1342 1538 1393 erat·
1562 1336 1788 1409 quidam
1817 1337 2154 1409 adolescenS,
2187 1339 2282 1411 qui

272 1418 426 1475 nulla
483 1418 833 1487 abstinentia,
888 1418 1037 1477 nulla
1098 1420 1279 1495 operis
1318 1423 1694 1494 magnitudine
1740 1425 2016 1483 flammam
2067 1434 2284 1499 poterat
2374 1472 2384 1480 .

272 1508 457 1565 carnis
485 1508 821 1581 extinguere,
862 1510 1007 1566 unde
1044 1525 1172 1567 eum
1201 1510 1602 1584 periclitantem
1642 1520 1797 1586 pater
1835 1516 2151 1573 monasterii
2180 1514 2284 1572 bac

273 1605 396 1655 arte
414 1599 677 1656 servavit.
700 1599 999 1671 Imperavit
1022 1598 1169 1655 enim
1196 1599 1415 1657 cuidam
1445 1600 1564 1657 viro
1591 1600 1766 1672 gravi,
1801 1609 1861 1658 nt
1889 1602 2088 1675 jurgiis
2117 1609 2284 1676 atque

272 1685 539 1745 conviciis
584 1702 707 1743 eum
754 1687 1135 1755 insectaretur,
1181 1695 1389 1761 etpost
1432 1688 1730 1763 irrogatam
1775 1690 2034 1762 injuriam
2071 1692 2285 1764 primus

274 1776 488 1833 veniret
506 1775 574 1831 ad
594 1774 1035 1849 conquerendum
1065 1793 1078 1831 :
1106 1776 1288 1833 vocati
1307 1776 1477 1833 etiam
1496 1783 1664 1835 testes
1681 1793 1782 1851 pro
1805 1795 1870 1835 eo
1895 1778 2280 1853 loquebantur,

272 1865 369 1938 qui
388 1864 777 1923 contumeliam
801 1864 1025 1921 fecerat.
1044 1864 1202 1925 Solus
1221 1873 1377 1938 pater
1396 1866 1715 1923 monasterii
1735 1866 2103 1924 defensionem
2123 1884 2280 1925 suam

271 1951 605 2026 opponebat,
644 1968 713 2009 ne
746 1953 1045 2010 abundanti
1073 1953 1299 2011 tristitia
1333 1954 1505 2013 frater
1535 1953 1942 2011 absorberetur.
1985 1957 2068 2012 Ita
2105 1972 2282 2013 annus

272 2043 477 2099 ductus
497 2046 601 2110 est,
642 2057 751 2115 quo
775 2043 990 2114 expleto
1028 2043 1395 2115 interrogatus
1433 2043 1750 2103 adolescens
1786 2060 1951 2118 super
1983 2046 2280 2116 cogitatio-

272 2132 435 2187 nibus
464 2132 725 2204 pristiniS,
760 2132 1038 2204 respondit
1076 2150 1089 2187 :
1118 2134 1281 2205 Papa,
1310 2133 1495 2190 vivere
1523 2130 1655 2189 mihi
1701 2147 1806 2187 non
1833 2132 1978 2201 licet,
2021 2140 2076 2189 et
2105 2133 2281 2190 forni-

271 2222 388 2277 cari
420 2220 586 2278 libet?
624 2220 703 2277 Ex
741 2226 897 2294 parte
930 2228 1115 2279 autem
1150 2221 1484 2279 exteriorum
1511 2237 1694 2277 rerum
1721 2222 2060 2295 propositum
2097 2223 2281 2279 conti-

272 2308 479 2365 nentiae
507 2309 800 2383 impeditur
823 2325 920 2382 per
947 2316 1229 2382 aspectum
1258 2316 1315 2367 et
1336 2310 1643 2383 frequentia
1672 2310 1944 2384 colloquia
1964 2310 2276 2380 mulierum,

272 2410 328 2456 et
364 2413 551 2463 earum
578 2397 854 2459 consortia
884 2415 897 2453 τ
924 2397 1069 2454 unde
1096 2399 1299 2455 dicitur
1320 2400 1639 2456 Ecclesiast.
1675 2415 1738 2456 ix
1766 2417 1780 2455 ι
1806 2398 2040 2473 Propter
2062 2401 2280 2473 speciem

269 2486 516 2545 mulieris
541 2486 700 2547 multi.
718 2485 1031 2559 perierunt,
1057 2494 1105 2543 et
1131 2503 1195 2543 εει
1217 2488 1309 2545 heo
1333 2488 1754 2560 eoncupiscentia
1780 2488 1934 2561 quasi
1961 2488 2106 2560 iynis
2129 2504 2282 2544 emar·

269 2576 451 2636 deecit.
474 2576 541 2631 Et
560 2584 747 2648 postea
772 2576 1023 2632 subditur
1052 2576 1415 2648 :colloquium
1439 2576 1606 2647 ipsius
1625 2577 1778 2647 quasi
1798 2578 1940 2649 ignis
1957 2577 2276 2634 eoeardeseit.

266 2666 337 2721 Et
366 2665 489 2721 ideo
522 2670 713 2721 contra
739 2664 842 2721 hoc
869 2671 953 2720 est
986 2664 1353 2720 adhibendum
1382 2664 1706 2731 remedium,
1738 2665 1883 2736 quod
1909 2665 2112 2721 ibidem
2135 2666 2280 2723 dici-

268 2763 363 2811 tur
396 2770 409 2807 :
439 2752 501 2811 N
500 2769 526 2809 e
552 2753 803 2825 respicias
826 2754 1101 2811 mulierem
1116 2752 1466 2817 multivolam,
1498 2768 1566 2807 ne
1591 2753 1731 2824 forte
1762 2752 1966 2808 incidas
1989 2753 2047 2808 in
2071 2755 2280 2826 laqueos

266 2844 423 2900 illius
464 2858 485 2899 .·
532 2858 649 2898 cum
674 2844 947 2901 saltatrice
980 2860 1047 2899 ne
1075 2843 1321 2899 assiduus
1346 2842 1441 2907 sis,
1483 2857 1578 2897 nee
1621 2840 1811 2895 audias
1850 2842 2018 2908 illam,
2045 2858 2111 2897 ne
2137 2843 2280 2913 forte

264 2948 457 3004 pereas
483 2932 545 2988 in
590 2932 818 3004 efficacia
844 2931 1013 2990 illius.
1058 2933 1126 2987 Et
1154 2929 1526 2988 Ecclesiastici
1555 2945 1694 2995 xm,
1727 2928 1949 2985 dicitur.
1995 2929 2154 2985 Omni
2179 2930 2279 2985 ho-

267 3021 406 3077 mini
422 3021 537 3079 noli
558 3021 829 3097 intendere
850 3022 911 3077 in
932 3020 1121 3094 specie,
1146 3028 1196 3078 et
1214 3020 1275 3075 in
1292 3018 1466 3076 medio
1485 3017 1776 3073 mulierum
1799 3018 1910 3073 noli
1933 3018 2276 3074 commorari.
2350 3040 2360 3050 ·

266 3110 351 3167 De
386 3110 711 3169 vestimentis
738 3110 883 3167 enim
920 3110 1165 3182 procedit
1206 3109 1376 3174 tinea,
1419 3116 1474 3165 et
1518 3124 1554 3163 a
1593 3107 1816 3163 muliere
1844 3096 2106 3179 iniquitas
2142 3106 2276 3173 viri,

268 3196 417 3255 unde
457 3198 643 3255 Hiero.
673 3205 865 3255 contra
904 3198 1263 3269 vigilantium
1314 3196 1560 3253 scribens
1604 3194 1758 3262 dicit,
1788 3196 1934 3269 quod
1980 3195 2278 3252 monachus

266 3287 452 3343 sciens
496 3285 931 3343 imbecillitatem
976 3302 1150 3353 suam,
1201 3294 1257 3343 et
1306 3302 1405 3343 vas
1455 3284 1648 3356 fragile
1691 3284 1838 3357 quod
1884 3290 2087 3356 portat,
2121 3285 2277 3340 timet

267 3374 547 3431 offendere
585 3390 652 3431 ne
680 3375 966 3448 impingat,
999 3382 1055 3430 et
1076 3381 1295 3432 corruat
1319 3382 1487 3449 atque
1516 3374 1801 3445 frangatur
1841 3389 1854 3425 ε
1885 3372 2030 3427 unde
2064 3378 2278 3427 etmu-

269 3462 484 3530 lierum,
519 3463 755 3520 maxime
784 3463 1313 3521 adolescentularum
1337 3464 1478 3521 vitat
1507 3450 1808 3536 aspectum,
1839 3477 1904 3516 ne
1929 3476 2055 3516 eum
2095 3460 2278 3533 capiat

266 3552 461 3609 oculus
503 3553 825 3621 meretricie,
870 3570 939 3610 ne
981 3542 1545 3624 forma'pulcherrima
1583 3552 1650 3607 ad
1698 3550 1919 3606 illicitos
1945 3548 2113 3605 ducat
2155 3564 2278 3603 am·-

234 3642 479 3716 ‘plexus
512 3642 591 3699 Ex
624 3657 730 3715 quo
760 3648 913 3715 patet
939 3643 1083 3715 quod
1124 3642 1264 3697 sic-ut
1308 3640 1478 3697 abbas
1514 3642 1730 3713 Moyses
1771 3639 1905 3695 dicit
1934 3638 1986 3693 in
2011 3636 2276 3693 Collatia-

262 3732 430 3788 nibus
458 3736 695 3803 patrum,
728 3750 753 3783 α
783 3748 882 3803 pro
926 3730 1167 3804 puritate
1208 3728 1391 3784 cordis
1429 3729 1719 3795 servanda,
1749 3726 1987 3784 solitudo
2017 3726 2274 3782 sectanda

260 3825 370 3886 est,
402 3834 471 3875 ac
488 3820 824 3891 jejuniorum
855 3818 1111 3884 inediam,
1144 3817 1379 3889 vigiliaS,
1412 3816 1626 3873 labores
1654 3816 1917 3889 eorporis,
1949 3815 2272 3891 nuditatem,

260 3907 580 3973 lectionem,
630 3914 969 3984 caeterasque
1020 3908 1252 3967 virtutes
1297 3904 1497 3963 debere
1541 3919 1641 3965 nos
1682 3906 1959 3978 suscipere
2004 3903 2272 3968 novimus,
