2850 4517
810 373 858 430 ι.
881 388 964 406 -
989 373 1391 426 communiunt
1430 377 1807 428 *wanemala
1850 421 1861 436 ,
2164 359 2333 434 ,103-

507 711 515 740 ³
545 710 851 786 Quomodo
878 711 1150 778 Ic‘omo'ad
1173 712 1568 780 eternitatem
1588 714 1883 798 pervehit,
1912 721 1987 783 ut
2010 716 2093 782 ad

1021 807 1603 870 consummationem,

322 965 328 969 -
375 933 674 990 Ostensum
711 939 797 990 est
834 940 1020 992 autem
1053 937 1108 992 in
1151 939 1470 1010 praemissis,
1506 939 1653 1012 quod
1696 937 2027 996 aeternitatis
2067 939 2212 996 ratio
2250 955 2319 996 ex

304 1021 692 1079 immobilitate
719 1024 1278 1097 consequitur.'Sicut
1318 1027 1465 1084 enim
1501 1043 1569 1084 ex
1598 1024 1749 1085 motu
1782 1025 2044 1084 causatur
2076 1026 2312 1101 t'emp'uS‚

302 1113 358 1167 in
391 1128 502 1185 quo
527 1111 681 1185 prius
703 1118 758 1168 et
782 1113 1054 1184 posterius
1082 1113 1376 1183 iuvenitur,
1405 1116 1485 1173 ita
1508 1121 1726 1190 oportet
1752 1116 1903 1190 quod
1927 1123 2139 1173 remoto
2166 1124 2317 1173 motu
2356 1151 2367 1158 -

304 1209 488 1264 cesset
505 1201 657 1273 prius
672 1206 727 1257 et
744 1201 1033 1274 posteriue,
1051 1209 1106 1258 et
1123 1203 1204 1259 sic
1216 1206 1545 1262 aeteruitatis
1560 1205 1702 1263 ratio
1714 1203 2065 1278 relinquitur,
2084 1221 2210 1278 quae
2230 1212 2318 1262 est
2364 1247 2371 1254 .

307 1295 426 1345 tota
452 1287 710 1366 simul.1n
724 1289 916 1346 ultima
945 1290 1114 1363 igitur
1141 1306 1242 1348 sua
1266 1294 1734 1354 consummatione
1758 1293 1919 1350 homo
1942 1293 2314 1360 aeternitatem

305 1376 440 1434 vitae
466 1378 822 1451 consequitur
849 1393 956 1434 nou
997 1378 1172 1437 solum
1202 1389 1470 1454 quantum
1500 1382 1569 1439 ad
1604 1380 1709 1442 hoc
1736 1382 1883 1456 quod
1929 1381 2313 1442 immortaliter

305 1466 611 1522 secundum
651 1466 890 1523 enimam
937 1467 1106 1538 vivat,
1139 1470 1288 1542 quod
1333 1469 1499 1527 habet
1547 1472 1731 1528 anima
1774 1469 2060 1535 rationalis
2104 1485 2171 1526 ex
2211 1485 2313 1532 sua

303 1561 524 1621 natura,
548 1563 615 1612 ut
637 1571 804 1628 supra
827 1563 1104 1614 ostensum
1132 1565 1236 1626 est,
1263 1559 1361 1616 sed
1390 1560 1558 1618 ctiam
1594 1560 1663 1618 ad
1692 1558 1971 1632 hoc.quod
1996 1558 2066 1616 ud
2094 1557 2335 1632 perfec--

303 1651 423 1709 tam
451 1643 892 1706 immobilitatem
917 1646 1260 1720 perducitur.

1057 1783 1343 1889 CAPUT
1389 1777 1555 1888 cm.

308 1951 658 2042 Quomodo,
708 1955 790 2016 ad
825 1950 1159 2044 perfectam
1215 1957 1643 2019 beatitudinem
1696 1955 1913 2018 anima·
1948 1957 2314 2032 rationalis,

845 2037 1086 2120 oportet
1109 2059 1236 2105 eam
1263 2039 1503 2130 corpori
1521 2043 1774 2106 reuniri.
1914 2063 1921 2070 ·
2330 2067 2335 2072 ·

329 2173 844 2233 -Considerandum
893 2183 980 2232 est
1026 2180 1230 2244 autem,
1261 2175 1412 2250 quod
1460 2192 1565 2233 non
1621 2180 1799 2251 potest
1845 2192 1965 2238 esse
1995 2176 2339 2236 omnimoda.

291 2263 662 2322 Immobiiitas
690 2261 1012 2331 voluntatiS,
1035 2264 1140 2322 uisi
1165 2264 1416 2324 naturale
1442 2263 1775 2336 desiderium
1807 2265 2049 2324 totaliter
2082 2263 2317 2338 implea-

304 2360 413 2409 tur.
429 2351 802 2428 Quaecumque
832 2360 1019 2408 autem
1049 2358 1180 2409 nata
1199 2359 1328 2409 sunt
1357 2353 1501 2410 uniri
1522 2354 1822 2414 secundum
1852 2345 2311 2423 naturam‘suam,

303 2439 633 2496 naturaliter
677 2439 781 2496 sibi
828 2440 971 2496 uniri
991 2447 1267 2516 oppetunt
1298 2457 1313 2497 t
1347 2442 1774 2516 unumquodque
1813 2444 1959 2500 enim
2003 2442 2213 2517 appetit
2254 2442 2329 2498 id.

301 2529 449 2603 quod
488 2536 574 2588 est
609 2523 731 2584 -sibi'
762 2529 1092 2586 conveniens
1126 2529 1425 2588 secundum
1474 2547 1631 2588 suam
1668 2539 1944 2590 naturam.
1975 2533 2113 2590 Cum
2142 2532 2314 2601 igitur

304 2617 490 2674 anima
531 2616 771 2674 humana
809 2617 1133 2674 naturaliter
1175 2620 1391 2691 corpori
1415 2620 1680 2687 uniatur,-
1714 2627 1776 2676 ut
1815 2636 1984 2693 ‚supra
2030 2625 2331 2680 ostensum.

301 2715 412 2777 est,
441 2706 694 2763 naturale
721 2706 771 2760 ei
809 2704 1140 2766 desiderium
1168 2708 1311 2763 inest
1338 2707 1408 2763 ad
1433 2706 1681 2779 corporis
1702 2708 1981 2766 unionem.
2004 2708 2129 2768 -Non
2155 2713 2315 2780 pote-

301 2796 375 2852 rit
405 2795 577 2866 igitur
612 2809 732 2850 esse
779 2793 1021 2867 perfectu
1059 2794 1328 2865 quietatio
1375 2793 1695 2860 voluntatis,
1728 2794 1836 2850 nisi
1880 2796 2105 2856 iterato·
2130 2795 2331 2858 anima,

300 2883 520 2955 corpori
549 2885 931 2955 conjungatur,
960 2880 1106 2955 quod
1134 2887 1218 2935 est
1245 2881 1529 2935 hominem·
1548 2894 1581 2934 a
1610 2885 1785 2933 morte
1810 2896 2118 2958 resurgere.
2149 2881 2311 2944 Item,

301 2973 483 3030 finalis
508 2971 770 3044 perfectio
793 2971 1024 3044 requirit
1049 2967 1441 3042 perfectionem
1469 2964 1703 3038 primam
1731 2980 1745 3019 ε
1771 2964 1947 3037 primu
1976 2972 2159 3023 autem
2183 2983 2317 3039 per-

301 3059 922 3132 fectio-uuiuscujusque
947 3057 1027 3116 rei
1053 3063 1136 3114 est
1165 3055 1324 3112 utsii
1347 3054 1653 3128 perfectum
1682 3054 1737 3112 in
1762 3069 1863 3118 sua
1890 3060 2107 3123 natura,
2130 3055 2328 3117 finalis,

233 3147 236 3150 ’
302 3165 434 3208 vero
457 3149 726 3223 perfectio
753 3147 1006 3206 consistit
1029 3147 1085 3204 in
1110 3146 1496 3206 consecutione
1522 3144 1697 3200 ultimi
1726 3143 1867 3200 finis.
1898 3143 1983 3203 Ad
2012 3143 2115 3201 hoc
2144 3145 2313 3218 igitur

301 3238 449 3313 quod
500 3237 684 3294 anima
720 3236 957 3294 humana
998 3234 1310 3293 omnimode
1348 3233 1667 3308 perficiatur
1712 3234 1766 3292 in
1805 3232 1930 3300 fine,
1964 3249 2187 3291 necesse
2228 3243 2325 3294 est.

245 3385 252 3392 ,
303 3327 450 3402 quod
499 3327 572 3384 sit
616 3325 856 3397 perfecta
888 3326 940 3380 in
983 3340 1082 3381 sua
1124 3329 1339 3391 nutura,
1365 3323 1521 3396 quod
1562 3338 1670 3379 uon
1700 3328 1881 3395 potest
1922 3337 2043 3380 esse
2085 3322 2191 3377 nisi
2240 3324 2314 3382 sit

300 3414 522 3486 corpori
559 3413 735 3471 unita.
779 3413 990 3470 Natura
1031 3412 1179 3468 enim
1215 3411 1418 3468 animae·
1451 3418 1543 3467 est·
1574 3418 1636 3467 ut
1684 3409 1757 3466 sit
1804 3423 1933 3481 pare
1972 3407 2214 3468 hominis
2253 3417 2320 3466 ut

301 3503 478 3559 forma
513 3501 702 3558 :uuila
745 3508 930 3557 autem
971 3515 1098 3572 pars
1125 3499 1366 3570 perfecta
1395 3505 1481 3556 ost
1519 3500 1572 3554 in
1618 3514 1719 3556 sua
1760 3505 1979 3562 natura,
2014 3495 2119 3555 nisi
2154 3498 2227 3556 sit
2254 3498 2315 3558 in

301 3607 401 3647 suo
444 3596 586 3646 toto.
619 3590 938 3663 Requiritur
971 3587 1138 3660 igitur
1169 3588 1240 3643 ad
1269 3587 1518 3644 ultimam
1546 3587 1781 3644 hominis
1808 3585 2224 3652 beatitudiuem,
2250 3596 2314 3643 ut

303 3680 488 3734 anima
531 3693 750 3733 rursum
794 3676 1008 3749 corpori
1037 3675 1278 3732 uniatur.
1312 3674 1523 3742 Adhuc,
1555 3675 1704 3748 quod
1734 3681 1819 3733 est
1849 3690 1945 3747 per
1974 3671 2231 3729 accidens
2256 3679 2315 3727 et

305 3774 496 3823 contra
521 3774 796 3833 naturam,
827 3780 934 3822 non
955 3770 1136 3837 potest
1161 3779 1280 3820 esse
1303 3763 1694 3836 sempiternum
1722 3781 1736 3821 t
1768 3777 1990 3819 necesse
2020 3765 2106 3816 est
2128 3765 2312 3816 autem

305 3853 408 3910 hoc
448 3854 598 3928 quod
645 3863 730 3911 est
771 3855 1007 3910 animam
1044 3868 1077 3909 a
1115 3868 1342 3926 corpore
1387 3859 1699 3926 separatam
1740 3867 1878 3918 esse,
1915 3866 2016 3924 per
2056 3847 2314 3906 accidens

308 3957 444 4012 esse,
471 3950 527 3999 et
553 3949 745 4000 contra
769 3951 1041 4012 naturam,
1071 3943 1118 3998 si
1146 3942 1250 3999 hoc
1286 3957 1384 4014 per
1415 3955 1477 3998 se
1504 3947 1559 3996 ει
1586 3939 1910 4021 naturaliter
1939 3939 2082 3994 inest
2111 3936 2310 3996 auimoe
