2850 4517
773 380 840 428 X.
873 397 956 414 ··-·
980 381 1220 431 con'mA
1244 385 1543 432 -ERRoRRs
1583 387 1939 433 GRAEooRUM
2228 376 2346 436 491

351 495 518 564 ranti,
549 494 694 553 sicut
717 511 843 552 cum
871 496 1075 554 dicitur
1094 498 1210 557 Rex
1239 499 1451 572 operari
1479 515 1575 573 per
1603 490 1866 569 balivum,
1896 509 1951 558 et
1984 504 2181 562 artifex
2216 521 2354 580 ope-

351 585 460 642 rari
485 601 582 658 per
603 587 1047 648 instrumentum.
1073 587 1140 644 Et
1165 595 1294 644 tunc
1318 594 1536 661 oportet
1558 589 1703 662 quod
1734 607 1763 646 e
1789 596 2083 663 contrario,
2117 609 2351 667 operans

350 675 422 729 sit
447 674 775 747 principium
807 675 1069 748 operandi
1093 676 1144 733 ei
1173 692 1269 748 per
1295 677 1440 750 quod
1472 685 1747 750 operatur,
1774 678 1917 737 siout
1946 697 2039 737 rex
2072 682 2269 750 balivo,
2297 692 2352 740 et

351 763 548 818 artifex
574 763 955 821 instrumento.
989 766 1124 820 Cum
1147 773 1331 821 autem
1362 766 1563 822 dicitur
1587 766 1757 823 Filius
1782 785 1879 841 per
1900 771 2162 843 Spiritum
2191 787 2353 829 sanc·

353 859 468 906 tum
497 852 733 924 operari,
757 868 862 908 non
889 858 1068 926 potest
1098 854 1324 924 intelligi
1347 855 1491 927 quod
1522 857 1758 928 Spiritus
1783 867 2006 914 sanctus
2033 859 2105 914 sit
2144 861 2353 932 princi-

353 941 500 1012 pium
542 942 801 1012 operandi
847 941 1002 1006 Filio,
1039 943 1169 1014 quia
1216 943 1384 998 Filius
1423 959 1455 999 a
1493 944 1699 1016 Spiritu
1740 953 1933 1012 sapato
1973 934 2391 1022 mancepiis

350 1029 698 1102 Relinquitur
741 1044 869 1102 ergo
913 1030 1057 1103 quod
1104 1030 1272 1086 Filius
1323 1031 1766 1104 sitprincipium
1809 1034 2070 1108 operandi
2126 1037 2350 1108 Spiritui

352 1127 562 1182 sancto,
592 1118 739 1191 quod
779 1118 1001 1191 quidem
1037 1135 1157 1175 esse
1203 1135 1310 1175 non
1343 1126 1541 1193 potest,
1570 1122 1673 1178 nisi
1719 1139 1813 1195 per
1855 1123 1958 1180 hoc
1994 1125 2138 1197 quod
2177 1124 2272 1180 dat
2302 1125 2352 1180 ei

351 1207 614 1264 virtutem
643 1208 1144 1280 operativam.Non
1175 1215 1360 1264 autem
1398 1209 1495 1266 dat
1520 1209 1571 1265 ei
1609 1217 1872 1284 tanquam
1908 1213 2059 1285 prius
2102 1229 2205 1268 non
2249 1212 2351 1268 ha-

351 1295 522 1360 benti,
554 1295 635 1350 sic
661 1295 805 1350 enim
835 1295 992 1352 daret
1026 1295 1076 1350 ei
1119 1299 1379 1368 tanquam
1423 1296 1709 1369 indigenti,
1738 1305 1793 1354 et
1836 1306 2159 1372 sequeretur
2204 1298 2351 1374 quod

352 1384 584 1457 Spiritus
625 1392 850 1440 sanctus
899 1390 1044 1440 esset
1088 1383 1226 1440 Filio
1278 1386 1478 1441 minor.
1515 1385 1864 1460 Relinquitur
1914 1404 2042 1460 ergo
2095 1388 2241 1462 quod
2282 1387 2354 1443 ab

351 1481 558 1528 aeterno
587 1471 639 1529 ei
665 1473 894 1539 dederit,
925 1489 1025 1528 nec
1047 1479 1131 1528 est
1160 1473 1306 1530 aliud
1339 1473 1514 1531 virtus
1542 1476 1823 1548 operativa
1869 1477 2108 1549 Spiritus
2152 1477 2349 1546 sancti,

353 1576 516 1632 quam
551 1561 670 1632 ejus
713 1562 972 1628 essentia,
1005 1560 1130 1616 cum
1167 1560 1404 1634 Spiritus
1450 1569 1673 1619 sanctus
1718 1563 1791 1618 sit
1829 1565 2080 1637 simplex,
2114 1564 2256 1621 siout
2295 1569 2352 1620 et

351 1650 530 1704 Pater.
559 1649 904 1722 Relinquitur
945 1665 1075 1720 ergo
1112 1649 1256 1721 quod
1287 1648 1357 1704 ab
1400 1657 1609 1706 aeterno
1650 1650 1817 1706 Filius
1856 1651 2167 1708 Essentiam
2205 1653 2354 1708 divi-

355 1752 479 1792 nam
502 1735 726 1810 Spiritui
756 1743 946 1792 sancto
984 1737 1217 1790 dederit.
1254 1735 1322 1790 Et
1372 1734 1477 1792 hoc
1517 1751 1771 1808 expresse
1811 1739 2048 1795 ostendit
2085 1739 2349 1796 Athenas·

353 1825 406 1878 in
434 1823 678 1896 Epistola
707 1825 776 1881 ad
805 1823 1175 1896 Serapionem,
1197 1823 1386 1880 dicens
1413 1841 1427 1878 z
1458 1844 1484 1876 «
1512 1824 1663 1880 Sicut
1708 1825 1865 1880 Pater
1907 1842 2002 1897 per
2046 1824 2261 1893 Filium,
2296 1834 2351 1883 et

352 1913 408 1968 in
437 1911 572 1967 Filio
597 1927 628 1967 a
653 1927 710 1967 se
739 1911 1080 1984 deoriginato
1109 1911 1433 1974 naturaliter
1456 1919 1732 1984 operatur,
1760 1920 1815 1968 et
1856 1928 1961 1968 non
1986 1929 2017 1968 e
2039 1929 2301 1970 converso
2332 1931 2348 1970 :

351 1999 430 2054 ita
455 2006 509 2054 et
537 1999 705 2056 Filius
733 2000 786 2055 in
813 2001 1020 2074 Spiritu
1045 2009 1236 2057 sancto
1260 2017 1292 2058 a
1316 2016 1376 2056 se
1403 2001 1743 2072 deoriginato
1784 2001 2109 2058 naturaliter
2152 2016 2351 2074 opera-

353 2096 442 2144 tur
470 2093 730 2160 tanquam
759 2089 811 2143 in
836 2103 932 2144 sua
960 2089 1178 2161 propria
1201 2090 1424 2157 virtute,
1454 2097 1509 2144 et
1538 2102 1645 2143 non
1666 2104 1697 2144 e
1724 2102 2006 2144 converso.
2040 2107 2066 2142 n

703 2283 882 2360 Quod
905 2284 1184 2365 Spiritus
1209 2290 1455 2349 sanctus
1482 2287 1567 2348 sit
1594 2285 1794 2366 imayo
1821 2285 2001 2349 Filii.

421 2447 662 2505 Habetur
685 2450 852 2505 etiam
891 2465 957 2504 ex
997 2449 1332 2506 auctoritate
1380 2464 1556 2507 sacrae
1578 2450 1895 2523 Scripturas,
1928 2439 2072 2523 quod
2115 2449 2352 2523 Spiritus

349 2546 573 2595 sanctus
595 2539 663 2594 sit
696 2538 878 2610 imago
901 2537 1020 2594 Filii
1047 2539 1346 2596 secundum
1376 2539 1771 2613 expositionem
1800 2541 2097 2596 Doctorum
2124 2540 2353 2596 Graeco-

311 2676 318 2682 ,
348 2643 489 2691 rum,
517 2633 576 2680 ut
601 2640 766 2697 supra
788 2625 1034 2680 habitum
1065 2636 1168 2692 est,
1191 2627 1418 2698 qui'hoc
1444 2629 1588 2701 quod
1614 2627 1817 2684 dicitur
1840 2629 1998 2683 Rom.
2030 2644 2136 2684 vm
2169 2645 2181 2682 τ
2214 2629 2353 2694 Quos

341 2713 618 2785 praeacivit
636 2715 928 2783 conformes
941 2713 1065 2784 fieri
1079 2713 1330 2784 imaginis
1343 2713 1507 2778 Filii,
1519 2719 1627 2770 etc.
1642 2722 1697 2770 et
1718 2715 1955 2770 iteruml
1974 2715 2221 2772 corinth.
2241 2733 2349 2774 xv:

347 2805 497 2866 Sicut
523 2800 856 2876 portavimus
878 2800 1162 2872 imay-t'nem
1193 2801 1420 2867 terreni,
1428 2808 1701 2874 portemus
1728 2808 1779 2858 et
1802 2801 2088 2874 imayinem
2113 2805 2349 2872 ccelesiis,

349 2899 626 2967 exponunt
669 2907 765 2963 per
809 2889 1105 2962 imaginem
1147 2883 1877 2970 Filii.‘Spirit.um·sanctum
1920 2905 2041 2946 esse
2082 2891 2349 2950 dicentes·

349 2984 488 3038 Hinc
514 2987 598 3036 est
639 2979 783 3053 quod
823 2977 1087 3035 Attianae.
1115 2977 1250 3034 dicit
1282 2979 1335 3033 in
1375 2994 1463 3050 ep.
1507 2976 1575 3034 ad
1622 2977 1974 3051 Serapionem
2012 2995 2081 3035 ex
2120 2995 2353 3051 persona

349 3070 469 3126 Filii
510 3067 606 3124 Dei
650 3067 876 3142 loquens
907 3085 920 3124 ε
951 3087 977 3120 α
1023 3065 1270 3139 Accipite
1317 3067 1493 3139 ipsam
1533 3065 1823 3138 imaginem
1868 3082 2065 3132 meam,
2088 3068 2351 3140 Spiritum

349 3165 602 3216 sanctum
629 3157 897 3213 scientiae.
933 3175 958 3208 n
980 3156 1048 3212 Et
1075 3156 1243 3227 Greg.
1275 3155 1568 3212 Caesarien.
1596 3155 1732 3212 dicit
1763 3171 1778 3210 ε
1807 3175 1832 3206 α
1862 3155 2097 3227 Spiritus
2126 3163 2353 3214 sanctus

349 3257 433 3304 cst
458 3247 639 3316 imago
663 3244 782 3301 Filii
807 3263 821 3312 ;
852 3244 1102 3318 sequitur
1126 3244 1270 3318 quod
1295 3244 1533 3317 Spiritus
1568 3250 1795 3300 sanctus
1817 3244 1889 3300 sit
1920 3261 1949 3300 a
1979 3245 2136 3301 Filio.
2166 3246 2362 3302 Posset·

349 3344 534 3391 autem
563 3333 765 3406 aliquis
791 3333 994 3397 dicere,
1023 3333 1166 3406 quod
1193 3340 1278 3388 est
1303 3333 1484 3403 imago
1509 3331 1650 3399 Filii,
1678 3332 1735 3388 in
1771 3341 2037 3405 quantum
2073 3333 2350 3390 assimila-

351 3428 438 3478 tur
462 3423 598 3479 Filio
627 3423 927 3479 secundum
958 3419 1197 3494 aliquem
1219 3422 1473 3476 effectum
1501 3437 1661 3494 quem
1706 3420 1861 3490 facit,
1886 3422 2028 3478 sicut
2062 3429 2118 3478 et
2154 3421 2343 3488 Filiae,

345 3511 430 3570 vel
457 3511 588 3585 quia
618 3517 703 3566 est
731 3511 950 3567 a-Patre
979 3509 1122 3565 sicut
1152 3515 1206 3566 et
1234 3508 1404 3564 Filius
1438 3527 1451 3565 :
1482 3509 1577 3564 sed
1605 3508 1708 3564 hoc
1740 3508 2055 3566 excluditur
2087 3526 2181 3582 per
2214 3525 2352 3568 auc-

351 3601 602 3656 toritates
627 3599 968 3664 Sanctorum,
989 3597 1080 3670 qui
1118 3597 1382 3670 Spiritum
1407 3605 1659 3654 sanctum
1706 3598 2011 3656 naturalem
2041 3598 2349 3670 ‘imaginem

350 3689 468 3745 Filii
500 3703 620 3744 esse
646 3687 857 3743 dicunt.
886 3687 1005 3743 Non
1035 3687 1182 3742 enim
1207 3693 1387 3759 potest
1416 3687 1525 3743 dici
1558 3689 1736 3758 imago
1766 3685 2033 3744 naturalis
2061 3686 2183 3742 Filii
2220 3687 2351 3759 Spi-

349 3779 490 3833 ritus
516 3785 758 3843 sanctus,
788 3775 891 3832 nisi
931 3776 984 3830 in
1017 3782 1285 3849 quantum
1315 3774 1627 3831 secundum·
1660 3785 1913 3847 naturam
1948 3774 2085 3832 Filio
2134 3774 2356 3832 simila-·

351 3873 458 3932 tur,
491 3866 766 3937 accipiens
789 3879 820 3920 a
849 3863 983 3918 Filio
1013 3870 1284 3919 naturam.
1307 3862 1535 3942 Semper
1562 3863 1707 3918 enim
1732 3869 1947 3935 oportet
1990 3861 2137 3935 quod
2174 3861 2350 3918 forma

349 3953 603 4024 imaginis
630 3953 912 4024 proveniat
941 3967 973 4008 a
1009 3951 1181 4007 forma
1218 3953 1336 4024 ejus
1365 3950 1523 4022 cujus
1553 3956 1638 4008 est
1680 3950 1879 4023 imago.
1921 3950 2059 4016 Hinc
2078 3946 2169 4008 'est
2200 3948 2349 4023 quod
