2850 4517
900 320 952 375 t,
973 343 1056 389 .···
1082 326 1487 391 cournunmu
1537 327 1908 387 wanemala,
2318 320 2402 387 29

1149 510 1435 615 cAp'tJ‘r
1475 548 1652 619 mv,
1696 498 1715 515 Χ

563 694 744 773 Quod
762 694 1117 775 hujusmodi
1135 694 1457 850 rolqclt'grnes
1475 714 1603 852 tmm
1627 702 1775 765 sunt
1794 700 2278 785 accidentaliter,

1111 850 1116 857 ,
1212 803 1278 849 m
1399 804 1472 850 en
1502 805 1582 851 es.

463 931 585 989 Non
620 935 706 987 est
746 936 932 987 autem
975 927 1232 1002 possibile
1259 928 1407 1003 quod
1436 929 1547 986 sint
1593 930 2007 989 accidentaliter
2049 929 2396 1002 inhaerentes,

397 1024 514 1075 tum
540 1019 670 1093 quia
707 1019 1053 1093 operationes
1095 1016 1164 1075 ad
1205 1032 1344 1091 quas
1369 1024 1672 1093 sequuntur
1699 1017 1908 1077 directe
1954 1020 2248 1080 relationes
2274 1032 2398 1081 sunt

397 1107 517 1183 ipsa
556 1108 655 1165 Dei
691 1106 1020 1175 substantia,
1067 1115 1184 1164 tum
1230 1106 1399 1164 etiam
1440 1108 1571 1183 quia
1600 1124 1763 1182 supra
1802 1118 2084 1167 ostensum
2130 1114 2214 1167 est
2254 1111 2399 1186 quod

397 1198 454 1256 in
483 1200 597 1256 Deo
625 1198 833 1256 nullum
861 1197 1117 1255 accidens
1150 1212 1271 1253 esse
1298 1202 1500 1270 potest.
1542 1198 1702 1255 Unde
1728 1198 1772 1255 si
1802 1198 2097 1257 relationes
2122 1201 2403 1274 praedictae

384 1287 619 1346 “realiter
645 1288 836 1345 sintin
863 1289 997 1355 Deo,
1027 1294 1246 1362 oportet
1267 1286 1414 1361 quod
1444 1302 1550 1343 non
1574 1288 1684 1344 sint
1707 1282 2122 1346 accidentaliter
2144 1289 2403 1348 inhaeren·

395 1384 499 1442 tes,
529 1376 625 1434 sed
665 1376 1047 1435 subsistentes.
1088 1375 1371 1448 Quomodo
1403 1382 1589 1433 autem
1614 1378 1670 1433 id
1704 1378 1849 1453 quod
1877 1386 1963 1436 est
2004 1380 2059 1435 in
2088 1379 2211 1437 aliis
2238 1378 2403 1437 rebus

396 1466 669 1533 accidens
709 1467 766 1523 in
793 1467 910 1523 Deo
945 1456 1380 1523 substantialiter
1403 1482 1525 1523 esse
1550 1468 1745 1541 possit,
1786 1485 1854 1525 ex
1890 1468 2186 1542 praemissis
2222 1469 2433 1527 mani-¹

395 1554 597 1615 festum
619 1560 723 1613 est.

1123 1732 1140 1749 ‘
1167 1743 1453 1815 CAPUT
1494 1746 1638 1816 LV.

569 1897 774 1975 Quod
789 1914 903 1979 per
916 1896 1254 1979 pradictus
1278 1898 1603 1961 relationes
1628 1868 1695 1961 in
1720 1898 1847 1963 Deo
1882 1900 2219 1979 personalis

1018 1986 1334 2050 distinctio
1358 1984 1776 2049 comtitwim.

442 2130 609 2202 Quia
636 2145 767 2205 ergo
789 2129 846 2187 in
869 2127 1070 2189 divinis
1095 2127 1378 2186 distinctio
1397 2135 1483 2185 est
1511 2143 1609 2201 per
1635 2125 1931 2185 relationes
1952 2126 2099 2201 quod
2123 2141 2230 2185 non
2252 2126 2397 2188 acci·

397 2212 570 2288 dunt,
585 2219 680 2277 sed
710 2227 838 2276 sunt
857 2217 1236 2289 subsistentes,
1268 2232 1451 2273 rerum
1475 2223 1659 2275 autem
1682 2215 2098 2279 subsistentium
2125 2217 2181 2273 in
2206 2224 2403 2278 natura

399 2325 725 2385 quacunque
747 2306 1103 2365 intellectuali
1126 2315 1209 2363 est
1233 2306 1515 2365 distinctio
1546 2305 1868 2381 personalis,
1894 2322 2119 2366 necesse
2142 2313 2227 2364 est
2254 2307 2401 2382 quod

397 2416 493 2473 per
512 2397 805 2473 praedictas
831 2396 1128 2454 relationes
1150 2394 1206 2451 in
1228 2396 1361 2462 Deo,
1385 2394 1688 2469 personalis
1710 2395 1991 2461 distinctio
2014 2397 2404 2455 constituatur.

396 2487 559 2545 Pater
582 2488 751 2563 igitur
773 2489 832 2543 et
870 2484 1041 2543 Filius
1063 2491 1120 2543 et
1145 2484 1631 2559 Spiritussauctus
1658 2478 1786 2543 sunt
1813 2492 1927 2543 tres
1949 2501 2215 2562 perseum,
2242 2494 2299 2543 et
2322 2486 2405 2544 si·-

397 2576 601 2635 militer
632 2581 744 2633 tres
769 2574 1115 2650 hypostases,
1141 2573 1273 2649 quia
1298 2572 1615 2649 hypostasis
1635 2574 1912 2651 significat
1945 2575 2151 2653 aliquid
2192 2574 2405 2634 subsis-

400 2673 524 2725 tens
547 2663 900 2738 completum.

1145 2852 1429 2925 CAPUT
1478 2853 1650 2922 LVI.

431 3085 440 3093 .
545 2996 728 3077 Quod
749 2996 1116 3081 impossibile
1141 3000 1231 3061 est
1257 2996 1472 3150 pluere}
1488 3010 1783 3077 personas
1804 3010 1925 3062 mo
1944 2994 2015 3061 in
2038 2994 2266 3063 divinis

1218 3104 1401 3171 quam
1466 3104 1581 3161 res.

470 3223 658 3281 Plures
684 3228 871 3282 autem
910 3221 975 3288 in,
996 3220 1208 3293 “divinis
1241 3238 1501 3295 personas
1540 3220 1718 3279 tribus
1759 3236 1881 3281 esse
1926 3221 2261 3299 impossibile
2295 3229 2403 3292 est,

402 3328 526 3372 cum
568 3328 678 3370 non
719 3312 793 3370 sit
819 3311 1077 3387 possibile
1107 3310 1323 3369 divinas
1350 3326 1611 3385 personas
1637 3310 1990 3385 multiplicari
2028 3328 2125 3385 per
2146 3313 2410 3371 substan-

402 3400 496 3459 tiae
520 3400 866 3469 divisionem,
907 3401 1004 3459 sed
1033 3399 1208 3483 solum
1251 3416 1348 3475 per
1371 3399 1621 3481 ‚alicujus
1666 3400 2027 3475 processionis
2061 3401 2402 3470 relationem,

401 3505 504 3547 nee
528 3490 926 3567 cujuscumque
960 3489 1342 3569 processionis,
1373 3489 1471 3546 sed
1517 3488 1644 3546 talis
1679 3504 1805 3564 quae
1832 3504 1939 3569 non
1976 3490 2299 3548 terminetur
2336 3489 2408 3547 ad

401 3576 623 3654 aliquod
663 3578 1054 3636 extrinsecum.
1087 3578 1229 3635 Nam
1271 3576 1321 3635 si
1347 3577 1735 3636 terminaretur
1774 3578 1845 3636 ad
1874 3578 2105 3653 aliquod
2136 3578 2407 3637 extrinse-

400 3682 545 3736 cum,
575 3682 686 3727 non
709 3665 939 3724 haberet
965 3675 1221 3724 naturam
1255 3664 1519 3734 divinam,
1550 3672 1607 3723 et
1652 3667 1735 3725 sic
1760 3679 1869 3723 non
1910 3675 2095 3739 posset
2120 3684 2242 3725 esse
2278 3684 2410 3743 per-

383 3772 553 3828 sona,
581 3764 682 3815 aut
701 3784 706 3833 1
723 3756 1040 3837 hypostasis
1065 3756 1288 3815 divina..
1306 3756 1586 3817 Processio
1614 3762 1799 3814 autem
1826 3755 1883 3813 in
1910 3756 2025 3836 Deo
2060 3756 2131 3814 ad
2167 3757 2409 3833 exterius

383 3862 513 3921 ..non
547 3846 845 3923 terminata
873 3862 984 3927 non
1024 3844 1406 3925 potestmccipi
1436 3845 1542 3903 nisi
1582 3853 1681 3905 aut
1708 3844 2017 3931 secundum
2034 3845 2409 3927 operationem

405 3931 744 4013 intellectus,
764 3942 926 4013 prout
945 3935 1203 4013 procedit
1234 3934 1485 4011 §terbum
1527 3949 1547 3992 r
1580 3934 1681 4017 aut
1706 3933 2010 3996 secundum
2034 3936 2408 4013 operationem
