<?xml version="1.0" encoding="UTF-8"?>
<!DOCTYPE html PUBLIC "-//W3C//DTD XHTML 1.0 Transitional//EN"
    "http://www.w3.org/TR/xhtml1/DTD/xhtml1-transitional.dtd">
<html xmlns="http://www.w3.org/1999/xhtml" xml:lang="en" lang="en">
 <head>
  <title>
</title>
<meta http-equiv="Content-Type" content="text/html;charset=utf-8" />
  <meta name='ocr-system' content='tesseract 3.04.00' />
  <meta name='ocr-capabilities' content='ocr_page ocr_carea ocr_par ocr_line ocrx_word'/>
</head>
<body>
  <div class='ocr_page' id='page_1' title='image "./sthomaquinatisd02thomgoog_0059.png"; bbox 0 0 2850 4517; ppageno 0'>
   <div class='ocr_carea' id='block_1_1' title="bbox 903 280 2405 373">
    <p class='ocr_par' dir='ltr' id='par_1_1' title="bbox 903 280 2405 373">
     <span class='ocr_line' id='line_1_1' title="bbox 903 280 2405 373; baseline 0.007 -12"><span class='ocrx_word' id='word_1_1' title='bbox 903 314 948 361; x_wconf 87' lang='lat'>1.</span> <span class='ocrx_word' id='word_1_2' title='bbox 981 333 1060 347; x_wconf 98' lang='lat'><strong>—</strong></span> <span class='ocrx_word' id='word_1_3' title='bbox 1088 312 1488 365; x_wconf 64' lang='lat' dir='ltr'>communium</span> <span class='ocrx_word' id='word_1_4' title='bbox 1528 280 1917 368; x_wconf 49' lang='lat' dir='ltr'>&#39;eunomiam&#39;</span> <span class='ocrx_word' id='word_1_5' title='bbox 2327 303 2405 373; x_wconf 81' lang='lat'>45</span> 
     </span>
    </p>
   </div>
   <div class='ocr_carea' id='block_1_2' title="bbox 397 430 2405 779">
    <p class='ocr_par' dir='ltr' id='par_1_2' title="bbox 397 430 2405 779">
     <span class='ocr_line' id='line_1_2' title="bbox 399 430 2403 517; baseline 0.004 -26"><span class='ocrx_word' id='word_1_6' title='bbox 399 432 604 493; x_wconf 88' lang='lat' dir='ltr'>tionem</span> <span class='ocrx_word' id='word_1_7' title='bbox 632 431 836 493; x_wconf 86' lang='lat' dir='ltr'>habere</span> <span class='ocrx_word' id='word_1_8' title='bbox 867 449 976 491; x_wconf 91' lang='lat' dir='ltr'>non</span> <span class='ocrx_word' id='word_1_9' title='bbox 1004 430 1228 507; x_wconf 83' lang='lat' dir='ltr'>p&#39;ossunt</span> <span class='ocrx_word' id='word_1_10' title='bbox 1262 434 1380 492; x_wconf 88' lang='lat' dir='ltr'>sine</span> <span class='ocrx_word' id='word_1_11' title='bbox 1420 451 1667 512; x_wconf 81' lang='lat' dir='ltr'>corpore.</span> <span class='ocrx_word' id='word_1_12' title='bbox 1697 438 1817 495; x_wconf 88' lang='lat' dir='ltr'>Non</span> <span class='ocrx_word' id='word_1_13' title='bbox 1856 439 1998 497; x_wconf 88' lang='lat' dir='ltr'>enim</span> <span class='ocrx_word' id='word_1_14' title='bbox 2032 439 2183 499; x_wconf 87' lang='lat' dir='ltr'>calor</span> <span class='ocrx_word' id='word_1_15' title='bbox 2218 458 2315 517; x_wconf 90' lang='lat' dir='ltr'>per</span> <span class='ocrx_word' id='word_1_16' title='bbox 2343 458 2403 500; x_wconf 84' lang='lat' dir='ltr'>se</span> 
     </span>
     <span class='ocr_line' id='line_1_3' title="bbox 398 520 2401 599; baseline 0.004 -18"><span class='ocrx_word' id='word_1_17' title='bbox 398 522 670 591; x_wconf 85' lang='lat' dir='ltr'>calefacit,</span> <span class='ocrx_word' id='word_1_18' title='bbox 707 520 803 580; x_wconf 87' lang='lat' dir='ltr'>sed</span> <span class='ocrx_word' id='word_1_19' title='bbox 841 538 1040 597; x_wconf 89' lang='lat' dir='ltr'>corpus</span> <span class='ocrx_word' id='word_1_20' title='bbox 1080 540 1176 598; x_wconf 90' lang='lat' dir='ltr'>per</span> <span class='ocrx_word' id='word_1_21' title='bbox 1202 523 1463 581; x_wconf 90' lang='lat' dir='ltr'>calorem.</span> <span class='ocrx_word' id='word_1_22' title='bbox 1494 526 1626 583; x_wconf 86' lang='lat' dir='ltr'>Haec</span> <span class='ocrx_word' id='word_1_23' title='bbox 1667 526 1833 599; x_wconf 88' lang='lat' dir='ltr'>igitur</span> <span class='ocrx_word' id='word_1_24' title='bbox 1870 528 2176 587; x_wconf 83' lang='lat' dir='ltr'>substantia</span> <span class='ocrx_word' id='word_1_25' title='bbox 2217 532 2401 590; x_wconf 85' lang='lat' dir='ltr'>incor-</span> 
     </span>
     <span class='ocr_line' id='line_1_4' title="bbox 397 612 2405 693; baseline 0.005 -23"><span class='ocrx_word' id='word_1_26' title='bbox 397 628 582 687; x_wconf 88' lang='lat' dir='ltr'>porea,</span> <span class='ocrx_word' id='word_1_27' title='bbox 610 628 707 687; x_wconf 90' lang='lat' dir='ltr'>per</span> <span class='ocrx_word' id='word_1_28' title='bbox 735 627 902 685; x_wconf 86' lang='lat' dir='ltr'>quam</span> <span class='ocrx_word' id='word_1_29' title='bbox 929 612 1092 669; x_wconf 90' lang='lat' dir='ltr'>homo</span> <span class='ocrx_word' id='word_1_30' title='bbox 1116 613 1390 693; x_wconf 83' lang='lat' dir='ltr'>intelligit,</span> <span class='ocrx_word' id='word_1_31' title='bbox 1416 619 1503 669; x_wconf 87' lang='lat' dir='ltr'>est</span> <span class='ocrx_word' id='word_1_32' title='bbox 1539 614 1724 672; x_wconf 83' lang='lat' dir='ltr'>infima</span> <span class='ocrx_word' id='word_1_33' title='bbox 1749 616 1805 673; x_wconf 90' lang='lat' dir='ltr'>iu</span> <span class='ocrx_word' id='word_1_34' title='bbox 1831 632 2029 690; x_wconf 87' lang='lat' dir='ltr'>genere</span> <span class='ocrx_word' id='word_1_35' title='bbox 2062 619 2405 681; x_wconf 83' lang='lat' dir='ltr'>substantia-</span> 
     </span>
     <span class='ocr_line' id='line_1_5' title="bbox 399 698 2207 779; baseline 0.004 -21"><span class='ocrx_word' id='word_1_36' title='bbox 399 717 519 759; x_wconf 89' lang='lat' dir='ltr'>rum</span> <span class='ocrx_word' id='word_1_37' title='bbox 544 700 1020 772; x_wconf 74' lang='lat' dir='ltr'>intellectualium,</span> <span class='ocrx_word' id='word_1_38' title='bbox 1045 698 1101 759; x_wconf 82' lang='lat' dir='ltr'>et</span> <span class='ocrx_word' id='word_1_39' title='bbox 1133 701 1366 759; x_wconf 83' lang='lat' dir='ltr'>maxime</span> <span class='ocrx_word' id='word_1_40' title='bbox 1393 703 1645 761; x_wconf 83' lang='lat' dir='ltr'>materiae</span> <span class='ocrx_word' id='word_1_41' title='bbox 1666 705 1994 779; x_wconf 88' lang='lat' dir='ltr'>propinqua.</span> <span class='ocrx_word' id='word_1_42' title='bbox 2201 722 2207 726; x_wconf 88' lang='lat'>·</span> 
     </span>
    </p>
   </div>
   <div class='ocr_carea' id='block_1_3' title="bbox 613 869 2181 1108">
    <p class='ocr_par' dir='ltr' id='par_1_3' title="bbox 613 869 2181 1108">
     <span class='ocr_line' id='line_1_6' title="bbox 1094 869 1706 942; baseline 0.003 -2"><span class='ocrx_word' id='word_1_43' title='bbox 1094 869 1378 941; x_wconf 86' lang='lat' dir='ltr'>CAPUT</span> <span class='ocrx_word' id='word_1_44' title='bbox 1423 874 1706 942; x_wconf 87' lang='lat' dir='ltr'>LXXX.</span> 
     </span>
     <span class='ocr_line' id='line_1_7' title="bbox 613 992 2181 1108; baseline 0.004 -32"><span class='ocrx_word' id='word_1_45' title='bbox 613 1014 707 1077; x_wconf 79' lang='lat' dir='ltr'>Do</span> <span class='ocrx_word' id='word_1_46' title='bbox 733 1012 1083 1094; x_wconf 74' lang='lat' dir='ltr'>differentia</span> <span class='ocrx_word' id='word_1_47' title='bbox 1108 1012 1471 1108; x_wconf 60' lang='lat' dir='ltr'>intellectus,</span> <span class='ocrx_word' id='word_1_48' title='bbox 1497 1020 1555 1078; x_wconf 78' lang='lat' dir='ltr'>et</span> <span class='ocrx_word' id='word_1_49' title='bbox 1580 1014 1751 1078; x_wconf 85' lang='lat' dir='ltr'>modo</span> <span class='ocrx_word' id='word_1_50' title='bbox 1780 992 2181 1099; x_wconf 53' lang='lat' dir='ltr'>inteiliqendi.</span> 
     </span>
    </p>
   </div>
   <div class='ocr_carea' id='block_1_4' title="bbox 368 1142 2402 2726">
    <p class='ocr_par' dir='ltr' id='par_1_4' title="bbox 368 1142 2402 2726">
     <span class='ocr_line' id='line_1_8' title="bbox 397 1142 2401 1222; baseline 0.004 -17"><span class='ocrx_word' id='word_1_51' title='bbox 397 1142 399 1145; x_wconf 42' lang='lat'><em>⁴</em></span> <span class='ocrx_word' id='word_1_52' title='bbox 467 1149 606 1206; x_wconf 89' lang='lat' dir='ltr'>Cum</span> <span class='ocrx_word' id='word_1_53' title='bbox 631 1151 816 1203; x_wconf 90' lang='lat' dir='ltr'>autem</span> <span class='ocrx_word' id='word_1_54' title='bbox 855 1162 974 1203; x_wconf 89' lang='lat' dir='ltr'>esse</span> <span class='ocrx_word' id='word_1_55' title='bbox 1010 1145 1352 1219; x_wconf 80' lang='lat' dir='ltr'>intelligibile</span> <span class='ocrx_word' id='word_1_56' title='bbox 1379 1146 1453 1205; x_wconf 91' lang='lat' dir='ltr'>sit</span> <span class='ocrx_word' id='word_1_57' title='bbox 1475 1164 1642 1222; x_wconf 85' lang='lat' dir='ltr'>supra</span> <span class='ocrx_word' id='word_1_58' title='bbox 1670 1164 1789 1206; x_wconf 88' lang='lat' dir='ltr'>esse</span> <span class='ocrx_word' id='word_1_59' title='bbox 1824 1151 2099 1219; x_wconf 79' lang='lat' dir='ltr'>sensibile,</span> <span class='ocrx_word' id='word_1_60' title='bbox 2132 1154 2275 1212; x_wconf 89' lang='lat' dir='ltr'>sicut</span> <span class='ocrx_word' id='word_1_61' title='bbox 2314 1159 2401 1213; x_wconf 88' lang='lat' dir='ltr'>in·-</span> 
     </span>
     <span class='ocr_line' id='line_1_9' title="bbox 398 1230 2402 1310; baseline 0.004 -17"><span class='ocrx_word' id='word_1_62' title='bbox 398 1236 650 1293; x_wconf 90' lang='lat' dir='ltr'>tellectus</span> <span class='ocrx_word' id='word_1_63' title='bbox 676 1250 841 1310; x_wconf 85' lang='lat' dir='ltr'>supra</span> <span class='ocrx_word' id='word_1_64' title='bbox 871 1250 1110 1305; x_wconf 90' lang='lat' dir='ltr'>sensum,</span> <span class='ocrx_word' id='word_1_65' title='bbox 1152 1251 1218 1293; x_wconf 87' lang='lat' dir='ltr'>ea</span> <span class='ocrx_word' id='word_1_66' title='bbox 1254 1242 1438 1293; x_wconf 84' lang='lat' dir='ltr'>autem</span> <span class='ocrx_word' id='word_1_67' title='bbox 1472 1253 1603 1309; x_wconf 16' lang='lat' dir='ltr'>*quae</span> <span class='ocrx_word' id='word_1_68' title='bbox 1642 1245 1767 1295; x_wconf 80' lang='lat' dir='ltr'>sunt</span> <span class='ocrx_word' id='word_1_69' title='bbox 1804 1230 2060 1297; x_wconf 79' lang='lat' dir='ltr'>inferiora</span> <span class='ocrx_word' id='word_1_70' title='bbox 2105 1243 2156 1297; x_wconf 91' lang='lat' dir='ltr'>in</span> <span class='ocrx_word' id='word_1_71' title='bbox 2184 1244 2402 1301; x_wconf 83' lang='lat' dir='ltr'>entibus</span> 
     </span>
     <span class='ocr_line' id='line_1_10' title="bbox 396 1322 2401 1399; baseline 0.004 -19"><span class='ocrx_word' id='word_1_72' title='bbox 396 1324 684 1381; x_wconf 82' lang='lat' dir='ltr'>imitantur</span> <span class='ocrx_word' id='word_1_73' title='bbox 713 1330 774 1378; x_wconf 91' lang='lat' dir='ltr'>ut</span> <span class='ocrx_word' id='word_1_74' title='bbox 803 1329 1029 1397; x_wconf 75' lang='lat' dir='ltr'>possunt</span> <span class='ocrx_word' id='word_1_75' title='bbox 1058 1322 1361 1395; x_wconf 84' lang='lat' dir='ltr'>superiora,</span> <span class='ocrx_word' id='word_1_76' title='bbox 1393 1325 1538 1381; x_wconf 88' lang='lat' dir='ltr'>sicut</span> <span class='ocrx_word' id='word_1_77' title='bbox 1570 1340 1800 1398; x_wconf 90' lang='lat' dir='ltr'>corpora</span> <span class='ocrx_word' id='word_1_78' title='bbox 1835 1328 2169 1399; x_wconf 82' lang='lat' dir='ltr'>generabilia</span> <span class='ocrx_word' id='word_1_79' title='bbox 2194 1337 2251 1385; x_wconf 88' lang='lat' dir='ltr'>et</span> <span class='ocrx_word' id='word_1_80' title='bbox 2274 1347 2401 1388; x_wconf 90' lang='lat' dir='ltr'>cor-</span> 
     </span>
     <span class='ocr_line' id='line_1_11' title="bbox 397 1411 2399 1495; baseline 0.004 -26"><span class='ocrx_word' id='word_1_81' title='bbox 397 1411 678 1486; x_wconf 82' lang='lat' dir='ltr'>ruptibilia</span> <span class='ocrx_word' id='word_1_82' title='bbox 703 1412 988 1469; x_wconf 86' lang='lat' dir='ltr'>imitantur</span> <span class='ocrx_word' id='word_1_83' title='bbox 1015 1412 1201 1486; x_wconf 89' lang='lat' dir='ltr'>aliquo</span> <span class='ocrx_word' id='word_1_84' title='bbox 1236 1412 1398 1470; x_wconf 88' lang='lat' dir='ltr'>modo</span> <span class='ocrx_word' id='word_1_85' title='bbox 1423 1411 1837 1472; x_wconf 84' lang='lat' dir='ltr'>circulationem</span> <span class='ocrx_word' id='word_1_86' title='bbox 1866 1416 2171 1475; x_wconf 81' lang='lat' dir='ltr'>coelestium</span> <span class='ocrx_word' id='word_1_87' title='bbox 2201 1435 2399 1495; x_wconf 89' lang='lat' dir='ltr'>corpo·</span> 
     </span>
     <span class='ocr_line' id='line_1_12' title="bbox 396 1501 2397 1577; baseline 0.004 -19"><span class='ocrx_word' id='word_1_88' title='bbox 396 1518 537 1569; x_wconf 90' lang='lat' dir='ltr'>rum,</span> <span class='ocrx_word' id='word_1_89' title='bbox 571 1516 794 1558; x_wconf 89' lang='lat' dir='ltr'>necesse</span> <span class='ocrx_word' id='word_1_90' title='bbox 821 1507 906 1557; x_wconf 89' lang='lat' dir='ltr'>est</span> <span class='ocrx_word' id='word_1_91' title='bbox 929 1508 986 1557; x_wconf 90' lang='lat' dir='ltr'>et</span> <span class='ocrx_word' id='word_1_92' title='bbox 1011 1502 1288 1558; x_wconf 86' lang='lat' dir='ltr'>sensibilia</span> <span class='ocrx_word' id='word_1_93' title='bbox 1316 1501 1749 1575; x_wconf 85' lang='lat' dir='ltr'>intelligibilibus</span> <span class='ocrx_word' id='word_1_94' title='bbox 1770 1520 1871 1564; x_wconf 86' lang='lat' dir='ltr'>suo</span> <span class='ocrx_word' id='word_1_95' title='bbox 1902 1505 2061 1563; x_wconf 90' lang='lat' dir='ltr'>modo</span> <span class='ocrx_word' id='word_1_96' title='bbox 2087 1507 2397 1577; x_wconf 82' lang='lat' dir='ltr'>assimilari,</span> 
     </span>
     <span class='ocr_line' id='line_1_13' title="bbox 394 1589 2399 1666; baseline 0.004 -19"><span class='ocrx_word' id='word_1_97' title='bbox 394 1597 452 1647; x_wconf 83' lang='lat' dir='ltr'>et</span> <span class='ocrx_word' id='word_1_98' title='bbox 476 1590 556 1647; x_wconf 73' lang='lat' dir='ltr'>sic</span> <span class='ocrx_word' id='word_1_99' title='bbox 584 1606 652 1647; x_wconf 82' lang='lat' dir='ltr'>ex</span> <span class='ocrx_word' id='word_1_100' title='bbox 675 1589 1033 1647; x_wconf 86' lang='lat' dir='ltr'>similitudine</span> <span class='ocrx_word' id='word_1_101' title='bbox 1056 1590 1392 1647; x_wconf 90' lang='lat' dir='ltr'>sensibilium</span> <span class='ocrx_word' id='word_1_102' title='bbox 1423 1597 1721 1665; x_wconf 88' lang='lat' dir='ltr'>utcumque</span> <span class='ocrx_word' id='word_1_103' title='bbox 1745 1608 2033 1666; x_wconf 80' lang='lat' dir='ltr'>possumus</span> <span class='ocrx_word' id='word_1_104' title='bbox 2058 1596 2315 1653; x_wconf 81' lang='lat' dir='ltr'>devenire</span> <span class='ocrx_word' id='word_1_105' title='bbox 2345 1598 2399 1655; x_wconf 91' lang='lat' dir='ltr'>in</span> 
     </span>
     <span class='ocr_line' id='line_1_14' title="bbox 395 1678 2399 1761; baseline 0.003 -25"><span class='ocrx_word' id='word_1_106' title='bbox 395 1679 652 1737; x_wconf 87' lang='lat' dir='ltr'>notitiam</span> <span class='ocrx_word' id='word_1_107' title='bbox 685 1678 1126 1751; x_wconf 71' lang='lat' dir='ltr'>intelligibilium.</span> <span class='ocrx_word' id='word_1_108' title='bbox 1158 1678 1254 1735; x_wconf 89' lang='lat' dir='ltr'>Est</span> <span class='ocrx_word' id='word_1_109' title='bbox 1297 1686 1481 1737; x_wconf 90' lang='lat' dir='ltr'>autem</span> <span class='ocrx_word' id='word_1_110' title='bbox 1520 1681 1575 1737; x_wconf 93' lang='lat' dir='ltr'>in</span> <span class='ocrx_word' id='word_1_111' title='bbox 1617 1681 1964 1740; x_wconf 86' lang='lat' dir='ltr'>sensibilibus</span> <span class='ocrx_word' id='word_1_112' title='bbox 2001 1684 2207 1758; x_wconf 87' lang='lat' dir='ltr'>aliquid</span> <span class='ocrx_word' id='word_1_113' title='bbox 2240 1687 2399 1761; x_wconf 77' lang='lat' dir='ltr'>quasi</span> 
     </span>
     <span class='ocr_line' id='line_1_15' title="bbox 395 1765 2398 1847; baseline 0.003 -24"><span class='ocrx_word' id='word_1_114' title='bbox 395 1782 712 1840; x_wconf 87' lang='lat' dir='ltr'>supremum</span> <span class='ocrx_word' id='word_1_115' title='bbox 737 1765 882 1839; x_wconf 87' lang='lat' dir='ltr'>quod</span> <span class='ocrx_word' id='word_1_116' title='bbox 911 1772 996 1822; x_wconf 78' lang='lat' dir='ltr'>est</span> <span class='ocrx_word' id='word_1_117' title='bbox 1019 1775 1174 1824; x_wconf 88' lang='lat' dir='ltr'>actus</span> <span class='ocrx_word' id='word_1_118' title='bbox 1203 1766 1412 1824; x_wconf 84' lang='lat' dir='ltr'>scilicet</span> <span class='ocrx_word' id='word_1_119' title='bbox 1435 1767 1629 1837; x_wconf 79' lang='lat' dir='ltr'>forma,</span> <span class='ocrx_word' id='word_1_120' title='bbox 1662 1775 1719 1825; x_wconf 88' lang='lat' dir='ltr'>et</span> <span class='ocrx_word' id='word_1_121' title='bbox 1746 1769 1951 1844; x_wconf 89' lang='lat' dir='ltr'>aliquid</span> <span class='ocrx_word' id='word_1_122' title='bbox 1980 1771 2225 1830; x_wconf 78' lang='lat' dir='ltr'>infimum</span> <span class='ocrx_word' id='word_1_123' title='bbox 2253 1773 2398 1847; x_wconf 89' lang='lat' dir='ltr'>quod</span> 
     </span>
     <span class='ocr_line' id='line_1_16' title="bbox 395 1854 2401 1931; baseline 0.004 -21"><span class='ocrx_word' id='word_1_124' title='bbox 395 1860 484 1910; x_wconf 84' lang='lat' dir='ltr'>est</span> <span class='ocrx_word' id='word_1_125' title='bbox 511 1854 756 1926; x_wconf 86' lang='lat' dir='ltr'>potentia</span> <span class='ocrx_word' id='word_1_126' title='bbox 785 1854 1012 1920; x_wconf 84' lang='lat' dir='ltr'>tantum,</span> <span class='ocrx_word' id='word_1_127' title='bbox 1043 1855 1252 1911; x_wconf 89' lang='lat' dir='ltr'>scilicet</span> <span class='ocrx_word' id='word_1_128' title='bbox 1281 1856 1533 1923; x_wconf 85' lang='lat' dir='ltr'>materia,</span> <span class='ocrx_word' id='word_1_129' title='bbox 1562 1863 1619 1913; x_wconf 92' lang='lat' dir='ltr'>et</span> <span class='ocrx_word' id='word_1_130' title='bbox 1654 1856 1862 1931; x_wconf 89' lang='lat' dir='ltr'>aliquid</span> <span class='ocrx_word' id='word_1_131' title='bbox 1902 1860 2161 1924; x_wconf 83' lang='lat' dir='ltr'>medium,</span> <span class='ocrx_word' id='word_1_132' title='bbox 2189 1860 2401 1918; x_wconf 85' lang='lat' dir='ltr'>scilicet</span> 
     </span>
     <span class='ocr_line' id='line_1_17' title="bbox 395 1936 2399 2019; baseline 0.001 -18"><span class='ocrx_word' id='word_1_133' title='bbox 395 1936 765 2016; x_wconf 87' lang='lat' dir='ltr'>compositum</span> <span class='ocrx_word' id='word_1_134' title='bbox 787 1958 854 1998; x_wconf 89' lang='lat' dir='ltr'>ex</span> <span class='ocrx_word' id='word_1_135' title='bbox 891 1944 1119 2001; x_wconf 87' lang='lat' dir='ltr'>materia</span> <span class='ocrx_word' id='word_1_136' title='bbox 1157 1950 1212 2000; x_wconf 91' lang='lat' dir='ltr'>et</span> <span class='ocrx_word' id='word_1_137' title='bbox 1246 1943 1417 2000; x_wconf 85' lang='lat' dir='ltr'>forma</span> <span class='ocrx_word' id='word_1_138' title='bbox 1446 1962 1461 1999; x_wconf 74' lang='grc' dir='ltr'>ε</span> <span class='ocrx_word' id='word_1_139' title='bbox 1490 1944 1571 2001; x_wconf 91' lang='lat' dir='ltr'>sic</span> <span class='ocrx_word' id='word_1_140' title='bbox 1612 1946 1779 2001; x_wconf 90' lang='lat' dir='ltr'>etiam</span> <span class='ocrx_word' id='word_1_141' title='bbox 1816 1946 1873 2001; x_wconf 90' lang='lat' dir='ltr'>in</span> <span class='ocrx_word' id='word_1_142' title='bbox 1915 1962 2034 2001; x_wconf 88' lang='lat' dir='ltr'>esse</span> <span class='ocrx_word' id='word_1_143' title='bbox 2074 1947 2399 2019; x_wconf 88' lang='lat' dir='ltr'>intelligibili</span> 
     </span>
     <span class='ocr_line' id='line_1_18' title="bbox 394 2029 2397 2107; baseline 0.001 -18"><span class='ocrx_word' id='word_1_144' title='bbox 394 2029 853 2089; x_wconf 81' lang='lat' dir='ltr'>considerandum</span> <span class='ocrx_word' id='word_1_145' title='bbox 877 2038 978 2087; x_wconf 81' lang='lat' dir='ltr'>est.</span> <span class='ocrx_word' id='word_1_146' title='bbox 1017 2032 1156 2089; x_wconf 88' lang='lat' dir='ltr'>Nam</span> <span class='ocrx_word' id='word_1_147' title='bbox 1195 2046 1511 2104; x_wconf 88' lang='lat' dir='ltr'>supremum</span> <span class='ocrx_word' id='word_1_148' title='bbox 1541 2031 1900 2105; x_wconf 87' lang='lat' dir='ltr'>intelligibile,</span> <span class='ocrx_word' id='word_1_149' title='bbox 1934 2033 2081 2107; x_wconf 87' lang='lat' dir='ltr'>quod</span> <span class='ocrx_word' id='word_1_150' title='bbox 2109 2040 2195 2090; x_wconf 85' lang='lat' dir='ltr'>est</span> <span class='ocrx_word' id='word_1_151' title='bbox 2231 2036 2397 2102; x_wconf 76' lang='lat' dir='ltr'>DeuS‚</span> 
     </span>
     <span class='ocr_line' id='line_1_19' title="bbox 368 2118 2400 2193; baseline 0.001 -17"><span class='ocrx_word' id='word_1_152' title='bbox 368 2126 478 2177; x_wconf 42' lang='lat' dir='ltr'>*est</span> <span class='ocrx_word' id='word_1_153' title='bbox 501 2127 660 2177; x_wconf 85' lang='lat' dir='ltr'>actus</span> <span class='ocrx_word' id='word_1_154' title='bbox 682 2134 869 2193; x_wconf 90' lang='lat' dir='ltr'>purus.</span> <span class='ocrx_word' id='word_1_155' title='bbox 895 2118 1230 2177; x_wconf 85' lang='lat' dir='ltr'>Substantiae</span> <span class='ocrx_word' id='word_1_156' title='bbox 1257 2136 1388 2175; x_wconf 85' lang='lat' dir='ltr'>vero</span> <span class='ocrx_word' id='word_1_157' title='bbox 1414 2119 1813 2177; x_wconf 81' lang='lat' dir='ltr'>intellectuales</span> <span class='ocrx_word' id='word_1_158' title='bbox 1838 2120 1961 2179; x_wconf 83' lang='lat' dir='ltr'>aliae</span> <span class='ocrx_word' id='word_1_159' title='bbox 1988 2129 2115 2177; x_wconf 85' lang='lat' dir='ltr'>sunt</span> <span class='ocrx_word' id='word_1_160' title='bbox 2138 2120 2400 2179; x_wconf 86' lang='lat' dir='ltr'>habentes</span> 
     </span>
     <span class='ocr_line' id='line_1_20' title="bbox 395 2207 2401 2283; baseline 0 -16"><span class='ocrx_word' id='word_1_161' title='bbox 395 2207 601 2282; x_wconf 88' lang='lat' dir='ltr'>aliquid</span> <span class='ocrx_word' id='word_1_162' title='bbox 628 2207 697 2264; x_wconf 91' lang='lat' dir='ltr'>de</span> <span class='ocrx_word' id='word_1_163' title='bbox 721 2214 848 2265; x_wconf 88' lang='lat' dir='ltr'>actu</span> <span class='ocrx_word' id='word_1_164' title='bbox 877 2215 932 2264; x_wconf 93' lang='lat' dir='ltr'>et</span> <span class='ocrx_word' id='word_1_165' title='bbox 955 2208 1024 2263; x_wconf 92' lang='lat' dir='ltr'>de</span> <span class='ocrx_word' id='word_1_166' title='bbox 1051 2207 1312 2279; x_wconf 86' lang='lat' dir='ltr'>potentia,</span> <span class='ocrx_word' id='word_1_167' title='bbox 1339 2209 1643 2265; x_wconf 89' lang='lat' dir='ltr'>secundum</span> <span class='ocrx_word' id='word_1_168' title='bbox 1664 2224 1783 2265; x_wconf 88' lang='lat' dir='ltr'>esse</span> <span class='ocrx_word' id='word_1_169' title='bbox 1808 2209 2185 2283; x_wconf 86' lang='lat' dir='ltr'>intelligibile:</span> <span class='ocrx_word' id='word_1_170' title='bbox 2214 2207 2401 2267; x_wconf 81' lang='lat' dir='ltr'>infima</span> 
     </span>
     <span class='ocr_line' id='line_1_21' title="bbox 395 2294 2402 2372; baseline 0.001 -19"><span class='ocrx_word' id='word_1_171' title='bbox 395 2312 525 2353; x_wconf 86' lang='lat' dir='ltr'>vero</span> <span class='ocrx_word' id='word_1_172' title='bbox 553 2294 1006 2353; x_wconf 86' lang='lat' dir='ltr'>intellectualium</span> <span class='ocrx_word' id='word_1_173' title='bbox 1029 2295 1463 2354; x_wconf 85' lang='lat' dir='ltr'>substantiarum</span> <span class='ocrx_word' id='word_1_174' title='bbox 1491 2314 1587 2370; x_wconf 88' lang='lat' dir='ltr'>per</span> <span class='ocrx_word' id='word_1_175' title='bbox 1615 2313 1781 2372; x_wconf 81' lang='lat' dir='ltr'>quam</span> <span class='ocrx_word' id='word_1_176' title='bbox 1813 2297 1974 2356; x_wconf 89' lang='lat' dir='ltr'>homo</span> <span class='ocrx_word' id='word_1_177' title='bbox 2011 2298 2285 2372; x_wconf 88' lang='lat' dir='ltr'>intelligit,</span> <span class='ocrx_word' id='word_1_178' title='bbox 2317 2308 2402 2357; x_wconf 78' lang='lat' dir='ltr'>est</span> 
     </span>
     <span class='ocr_line' id='line_1_22' title="bbox 394 2384 2401 2463; baseline 0.002 -22"><span class='ocrx_word' id='word_1_179' title='bbox 394 2385 550 2459; x_wconf 85' lang='lat' dir='ltr'>qu‘asi</span> <span class='ocrx_word' id='word_1_180' title='bbox 577 2384 633 2441; x_wconf 89' lang='lat' dir='ltr'>in</span> <span class='ocrx_word' id='word_1_181' title='bbox 663 2386 910 2458; x_wconf 86' lang='lat' dir='ltr'>potentia</span> <span class='ocrx_word' id='word_1_182' title='bbox 940 2390 1153 2443; x_wconf 85' lang='lat' dir='ltr'>tantum</span> <span class='ocrx_word' id='word_1_183' title='bbox 1181 2386 1234 2442; x_wconf 88' lang='lat' dir='ltr'>in</span> <span class='ocrx_word' id='word_1_184' title='bbox 1271 2400 1389 2442; x_wconf 86' lang='lat' dir='ltr'>esse</span> <span class='ocrx_word' id='word_1_185' title='bbox 1417 2385 1769 2463; x_wconf 80' lang='lat' dir='ltr'>intelligibili.</span> <span class='ocrx_word' id='word_1_186' title='bbox 1797 2388 1936 2443; x_wconf 81' lang='lat' dir='ltr'>Huic</span> <span class='ocrx_word' id='word_1_187' title='bbox 1973 2388 2140 2445; x_wconf 88' lang='lat' dir='ltr'>etiam</span> <span class='ocrx_word' id='word_1_188' title='bbox 2169 2394 2401 2445; x_wconf 87' lang='lat' dir='ltr'>attesta-</span> 
     </span>
     <span class='ocr_line' id='line_1_23' title="bbox 393 2472 2397 2551; baseline 0.002 -22"><span class='ocrx_word' id='word_1_189' title='bbox 393 2479 502 2542; x_wconf 84' lang='lat' dir='ltr'>tur,</span> <span class='ocrx_word' id='word_1_190' title='bbox 530 2472 681 2546; x_wconf 86' lang='lat' dir='ltr'>quod</span> <span class='ocrx_word' id='word_1_191' title='bbox 705 2472 865 2530; x_wconf 89' lang='lat' dir='ltr'>homo</span> <span class='ocrx_word' id='word_1_192' title='bbox 890 2473 1164 2531; x_wconf 87' lang='lat' dir='ltr'>invenitur</span> <span class='ocrx_word' id='word_1_193' title='bbox 1199 2489 1232 2531; x_wconf 86' lang='lat' dir='ltr'>a</span> <span class='ocrx_word' id='word_1_194' title='bbox 1257 2474 1526 2548; x_wconf 90' lang='lat' dir='ltr'>principio</span> <span class='ocrx_word' id='word_1_195' title='bbox 1551 2475 1797 2547; x_wconf 89' lang='lat' dir='ltr'>potentia</span> <span class='ocrx_word' id='word_1_196' title='bbox 1827 2482 2040 2533; x_wconf 89' lang='lat' dir='ltr'>tantum</span> <span class='ocrx_word' id='word_1_197' title='bbox 2067 2477 2397 2551; x_wconf 87' lang='lat' dir='ltr'>intelligens,</span> 
     </span>
     <span class='ocr_line' id='line_1_24' title="bbox 394 2561 2402 2639; baseline 0.001 -20"><span class='ocrx_word' id='word_1_198' title='bbox 394 2568 450 2619; x_wconf 87' lang='lat' dir='ltr'>et</span> <span class='ocrx_word' id='word_1_199' title='bbox 473 2561 821 2635; x_wconf 84' lang='lat' dir='ltr'>postmodum</span> <span class='ocrx_word' id='word_1_200' title='bbox 850 2562 1118 2636; x_wconf 88' lang='lat' dir='ltr'>paulatim</span> <span class='ocrx_word' id='word_1_201' title='bbox 1145 2562 1425 2620; x_wconf 81' lang='lat' dir='ltr'>reducitur</span> <span class='ocrx_word' id='word_1_202' title='bbox 1453 2564 1509 2619; x_wconf 92' lang='lat' dir='ltr'>in</span> <span class='ocrx_word' id='word_1_203' title='bbox 1534 2572 1681 2632; x_wconf 83' lang='lat' dir='ltr'>actu,</span> <span class='ocrx_word' id='word_1_204' title='bbox 1712 2572 1767 2621; x_wconf 85' lang='lat' dir='ltr'>et</span> <span class='ocrx_word' id='word_1_205' title='bbox 1792 2564 1919 2622; x_wconf 92' lang='lat' dir='ltr'>inde</span> <span class='ocrx_word' id='word_1_206' title='bbox 1942 2565 2194 2639; x_wconf 84' lang='lat' dir='ltr'>estquod</span> <span class='ocrx_word' id='word_1_207' title='bbox 2219 2565 2276 2621; x_wconf 92' lang='lat' dir='ltr'>id</span> <span class='ocrx_word' id='word_1_208' title='bbox 2304 2582 2402 2638; x_wconf 88' lang='lat' dir='ltr'>per</span> 
     </span>
     <span class='ocr_line' id='line_1_25' title="bbox 394 2649 1954 2726; baseline 0.003 -19"><span class='ocrx_word' id='word_1_209' title='bbox 394 2649 544 2722; x_wconf 88' lang='lat' dir='ltr'>quod</span> <span class='ocrx_word' id='word_1_210' title='bbox 570 2649 732 2707; x_wconf 89' lang='lat' dir='ltr'>bomo</span> <span class='ocrx_word' id='word_1_211' title='bbox 761 2649 1037 2723; x_wconf 85' lang='lat' dir='ltr'>intelligit,</span> <span class='ocrx_word' id='word_1_212' title='bbox 1071 2659 1298 2709; x_wconf 87' lang='lat' dir='ltr'>vocatur</span> <span class='ocrx_word' id='word_1_213' title='bbox 1322 2651 1633 2710; x_wconf 86' lang='lat' dir='ltr'>intellectus</span> <span class='ocrx_word' id='word_1_214' title='bbox 1657 2653 1954 2726; x_wconf 80' lang='lat' dir='ltr'>possibilis·</span> 
     </span>
    </p>
   </div>
   <div class='ocr_carea' id='block_1_5' title="bbox 985 2796 1722 2890">
    <p class='ocr_par' dir='ltr' id='par_1_5' title="bbox 985 2796 1722 2890">
     <span class='ocr_line' id='line_1_26' title="bbox 985 2796 1722 2890; baseline -0.003 0"><span class='ocrx_word' id='word_1_215' title='bbox 985 2886 988 2890; x_wconf 85' lang='grc'><em>,</em></span> <span class='ocrx_word' id='word_1_216' title='bbox 1077 2796 1362 2890; x_wconf 80' lang='lat' dir='ltr'>CAPUT</span> <span class='ocrx_word' id='word_1_217' title='bbox 1407 2820 1722 2889; x_wconf 81' lang='lat' dir='ltr'><strong>Lxxx1.</strong></span> 
     </span>
    </p>
   </div>
   <div class='ocr_carea' id='block_1_6' title="bbox 523 2960 2377 3132">
    <p class='ocr_par' dir='ltr' id='par_1_6' title="bbox 523 2960 2377 3132">
     <span class='ocr_line' id='line_1_27' title="bbox 523 2960 2377 3045; baseline -0.001 -16"><span class='ocrx_word' id='word_1_218' title='bbox 523 2960 702 3041; x_wconf 72' lang='lat' dir='ltr'>Quod</span> <span class='ocrx_word' id='word_1_219' title='bbox 726 2961 1068 3027; x_wconf 72' lang='lat' dir='ltr'>intellectus</span> <span class='ocrx_word' id='word_1_220' title='bbox 1097 2962 1412 3041; x_wconf 75' lang='lat' dir='ltr'>possibilis</span> <span class='ocrx_word' id='word_1_221' title='bbox 1439 2960 1507 3024; x_wconf 78' lang='lat' dir='ltr'>in</span> <span class='ocrx_word' id='word_1_222' title='bbox 1532 2960 1763 3025; x_wconf 69' lang='lat' dir='ltr'>homine</span> <span class='ocrx_word' id='word_1_223' title='bbox 1789 2960 2015 3042; x_wconf 76' lang='lat' dir='ltr'>accipit</span> <span class='ocrx_word' id='word_1_224' title='bbox 2049 2964 2279 3043; x_wconf 70' lang='lat' dir='ltr'>formas</span> <span class='ocrx_word' id='word_1_225' title='bbox 2374 3042 2377 3045; x_wconf 68' lang='lat'><strong>.</strong></span> 
     </span>
     <span class='ocr_line' id='line_1_28' title="bbox 832 3049 1961 3132; baseline 0.002 -19"><span class='ocrx_word' id='word_1_226' title='bbox 832 3050 1246 3132; x_wconf 56' lang='lat' dir='ltr'>intelligibiles</span> <span class='ocrx_word' id='word_1_227' title='bbox 1273 3068 1313 3114; x_wconf 82' lang='lat' dir='ltr'><em>a</em></span> <span class='ocrx_word' id='word_1_228' title='bbox 1347 3049 1523 3116; x_wconf 73' lang='lat' dir='ltr'>rebus</span> <span class='ocrx_word' id='word_1_229' title='bbox 1561 3050 1961 3115; x_wconf 72' lang='lat' dir='ltr'>sensibilibus.</span> 
     </span>
    </p>
   </div>
   <div class='ocr_carea' id='block_1_7' title="bbox 393 3170 2405 3703">
    <p class='ocr_par' dir='ltr' id='par_1_7' title="bbox 393 3170 2405 3703">
     <span class='ocr_line' id='line_1_29' title="bbox 465 3170 2401 3256; baseline 0.001 -18"><span class='ocrx_word' id='word_1_230' title='bbox 465 3182 608 3255; x_wconf 87' lang='lat' dir='ltr'>Quia</span> <span class='ocrx_word' id='word_1_231' title='bbox 646 3196 796 3251; x_wconf 84' lang='lat' dir='ltr'>vero,</span> <span class='ocrx_word' id='word_1_232' title='bbox 824 3188 886 3239; x_wconf 90' lang='lat' dir='ltr'>ut</span> <span class='ocrx_word' id='word_1_233' title='bbox 927 3182 1136 3240; x_wconf 89' lang='lat' dir='ltr'>dictum</span> <span class='ocrx_word' id='word_1_234' title='bbox 1169 3170 1273 3252; x_wconf 83' lang='lat' dir='ltr'>est,</span> <span class='ocrx_word' id='word_1_235' title='bbox 1301 3188 1509 3256; x_wconf 89' lang='lat' dir='ltr'>quanto</span> <span class='ocrx_word' id='word_1_236' title='bbox 1542 3184 1850 3240; x_wconf 86' lang='lat' dir='ltr'>substantia</span> <span class='ocrx_word' id='word_1_237' title='bbox 1892 3181 2279 3243; x_wconf 87' lang='lat' dir='ltr'>intellectualis</span> <span class='ocrx_word' id='word_1_238' title='bbox 2317 3190 2401 3243; x_wconf 87' lang='lat' dir='ltr'>est</span> 
     </span>
     <span class='ocr_line' id='line_1_30' title="bbox 399 3262 2403 3349; baseline 0.001 -20"><span class='ocrx_word' id='word_1_239' title='bbox 399 3271 578 3338; x_wconf 85' lang='lat' dir='ltr'>altior,</span> <span class='ocrx_word' id='word_1_240' title='bbox 611 3276 765 3328; x_wconf 88' lang='lat' dir='ltr'>tanto</span> <span class='ocrx_word' id='word_1_241' title='bbox 795 3270 998 3328; x_wconf 75' lang='lat' dir='ltr'>formas</span> <span class='ocrx_word' id='word_1_242' title='bbox 1023 3270 1391 3343; x_wconf 87' lang='lat' dir='ltr'>intelligibiles</span> <span class='ocrx_word' id='word_1_243' title='bbox 1409 3262 1831 3329; x_wconf 79' lang='lat' dir='ltr'>universaliores</span> <span class='ocrx_word' id='word_1_244' title='bbox 1853 3272 2036 3341; x_wconf 89' lang='lat' dir='ltr'>babet,</span> <span class='ocrx_word' id='word_1_245' title='bbox 2063 3288 2403 3349; x_wconf 87' lang='lat' dir='ltr'>consequens</span> 
     </span>
     <span class='ocr_line' id='line_1_31' title="bbox 395 3358 2404 3435; baseline 0 -17"><span class='ocrx_word' id='word_1_246' title='bbox 395 3366 481 3418; x_wconf 84' lang='lat' dir='ltr'>est</span> <span class='ocrx_word' id='word_1_247' title='bbox 507 3368 570 3416; x_wconf 89' lang='lat' dir='ltr'>ut</span> <span class='ocrx_word' id='word_1_248' title='bbox 596 3358 912 3416; x_wconf 89' lang='lat' dir='ltr'>intellectus</span> <span class='ocrx_word' id='word_1_249' title='bbox 938 3358 1228 3427; x_wconf 86' lang='lat' dir='ltr'>humanus,</span> <span class='ocrx_word' id='word_1_250' title='bbox 1262 3376 1424 3434; x_wconf 89' lang='lat' dir='ltr'>quem</span> <span class='ocrx_word' id='word_1_251' title='bbox 1454 3360 1770 3435; x_wconf 85' lang='lat' dir='ltr'>possibilem</span> <span class='ocrx_word' id='word_1_252' title='bbox 1806 3362 2062 3429; x_wconf 88' lang='lat' dir='ltr'>diximus,</span> <span class='ocrx_word' id='word_1_253' title='bbox 2090 3362 2235 3421; x_wconf 88' lang='lat' dir='ltr'>inter</span> <span class='ocrx_word' id='word_1_254' title='bbox 2266 3362 2404 3421; x_wconf 82' lang='lat' dir='ltr'>alias</span> 
     </span>
     <span class='ocr_line' id='line_1_32' title="bbox 394 3438 2405 3520; baseline 0.002 -15"><span class='ocrx_word' id='word_1_255' title='bbox 394 3448 797 3511; x_wconf 85' lang='lat' dir='ltr'>intellectuales</span> <span class='ocrx_word' id='word_1_256' title='bbox 846 3438 1184 3505; x_wconf 86' lang='lat' dir='ltr'>substantias</span> <span class='ocrx_word' id='word_1_257' title='bbox 1224 3448 1427 3506; x_wconf 79' lang='lat' dir='ltr'>formas</span> <span class='ocrx_word' id='word_1_258' title='bbox 1470 3449 1671 3507; x_wconf 87' lang='lat' dir='ltr'>babeat</span> <span class='ocrx_word' id='word_1_259' title='bbox 1720 3450 1898 3506; x_wconf 90' lang='lat' dir='ltr'>minus</span> <span class='ocrx_word' id='word_1_260' title='bbox 1942 3441 2299 3520; x_wconf 79' lang='lat' dir='ltr'>universales,</span> <span class='ocrx_word' id='word_1_261' title='bbox 2348 3458 2405 3509; x_wconf 89' lang='lat' dir='ltr'>et</span> 
     </span>
     <span class='ocr_line' id='line_1_33' title="bbox 394 3534 2399 3615; baseline 0 -20"><span class='ocrx_word' id='word_1_262' title='bbox 394 3536 521 3595; x_wconf 87' lang='lat' dir='ltr'>inde</span> <span class='ocrx_word' id='word_1_263' title='bbox 547 3543 633 3595; x_wconf 84' lang='lat' dir='ltr'>est</span> <span class='ocrx_word' id='word_1_264' title='bbox 675 3537 827 3611; x_wconf 86' lang='lat' dir='ltr'>quod</span> <span class='ocrx_word' id='word_1_265' title='bbox 863 3536 1068 3595; x_wconf 79' lang='lat' dir='ltr'>formas</span> <span class='ocrx_word' id='word_1_266' title='bbox 1103 3537 1474 3615; x_wconf 77' lang='lat' dir='ltr'>intelligibiles</span> <span class='ocrx_word' id='word_1_267' title='bbox 1510 3556 1541 3596; x_wconf 85' lang='lat' dir='ltr'>a</span> <span class='ocrx_word' id='word_1_268' title='bbox 1590 3538 1748 3597; x_wconf 73' lang='lat' dir='ltr'>rebus</span> <span class='ocrx_word' id='word_1_269' title='bbox 1786 3538 2132 3599; x_wconf 88' lang='lat' dir='ltr'>sensibilibus</span> <span class='ocrx_word' id='word_1_270' title='bbox 2178 3534 2399 3614; x_wconf 85' lang='lat' dir='ltr'>accipit.</span> 
     </span>
     <span class='ocr_line' id='line_1_34' title="bbox 393 3618 2405 3703; baseline 0.001 -20"><span class='ocrx_word' id='word_1_271' title='bbox 393 3627 511 3684; x_wconf 85' lang='lat' dir='ltr'>Hoc</span> <span class='ocrx_word' id='word_1_272' title='bbox 551 3626 724 3683; x_wconf 89' lang='lat' dir='ltr'>etiam</span> <span class='ocrx_word' id='word_1_273' title='bbox 763 3624 942 3691; x_wconf 69' lang='lat' dir='ltr'>alitor,</span> <span class='ocrx_word' id='word_1_274' title='bbox 965 3626 1332 3685; x_wconf 85' lang='lat' dir='ltr'>consideranti</span> <span class='ocrx_word' id='word_1_275' title='bbox 1379 3618 1730 3703; x_wconf 78' lang='lat' dir='ltr'>manifestum</span> <span class='ocrx_word' id='word_1_276' title='bbox 1770 3642 1891 3685; x_wconf 89' lang='lat' dir='ltr'>esse</span> <span class='ocrx_word' id='word_1_277' title='bbox 1930 3636 2134 3703; x_wconf 81' lang='lat' dir='ltr'>potest.</span> <span class='ocrx_word' id='word_1_278' title='bbox 2174 3629 2405 3701; x_wconf 88' lang='lat' dir='ltr'>Oportet</span> 
     </span>
    </p>
   </div>
   <div class='ocr_carea' id='block_1_8' title="bbox 276 3712 2408 3798">
    <p class='ocr_par' dir='ltr' id='par_1_8' title="bbox 276 3712 2408 3798">
     <span class='ocr_line' id='line_1_35' title="bbox 276 3712 2408 3798; baseline 0 -28"><span class='ocrx_word' id='word_1_279' title='bbox 276 3775 285 3783; x_wconf 65' lang='grc'>,</span> <span class='ocrx_word' id='word_1_280' title='bbox 395 3714 541 3771; x_wconf 89' lang='lat' dir='ltr'>enim</span> <span class='ocrx_word' id='word_1_281' title='bbox 568 3712 802 3780; x_wconf 79' lang='lat' dir='ltr'>formam</span> <span class='ocrx_word' id='word_1_282' title='bbox 826 3730 948 3787; x_wconf 83' lang='lat' dir='ltr'>esse</span> <span class='ocrx_word' id='word_1_283' title='bbox 985 3716 1451 3798; x_wconf 79' lang='lat' dir='ltr'>proportionatam</span> <span class='ocrx_word' id='word_1_284' title='bbox 1481 3716 1837 3789; x_wconf 88' lang='lat' dir='ltr'>susceptibili.</span> <span class='ocrx_word' id='word_1_285' title='bbox 1862 3716 2017 3774; x_wconf 86' lang='lat' dir='ltr'>Sicut</span> <span class='ocrx_word' id='word_1_286' title='bbox 2042 3715 2210 3788; x_wconf 87' lang='lat' dir='ltr'>igitur</span> <span class='ocrx_word' id='word_1_287' title='bbox 2238 3714 2408 3771; x_wconf 89' lang='lat' dir='ltr'>intel·</span> 
     </span>
    </p>
   </div>
   <div class='ocr_carea' id='block_1_9' title="bbox 392 3802 2471 3976">
    <p class='ocr_par' dir='ltr' id='par_1_9' title="bbox 392 3802 2471 3976">
     <span class='ocr_line' id='line_1_36' title="bbox 397 3802 2406 3877; baseline 0.001 -20"><span class='ocrx_word' id='word_1_288' title='bbox 397 3802 570 3872; x_wconf 80' lang='lat' dir='ltr'>lectus</span> <span class='ocrx_word' id='word_1_289' title='bbox 602 3802 880 3877; x_wconf 88' lang='lat' dir='ltr'>possibilis</span> <span class='ocrx_word' id='word_1_290' title='bbox 913 3802 1184 3875; x_wconf 84' lang='lat' dir='ltr'>humanus</span> <span class='ocrx_word' id='word_1_291' title='bbox 1220 3804 1362 3861; x_wconf 88' lang='lat' dir='ltr'>inter</span> <span class='ocrx_word' id='word_1_292' title='bbox 1395 3819 1585 3861; x_wconf 88' lang='lat' dir='ltr'>omnes</span> <span class='ocrx_word' id='word_1_293' title='bbox 1619 3804 1971 3877; x_wconf 47' lang='lat' dir='ltr'>substantias*</span> <span class='ocrx_word' id='word_1_294' title='bbox 2008 3803 2406 3862; x_wconf 84' lang='lat' dir='ltr'>intellectuales</span> 
     </span>
     <span class='ocr_line' id='line_1_37' title="bbox 392 3890 2471 3976; baseline 0.001 -28"><span class='ocrx_word' id='word_1_295' title='bbox 392 3891 756 3976; x_wconf 77' lang='lat' dir='ltr'>propinquior</span> <span class='ocrx_word' id='word_1_296' title='bbox 795 3891 1076 3953; x_wconf 85' lang='lat' dir='ltr'>iuvenitur</span> <span class='ocrx_word' id='word_1_297' title='bbox 1114 3891 1363 3952; x_wconf 67' lang='lat' dir='ltr'>materiae</span> <span class='ocrx_word' id='word_1_298' title='bbox 1405 3891 1697 3968; x_wconf 81' lang='lat' dir='ltr'>corporali,</span> <span class='ocrx_word' id='word_1_299' title='bbox 1745 3893 1825 3954; x_wconf 81' lang='lat' dir='ltr'>ita</span> <span class='ocrx_word' id='word_1_300' title='bbox 1865 3904 2089 3953; x_wconf 82' lang='lat' dir='ltr'>necesse</span> <span class='ocrx_word' id='word_1_301' title='bbox 2128 3899 2219 3956; x_wconf 80' lang='lat' dir='ltr'>est</span> <span class='ocrx_word' id='word_1_302' title='bbox 2258 3890 2407 3971; x_wconf 83' lang='lat' dir='ltr'>quod</span> <span class='ocrx_word' id='word_1_303' title='bbox 2466 3963 2471 3967; x_wconf 21' lang='lat'>¹</span> 
     </span>
    </p>
   </div>
  </div>
 </body>
</html>
