2850 4517
969 558 976 565 .
1319 494 1389 575 X

489 672 917 761 CONTRA
1005 676 1505 762 ERRORES
1594 681 2219 769 GRAECORUM

661 848 751 917 Al>
791 846 1116 916 mmm!
1155 850 1229 915 tv
1271 850 1674 959 pemmoni
1728 856 2041 925 mutu!

1015 992 1122 1059 (fla.
1152 995 1284 1045 Rom.
1319 996 1604 1059 manentum
1628 995 1691 1061 Ι.)

417 1291 683 1353 Libellum
724 1294 796 1352 ab
832 1292 1167 1353 Excellentia
1203 1286 1404 1355 Vestra
1455 1296 1589 1357 mihi
1636 1300 1957 1375 exhibitum,
2004 1311 2353 1371 sanctissime

348 1392 504 1459 pater
518 1384 735 1443 Urbane
754 1386 920 1463 Papa,
937 1384 1229 1459 diligenter
1253 1385 1479 1459 perlegi,
1502 1387 1559 1443 in
1582 1405 1691 1461 quo
1720 1389 1900 1449 inveni
1931 1412 2095 1468 quam
2118 1399 2355 1471 plurima

346 1474 416 1531 ad
442 1481 643 1533 nostrae
668 1473 792 1532 fidei
822 1473 1180 1533 assertionem
1203 1469 1364 1530 'utilia
1399 1483 1457 1531 et
1486 1492 1762 1551 expressa.
1790 1482 2143 1543 Consideravi
2169 1495 2354 1549 autem

345 1562 492 1635 quod
516 1562 635 1635 ejus
657 1561 869 1620 fructus
895 1568 1082 1635 posset
1109 1561 1256 1635 apud
1279 1560 1552 1637 plurimos
1574 1564 1827 1641 impediri
1852 1579 2074 1645 propter
2098 1578 2354 1649 quaedflm

345 1651 402 1707 in
439 1651 864 1709 auctoritatibus
897 1658 1216 1709 sanctorum
1256 1652 1482 1709 Petrum
1525 1663 1807 1725 contenta,
1853 1676 1981 1734 quae
2024 1662 2208 1743 dubia¹
2232 1684 2354 1727 esse

343 1720 620 1806 videntur,
649 1746 706 1797 et
725 1739 869 1815 unde
892 1745 1117 1814 possent
1153 1741 1445 1798 materiam
1475 1742 1786 1803 ministrare
1826 1762 2075 1807 errorum
2118 1762 2175 1811 et
2206 1772 2353 1813 eon-

346 1827 611 1886 tentionis
629 1828 763 1885 dare
790 1828 1137 1885 occasionem
1165 1834 1222 1885 et
1249 1829 1559 1889 calumnias.
1588 1832 1657 1889 Bt
1684 1832 1809 1892 ideo
1848 1844 1907 1893 ut
1950 1852 2161 1899 remota
2202 1846 2351 1903 omni

346 1906 708 1987 ambiguitate
733 1932 804 1973 ex
831 1916 1256 1981 auctoritatibus
1283 1918 1340 1975 in
1360 1920 1625 1993 praedicto
1662 1920 1845 1981 libello
1880 1920 2175 2003 contentis,
2204 1950 2352 1994 veroe

345 2002 474 2063 fidei
500 2002 712 2062 fructus
738 2004 1064 2078 purissimus
1102 2004 1372 2079 capiatur,
1407 2012 1664 2083 proposui
1694 2013 1871 2086 primo
1908 2031 1977 2075 ea
2016 2035 2147 2092 quae
2184 2021 2351 2082 dubia

344 2109 466 2151 esse
493 2093 769 2161 videntur,
799 2094 858 2152 in
893 2094 1316 2154 auctoritatibus
1357 2098 1638 2171 praedictis
1684 2117 1973 2177 exponere,
2000 2115 2059 2164 et
2102 2117 2353 2183 postmo-

345 2181 475 2238 dum
504 2182 791 2240 ostendere
815 2183 1091 2256 quomodo
1118 2200 1185 2240 ex
1230 2184 1311 2241 eis
1352 2186 1559 2264 veritas
1582 2188 1869 2249 catholicae
1898 2194 2023 2250 fidei
2062 2202 2118 2253 et
2146 2198 2353 2260 docea-

345 2277 453 2338 tur,
477 2276 535 2328 et
550 2270 895 2330 defendatur.
928 2272 1086 2343 Quod
1115 2272 1300 2332 ‘autem
1327 2274 1516 2349 aliqua
1557 2278 1615 2334 in
1653 2279 1817 2337 dictis
1856 2296 2159 2355 graecorum
2200 2292 2351 2349 anti..

344 2374 575 2433 quorum
603 2360 930 2418 Sanctorum
957 2361 1326 2434 inveniantur,
1357 2381 1485 2438 quae
1520 2365 1794 2426 modernis
1820 2370 1987 2431 dubia
2010 2392 2131 2434 esse
2154 2379 2351 2437 viden-

345 2453 453 2517 tur,
477 2463 547 2505 ex
586 2449 802 2509 duobus
834 2450 1051 2509 aestimo
1095 2452 1408 2527 provenire.
1454 2454 1636 2512 Primo
1680 2458 1924 2533 quidem,
1960 2464 2091 2537 quia
2136 2484 2351 2529 errores

343 2537 492 2594 circa
513 2536 678 2595 fidem
701 2542 897 2607 exorti,
927 2541 1276 2599 occasionem
1311 2542 1583 2601 dederunt
1606 2550 1815 2606 sanctis
1840 2548 2100 2613 Ecclesiae
2138 2559 2347 2619 Docto-

341 2624 514 2692 ribus,
541 2630 604 2679 ut
629 2640 696 2681 ea
724 2642 850 2698 quae
871 2636 1001 2685 sunt
1040 2628 1170 2686 fidei
1204 2630 1402 2702 majori
1438 2632 1929 2709 circumspectione
1964 2642 2247 2707 traderent
2272 2652 2342 2708 ad

341 2710 705 2769 eliminandos
743 2727 958 2769 errores
1003 2721 1242 2782 exortos,
1278 2716 1424 2774 sicut
1458 2708 1611 2791 patet
1655 2724 1802 2795 quod
1842 2728 2017 2785 sancti
2054 2731 2339 2807 Doctores,

342 2798 440 2875 qui
479 2797 700 2856 fuerunt
739 2802 870 2857 ante
895 2815 1138 2860 errorem
1169 2801 1306 2872 Arii,
1338 2818 1447 2862 non
1488 2806 1569 2865 ita
1605 2824 1861 2882 expresse
1900 2812 2070 2873 locuti
2106 2831 2235 2879 sum,
2274 2826 2344 2883 d,

343 2888 556 2946 unitate
585 2886 788 2947 divinae
829 2890 1104 2959 essentiae,
1129 2891 1275 2950 sicut
1302 2893 1569 2951 Doctores
1604 2906 1899 2971 sequentes
1927 2911 2025 2961 :et
2068 2907 2247 2967 simile
2273 2914 2343 2972 do

344 2975 467 3034 aliis
493 2977 764 3051 contingit
785 2978 1083 3049 erroribus,
1113 2980 1261 3055 quod
1298 2996 1410 3039 non
1432 2982 1611 3045 solum
1637 2986 1694 3043 in
1732 2987 1965 3055 diversis
1996 2993 2341 3070 Doctoribus,

343 3065 440 3122 sed
467 3065 524 3121 in
547 3081 657 3122 uno
681 3066 901 3141 egregio
933 3067 1222 3127 doctorum
1261 3070 1520 3145 Augusti.
1544 3090 1799 3149 expresse
1843 3089 2090 3154 apparet.
2120 3086 2259 3145 Nam
2286 3092 2342 3148 in

341 3154 458 3210 suis
481 3152 655 3223 libris,
686 3171 825 3228 quos
847 3164 971 3230 post
998 3164 1244 3217 exortam
1271 3158 1686 3235 Pelagianorum
1714 3165 1967 3227 haeresim
1990 3173 2181 3244 edidit,
2208 3194 2346 3237 cau-

344 3241 454 3299 tius
478 3241 694 3300 locutus
717 3250 803 3303 est
825 3244 896 3303 de
926 3252 1204 3319 potestate
1233 3247 1394 3307 liberi
1432 3250 1669 3323 arbitrii,
1699 3271 1866 3327 quam
1900 3258 1959 3317 in
2006 3260 2163 3322 libris
2204 3285 2345 3340 quos

344 3330 515 3391 edidit
539 3338 668 3387 ante
691 3332 973 3406 praedictae
993 3334 1222 3393 haeresis
1248 3345 1453 3408 ortum,
1483 3340 1540 3399 in
1562 3341 1765 3415 quibus
1790 3344 2100 3409 libertatem
2127 3355 2340 3416 arbitrii

343 3425 536 3477 contra
578 3421 909 3480 Manichaeos
952 3422 1272 3493 defendens,
1298 3428 1485 3501 aliqua
1522 3433 1751 3503 protulit
1790 3452 1918 3508 quae
1952 3438 2117 3499 insui
2146 3444 2343 3503 defen-

343 3507 551 3565 sionem
578 3510 783 3567 erroris
808 3522 1226 3585 assumpserunt
1259 3514 1557 3591 Pelagiani‚
1584 3520 1788 3583 divinoe
1812 3526 2011 3597 gratiae
2042 3530 2349 3592 adversan-

343 3600 450 3651 tes.
476 3594 546 3651 Et
575 3595 702 3653 ideo
724 3612 832 3654 non
859 3607 946 3657 eet
973 3598 1192 3670 mirum,
1219 3601 1269 3659 si
1295 3606 1542 3663 moderni
1568 3608 1699 3668 fidei
1726 3612 1996 3673 Doctores
2012 3625 2140 3689 post
2165 3624 2348 3683 varios
2420 3647 2429 3656 .

343 3697 558 3741 errores
582 3692 820 3753 exortoS,
845 3687 1084 3758 cautius,
1111 3695 1169 3745 et
1191 3691 1352 3762 quasi
1386 3692 1666 3753 elimatius
1687 3696 1985 3771 loquuntur
2020 3705 2169 3765 cirea
2208 3710 2347 3767 doc..

345 3770 547 3829 trinam
577 3773 702 3831 fidei
743 3773 814 3831 ad
858 3791 1073 3835 omnem
1107 3776 1363 3837 haeresim
1409 3784 1745 3843 evitandam.
1784 3788 1939 3847 Unde
1971 3793 2019 3849 si
2058 3794 2243 3869 aliqua
2288 3800 2344 3856 in

341 3858 509 3919 dictis
531 3863 880 3937 antiquorum
903 3867 1200 3925 Doctorum
1227 3867 1605 3940 inveniuntur,
1630 3891 1759 3948 quae
1793 3892 1919 3937 eum
1948 3886 2103 3942 tanta
2128 3888 2347 3947 cautela

340 3962 450 4007 non
472 3948 746 4023 dicantur,
760 3963 967 4026 quanta
995 3972 1030 4015 a
1051 3955 1332 4015 modernis
1353 3965 1627 4032 servatur,
1646 3958 1757 4023 no'n
1775 3975 1903 4028 sunt
1924 3976 2239 4033 contemnarr
