2850 4517
752 446 861 490 vu
888 460 967 475 -
994 447 1073 492 nr.
1114 445 1389 491 sxueom
1441 448 1876 503 aroer-osonum
2195 425 2312 501 409

296 566 467 643 posse
494 560 797 619 continere.
828 560 935 619 Sed
970 568 1147 617 totum
1174 562 1510 641 contrarium
1544 564 1764 631 accidit,
1797 566 1927 641 quia
1953 584 2050 641 per
2079 570 2308 642 primum

298 658 597 729 peccatum
636 647 957 705 debilitatur
990 656 1044 705 et
1087 648 1150 705 fit
1188 649 1411 723 pronior
1439 650 1509 707 ad
1538 653 1894 724 peccandum,
1935 660 1992 712 et
2025 665 2310 729 peecatum

300 742 481 813 magis
517 738 831 796 dominatur
864 736 1090 805 homini,
1123 742 1181 795 et
1208 736 1390 806 homo,
1433 748 1699 812 quantum
1727 741 1796 798 de
1835 758 1896 799 se
1921 751 2026 811 est,
2070 746 2220 817 ponit
2251 764 2310 805 se

298 832 355 889 in
382 830 481 887 tali
518 834 687 893 statu,
718 832 781 883 ut
805 834 912 883 uo'n
938 833 1149 899 surgat,
1190 826 1334 883 sicut
1363 827 1457 900 qui
1485 826 1542 884 in
1567 836 1788 901 puteum
1832 846 1892 887 se
1933 832 2169 905 projicit,
2207 836 2310 893 nisi

298 936 369 976 ex
400 917 586 974 divina
612 914 837 971 virtute.
879 914 1035 971 Unde
1081 921 1373 987 postquam
1400 915 1561 971 homo
1599 918 1866 988 peccavit,
1899 926 2094 993 natura
2123 931 2310 981 nostre

298 1008 406 1063 fuit
429 1003 717 1061 debilitata
740 1008 795 1057 et
819 1007 1098 1075 corrupta,
1130 1008 1188 1059 et
1225 1008 1357 1061 tunc
1381 1003 1546 1062 homo
1584 1004 1689 1061 fuit
1718 1007 1939 1078 pronior
1976 1009 2044 1065 ad
2075 1026 2310 1081 peccan-

298 1097 453 1152 dum.
498 1092 603 1150 Sed
649 1090 897 1147 Christus
942 1092 1085 1147 hanc
1124 1091 1504 1150 infirmitatem
1543 1098 1600 1149 et
1649 1094 1990 1153 debilitatem
2033 1097 2305 1169 diminuit,

296 1186 430 1241 iicet
454 1196 561 1238 non
591 1185 763 1236 totam
789 1177 1073 1246 deleverit,
1102 1186 1286 1235 tamen
1310 1180 1389 1237 ita
1429 1180 1699 1238 esthemo
1741 1200 1808 1238 ex
1832 1183 2031 1242 Christi
2056 1190 2309 1261 passione
2351 1212 2366 1263 χ

296 1269 661 1333 confortatus,
704 1271 762 1321 et
807 1272 1093 1343 peccatum
1134 1266 1502 1335 debilitatum,
1539 1269 1684 1342 quod
1727 1282 1835 1325 non
1874 1278 2087 1331 tantum
2128 1276 2309 1334 domi-

296 1366 465 1417 natur
488 1358 560 1427 ei,
592 1361 647 1410 et
674 1360 855 1427 potest
877 1350 1041 1410 homo
1068 1356 1257 1411 conari
1286 1354 1508 1427 adjutus
1530 1357 1710 1428 gratia
1732 1358 1853 1426 Dei,
1885 1377 2012 1432 quae
2031 1363 2310 1421 confertur

294 1450 355 1505 in
388 1443 765 1509 sacramentis,
808 1457 935 1514 quae
974 1458 1041 1501 ex
1082 1441 1283 1499 Christi
1326 1444 1579 1515 passione
1618 1444 1926 1506 efficaciam*
1962 1448 2183 1517 hahent,
2229 1454 2308 1511 ita

296 1536 449 1610 quod
468 1537 645 1607 potest
667 1530 874 1587 resilire
902 1546 935 1587 a
954 1531 1214 1603 peccatis.
1237 1534 1430 1605 Apost.
1451 1532 1610 1589 Rom.
1641 1550 1700 1590 vi
1727 1550 1742 1590 ε
1778 1532 1935 1593 Vetus
1955 1537 2108 1595 homo
2128 1537 2309 1598 noster

293 1623 460 1682 simul
493 1620 783 1692 mcifioeus
816 1624 913 1684 est,
948 1624 1011 1674 itt
1045 1618 1363 1675 destruatur
1390 1636 1583 1693 corpur
1598 1622 1822 1692 peccati.
1851 1625 1992 1681 Nam
2019 1634 2149 1684 ante
2177 1645 2306 1701 pas-

294 1714 511 1771 sionem
537 1708 733 1767 Christi
772 1708 930 1781 pauci
973 1707 1179 1763 inventi
1206 1716 1334 1763 sunt
1360 1707 1480 1763 sine
1525 1714 1753 1780 peccato
1792 1714 2010 1769 mortali
2035 1716 2302 1787 viventes,

292 1802 395 1857 sed
426 1805 567 1873 post,
596 1798 715 1853 sine
754 1802 978 1870 peccato
1018 1795 1235 1851 mortali
1266 1796 1423 1853 multi
1463 1797 1717 1854 vixerunt
1742 1804 1800 1854 et
1828 1800 2039 1858 vivunt.
2075 1804 2303 1876 Quarto,

294 1888 627 1945 incurrimus
664 1891 878 1941 reatum
908 1897 1087 1957 poenae
1115 1900 1129 1939 :
1163 1883 1265 1940 hoc
1292 1886 1447 1941 enim
1473 1885 1644 1957 exigit
1665 1887 1882 1958 justitia
1918 1890 2039 1959 Dei,
2081 1901 2142 1950 ut
2176 1896 2304 1968 qui-

292 1968 541 2050 cumque
561 1981 772 2047 pe'ccat,
803 1972 1060 2045 puniatur
1102 1986 1119 2027 ε
1151 1987 1312 2044 poena
1337 1982 1525 2030 autem
1549 1981 1807 2044 pensatur
1846 1992 1912 2033 ex
1936 1978 2118 2052 culpa.
2149 1982 2310 2039 Unde*

294 2068 425 2123 cum
463 2062 625 2135 culpa
668 2062 881 2133 peccati
930 2058 1177 2117 mortalis
1218 2060 1291 2117 sit
1332 2058 1564 2126 infinite,
1614 2069 1820 2135 utpote,
1869 2073 2062 2123 contra
2102 2068 2302 2129 bonum

294 2153 589 2217 infinitum,
613 2149 1031 2222 seilicetDeum,
1050 2149 1209 2220 cujus
1230 2155 1503 2222 praecepta
1525 2159 1782 2222 peccator
1801 2156 2120 2227 contemnit,
2143 2174 2304 2231 poena

294 2240 485 2299 debita
521 2243 747 2313 peccato
774 2237 991 2295 mortali
1024 2242 1111 2293 est
1146 2236 1379 2294 infinita.
1418 2238 1526 2298 Sed
1565 2238 1816 2297 Christus
1849 2258 1943 2315 per
1977 2259 2135 2301 suam
2174 2264 2304 2319 pas-

296 2332 509 2403 sionem
546 2327 773 2385 abstulit
803 2326 961 2382 nobis
995 2340 1213 2398 poenam
1245 2324 1406 2391 hanc,
1450 2333 1507 2383 et
1539 2328 1802 2385 sustinuit
1840 2330 1960 2403 ipse
1999 2333 2024 2389 1
2064 2334 2178 2391 Pet.
2211 2352 2254 2394 ιι
2285 2354 2301 2393 ε

296 2420 520 2475 Peccata
540 2424 747 2483 nostra,
763 2415 819 2472 id
840 2424 943 2483 est,
959 2430 1176 2488 poenam
1198 2416 1432 2487 peccati,
1452 2416 1676 2487 pertulit
1699 2434 1761 2473 m
1781 2434 2003 2493 corpere
2023 2438 2138 2480 suo.
2162 2426 2302 2483 Nam
2411 2452 2416 2455 ·

295 2505 481 2581 passio
501 2502 702 2563 Christi
724 2504 830 2560 fuit
850 2510 1018 2563 tantae
1036 2504 1275 2571 virtutiS,
1298 2510 1448 2577 quod
1465 2504 1669 2569 sufficit
1687 2506 1757 2563 ad
1772 2508 2102 2581 expiandum
2121 2516 2298 2573 omnia

292 2601 525 2669 peccata
572 2593 745 2648 totius
784 2592 991 2659 mundi,
1035 2592 1203 2662 etiam
1248 2592 1311 2648 si·
1339 2600 1522 2649 essent
1568 2604 1792 2653 centum
1829 2598 2020 2655 millia.
2061 2601 2130 2657 Et
2173 2603 2298 2661 inde

293 2692 397 2750 est,
426 2680 575 2755 quod
604 2676 865 2749 baptizati
888 2677 959 2733 ab
981 2678 1233 2735 omnibus
1252 2685 1494 2749 peccatis
1521 2691 1816 2739 lavantur·
1845 2684 1975 2742 inde
1997 2693 2082 2743 est
2107 2691 2291 2759 etiam,

294 2771 443 2848 quod
470 2766 737 2827 Sacerdos
760 2775 987 2838 peccata
1013 2765 1285 2821 dimittit:
1322 2767 1451 2823 inde
1479 2774 1562 2823 est
1585 2777 1772 2837 etiam,
1799 2770 1944 2849 quod
1969 2774 2296 2852 quicumque

292 2860 471 2932 magis
488 2854 728 2931 passioni
747 2852 949 2911 Christi
972 2868 1033 2911 se
1050 2851 1374 2919 conformat,
1400 2855 1665 2925 majorem
1682 2861 2039 2932 consequitur
2058 2866 2290 2933 veniam,

294 2956 355 3007 ot
376 2947 499 3022 plus
526 2948 765 3001 meretur
789 2942 859 2999 de
875 2941 1088 3013 gratia.-
1083 2938 1347 3027 Quinto·
1332 2942 1664 3002 incurrimus
1689 2944 1912 3003 exilium
1937 2950 2138 3021 regni:
2170 2970 2294 3011 nam

294 3037 390 3111 qui
418 3032 697 3091 offendunt
722 3018 897 3102 reges,
920 3028 1140 3086 exulare
1157 3010 1427 3101 coguntur
1451 3046 1484 3086 a
1502 3045 1688 3103 regno,
1715 3034 1803 3090 sic
1812 3039 1876 3090 et
1895 3034 2060 3094 homo
2078 3048 2300 3115 propter

294 3129 581 3199 peceatum
606 3118 895 3193 expellitur,
916 3119 985 3175 de
1008 3117 1289 3175 Paradism
1308 3116 1440 3175 Inde
1467 3121 1718 3192 estquod
1743 3122 1940 3192 Adam,
1969 3127 2156 3184 statim
2176 3140 2293 3202 post

296 3217 601 3286 peccatum,
630 3215 713 3264 est
741 3209 949 3280 ejectus
974 3205 1047 3263 <ie
1082 3205 1375 3277 Paradiso,
1410 3215 1466 3263 et
1491 3205 1680 3265 clausa
1707 3215 1792 3266 est
1807 3212 1980 3282 janua
2008 3214 2252 3275 Paradisi
2277 3238 2291 3275 ε

294 3302 391 3357 sed
420 3298 667 3359 Christus
693 3312 795 3352 >sua
825 3295 1088 3369 ,passione
1122 3297 1351 3368 januam
1392 3293 1543 3353 illam
1578 3299 1812 3370 aperuit,
1833 3313 1838 3317 “
1861 3309 1918 3357 et
1955 3303 2028 3359 ad
2069 3312 2294 3379 regnum

295 3388 483 3447 exules
518 3384 820 3441 revocavit.
862 3387 1067 3455 Aperte
1104 3384 1252 3440 enim
1296 3383 1470 3441 latere
1513 3384 1734 3455 Christi,
1775 3395 1968 3460 aperta
2001 3398 2087 3448 est
2123 3388 2294 3465 janua

292 3474 561 3545 Paradisi‘,
604 3480 662 3529 et
696 3472 817 3529 fuso
852 3472 1119 3543 sanguine
1152 3476 1271 3544 ejus
1310 3472 1494 3531 deleta
1535 3482 1619 3531 est
1657 3475 1890 3545 macula,
1932 3478 2180 3551 placatus
2209 3493 2294 3541 est

292 3567 459 3629 Deus,
495 3560 679 3619 ablata
716 3568 801 3617 est
836 3558 1111 3627 debilitaS,
1152 3560 1371 3633 expiata
1398 3569 1486 3618 est
1519 3577 1704 3635 poena,
1747 3564 1934 3623 exules
1973 3577 2298 3629 revocantur

294 3654 365 3711 ad
412 3662 637 3723 regnum
680 3666 696 3706 ε
740 3654 797 3704 et
842 3646 969 3703 inde
1010 3655 1113 3715 est,
1163 3650 1310 3720 quod
1346 3649 1538 3705 statim
1583 3648 1781 3706 latroni
1823 3652 2026 3711 dicitur
2069 3673 2084 3711 z
2128 3658 2300 3716 Hodie

292 3756 491 3799 mecum
530 3738 641 3794 eris
683 3737 747 3793 in
792 3733 1058 3794 Paradiso
1101 3752 1121 3793 .·
1159 3734 1263 3793 hoc
1300 3752 1406 3793 non
1450 3745 1534 3793 est
1568 3730 1775 3794 didtum
1807 3739 1957 3798 olim.
2005 3744 2127 3803 Non
2153 3748 2300 3805 enim

292 3830 505 3888 dictum
530 3825 635 3883 fuit
660 3825 845 3894 alicui,
876 3841 987 3883 non
1012 3824 1167 3893 Acie,
1201 3839 1307 3881 non
1333 3824 1586 3889 Abrahae,
1627 3840 1736 3881 non
1764 3828 1962 3899 David,
1993 3833 2089 3890 sed
2119 3834 2296 3906 hodie,

292 3917 504 3977 scilicet
548 3914 767 3990 quando
804 3923 994 3987 aperta
1020 3919 1107 3969 est
1136 3914 1326 3987 janua,
1362 3913 1502 3971 latro
1546 3914 1760 3969 veniam
1797 3918 1940 3989 petit
1979 3929 2035 3981 et
2071 3922 2297 3984 invenit·-

292 4005 459 4067 Hebr.
506 4018 554 4071 x-
584 4018 601 4057 z
631 4001 891 4061 Habentes
932 4002 1187 4075 fiduciam
1223 4002 1285 4059 in
1329 4000 1565 4061 introitu
1597 4006 1907 4091 sanctoruni
1941 4007 2007 4066 in
2043 4011 2300 4086 saiwaina
