2850 4517
711 353 780 398 x.
809 370 889 382 —
917 354 1157 407 comm
1199 356 1482 399 senones
1524 355 1881 400 eRAEconuu
2181 338 2295 401 481

275 474 420 537 ,tura
447 473 533 525 est
561 467 780 543 propria
798 468 898 525 'Dei
924 468 1225 525 seeundum
1249 474 1611 542 potestatem:
1635 467 1814 525 aliena
1842 484 1970 525 vero
1999 470 2299 527 secundum

291 565 569 627 naturam,
601 557 658 614 id
682 564 785 627 est,
805 557 1032 615 alterius
1050 567 1262 616 naturae
1285 573 1318 614 a
1348 559 1463 613 Deo
1485 558 1749 616 existens,

1021 719 1303 788 CAPUT
1355 720 1578 788 XXV.

302 843 611 920 Quomodo
640 842 1018 925 iutelliyitur
1043 816 1204 924 quod
1228 844 1298 906 in
1323 842 1602 924 Amyclis,
1651 850 1946 925 quantum
1986 844 2067 908 ad
2111 830 2301 909 naia-

559 951 715 1010 ram,
745 951 865 995 non
891 932 1150 1014 dicimus
1176 950 1295 997 esse
1329 933 1653 997 secundum
1679 938 1736 997 ei
1766 934 2033 997 tertium.

363 1051 501 1105 ltem
533 1047 758 1104 dubium
789 1056 872 1105 est
909 1048 1055 1121 quod
1091 1047 1324 1105 Basilius
1363 1048 1501 1105 dicit
1545 1056 1733 1106 contra
1778 1049 2103 1106 Eunomium
2135 1065 2149 1103 ε
2182 1070 2207 1101 «
2241 1050 2300 1104 In

293 1136 516 1209 Angelis
540 1136 854 1193 ordinatum
883 1136 1116 1195 dicimus
1142 1154 1309 1194 unum
1337 1138 1661 1212 principem,
1682 1137 1858 1207 ¹alinin
1883 1145 2067 1195 autem
2096 1137 2303 1209 subjec-

293 1234 430 1294 tum,
449 1227 503 1282 in
535 1234 729 1284 natura
756 1234 936 1283 tamen
963 1243 1068 1290 non
1093 1226 1327 1284 dicimus
1351 1228 1652 1285 secundum
1685 1233 1741 1283 el:
1766 1228 2011 1288 tertium.
2035 1248 2061 1280 »
2087 1228 2177 1283 Ex·
2192 1242 2301 1299 quo

293 1316 512 1373 videtur
531 1317 676 1390 quod
703 1332 890 1373 omnes
920 1317 972 1372 in
1011 1323 1208 1373 natura
1235 1323 1364 1373 sunt
1389 1316 1633 1390 aequales
1656 1332 1689 1373 a
1726 1317 1841 1373 Deo
1887 1314 2081 1381 creati,
2111 1322 2172 1371 ut
2196 1330 2299 1389 po-

294 1405 405 1477 suit
447 1404 913 1493 Origenes-Apud
956 1423 1056 1463 nos
1103 1416 1289 1463 autem
1329 1407 1551 1473 dicitur,
1574 1406 1721 1479 quod
1765 1406 1907 1462 sicut
1942 1405 2201 1462 differunt
2246 1406 2301 1459 in

294 1494 451 1550 donis
479 1496 800 1565 gratiarum,
835 1493 912 1551 ita
941 1496 1109 1552 etiam
1150 1495 1206 1551 in
1244 1494 1588 1555 naturalibus
1632 1494 1809 1552 bonis.
1838 1494 1943 1551 Sed
1985 1494 2299 1561 dicendum,

296 1583 442 1655 quod
482 1584 586 1640 hoc
625 1584 769 1657 quod
796 1583 931 1639 dicit
968 1583 1217 1651 BasiliuS,
1252 1584 1307 1639 in
1335 1586 1561 1655 Angelis
1601 1600 1705 1639 non
1747 1600 1884 1650 esse,
1918 1589 2186 1656 quantum
2231 1584 2301 1639 ad

297 1678 574 1741 naturam,
607 1672 908 1728 secundum
937 1681 993 1728 et
1018 1672 1262 1738 tertium,
1295 1687 1401 1727 non
1428 1679 1513 1727 est
1540 1671 1972 1743 intelligendum,
1998 1672 2143 1745 quod
2165 1688 2305 1728 unus

295 1778 405 1818 non
433 1761 505 1816 sit
535 1759 875 1832 perfectioris
907 1768 1118 1817 naturae
1146 1776 1311 1832 quam
1342 1760 1501 1830 alius,
1528 1760 1624 1818 sed
1653 1760 1784 1832 quia
1826 1776 2017 1819 omues
2046 1776 2303 1819 commu-

294 1850 487 1907 nicant
513 1848 569 1905 in
595 1864 704 1906 una
725 1860 920 1905 natura
947 1848 1184 1921 generiS,
1216 1847 1344 1913 licet
1368 1864 1479 1905 non
1508 1848 1562 1903 in
1588 1857 1785 1905 natura
1808 1848 2034 1926 speciei,

1004 2012 1288 2079 CAPUT
1339 2011 1589 2079 XXVI.

373 2136 680 2214 Quomodo
706 2136 1086 2217 intelliyitur
1151 2136 1273 2198 uod
1301 2135 1555 2211 dicitur,
1587 2135 1749 2215 quod
1776 2135 2016 2201 docente
2034 2136 2238 2201 Paulo

883 2226 1064 2289 ctiam
1134 2224 1403 2305 eraphim
1432 2224 1720 2288 addiscit.

371 2345 508 2399 Item
525 2342 753 2399 dubium
777 2340 1022 2413 estquod
1046 2340 1180 2397 dicit
1197 2318 1471 2414 Cyrillus‘
1458 2356 1513 2395 ιη
1538 2338 1676 2396 libro
1694 2339 2116 2409 Thesaurorum‚
2135 2342 2304 2415 quod,

299 2432 531 2489 docente
557 2431 743 2499 Paulo,
776 2444 882 2487 non
906 2430 1080 2487 solum
1109 2430 1346 2487 humana
1374 2429 1518 2486 ratio
1548 2428 1807 2501 addiscit,
1836 2430 2220 2487 verumetiam
2250 2437 2308 2487 et

299 2511 582 2592 seraphim
623 2520 874 2593 supernis
916 2519 1177 2593 mysteria
1222 2519 1406 2576 cordis
1451 2518 1679 2592 paterni,
1714 2518 1929 2576 occulta
1976 2520 2305 2576 referantur.

297 2606 380 2665 Ex
395 2622 505 2681 quo
532 2608 771 2672 videtur,
799 2607 946 2679 quod
968 2608 1036 2663 ad
1051 2608 1293 2679 angelos„
1311 2608 1480 2663 etiam
1502 2622 1763 2673 summos,
1790 2608 2032 2679 cognitio
2050 2608 2309 2665 deveniat

299 2713 400 2772 per
429 2694 694 2750 homines.
721 2694 788 2750 Et
807 2693 1026 2750 videtur
1052 2694 1158 2749 hoc
1181 2709 1302 2750 esse
1326 2693 1535 2749 dictum
1564 2700 1786 2766 propter
1814 2694 1866 2749 id
1902 2696 2309 2767 quod-habetur

300 2776 500 2859 Ephes,
536 2798 603 2840 m
631 2801 644 2837 :
672 2781 811 2841 Mihi
835 2781 1068 2837 omnium
1097 2782 1412 2837 Sanctorum
1436 2780 1655 2837 minimo
1678 2780 1809 2837 data
1848 2790 1927 2841 est
1965 2786 2152 2854 qratia
2176 2787 2305 2855 haec,

302 2876 364 2932 in
391 2871 640 2930 Gentibus
668 2868 1036 2943 euanyelizare
1070 2868 1460 2943 investiqabiles
1486 2869 1706 2927 divitias
1731 2870 1958 2937 Christi,
1982 2879 2089 2929 etc.
2122 2881 2182 2929 ut
2220 2875 2311 2930 in-

303 2970 552 3023 notescat
579 2960 934 3036 principibus,
966 2970 1020 3018 et
1045 2960 1412 3035 potestatibus
1441 2960 1497 3016 in
1522 2958 1837 3018 coelestibus
1877 2978 1973 3034 per
2022 2962 2311 3019 ecclesiam

305 3052 656 3109 multiformis
683 3050 953 3125 sapientia
983 3050 1101 3105 Dei.
1133 3049 1238 3107 Sed
1263 3050 1601 3106 contrarium
1632 3048 1796 3121 hujus
1825 3050 1988 3107 docet
2016 3051 2312 3125 Dionysius

305 3142 361 3199 in
392 3158 450 3199 iv
479 3157 599 3213 cap.
627 3139 901 3213 Angelicae
925 3138 1264 3207 hierarchiae,
1296 3138 1591 3195 ostendens
1628 3138 1775 3212 quod
1820 3140 2060 3211 cognitio
2090 3142 2310 3198 divino-

307 3246 428 3287 rum
456 3230 606 3304 prius
635 3230 702 3285 ad
734 3228 968 3300 Angelos
991 3244 1158 3301 quam
1188 3228 1256 3284 ad
1290 3227 1538 3284 homines
1575 3228 1844 3300 pervenit.
1874 3229 1943 3283 Et
1978 3230 2034 3284 in
2074 3246 2157 3287 vn
2184 3246 2307 3304 cap.

307 3316 552 3391 ejusdem
581 3317 702 3372 libri
740 3316 892 3385 dicit,
920 3317 1068 3388 quod
1094 3316 1377 3391 Seraphim
1407 3315 1725 3373 immediate
1770 3332 1803 3374 a
1836 3318 1951 3374 Deo
1988 3320 2309 3376 edocentur.

306 3408 375 3483 Et
401 3411 541 3479 Aug.
572 3406 708 3462 dicit
731 3421 894 3478 super
919 3404 1176 3462 Genesim
1205 3406 1271 3461 ad
1305 3406 1727 3480 litteram,quod
1753 3422 1861 3464 non
1886 3405 2048 3465 latuit
2075 3409 2314 3480 Angelos

310 3495 632 3571 mysterium
671 3494 841 3566 Regni
884 3493 1171 3561 Caelorum,
1202 3494 1349 3567 quod
1397 3503 1665 3569 oportuno
1709 3500 1954 3569 tempore
2011 3496 2315 3554 revelatum

309 3593 394 3643 est
421 3602 518 3660 pro
541 3590 726 3641 nostra
754 3587 950 3638 salute.
984 3580 1051 3639 Et
1074 3582 1198 3639 ideo
1222 3582 1517 3641 dicendum
1546 3595 1649 3653 est,
1676 3584 1822 3659 quod
1860 3592 2129 3658 oportuno
2170 3594 2315 3643 tem—

309 3690 440 3749 pore
464 3674 766 3732 revelatum
791 3678 874 3729 est
901 3688 1000 3746 pro
1029 3679 1217 3729 nostra
1243 3672 1441 3729 salute.
1466 3674 1535 3729 Et
1563 3674 1685 3731 ideo
1713 3674 2006 3731 dicendum
2031 3684 2133 3741 est,
2164 3676 2317 3749 quod

309 3779 437 3821 cum
464 3764 792 3835 Angelorum
831 3776 937 3818 non
971 3762 1044 3819 sit
1071 3761 1266 3818 -futura
1308 3778 1671 3834 praenoscere,
1699 3763 1798 3819 sed
1838 3763 1936 3819 Dei
1966 3763 2154 3832 soliuS,
2185 3763 2315 3821 licet

309 3852 503 3925 Angeli
533 3853 709 3925 ipsum
735 3851 1057 3926 mysterium
1086 3858 1292 3909 nostrae
1313 3852 1705 3924 redemptionis
1733 3868 1765 3909 a
1808 3851 2009 3909 saeculo
2038 3867 2316 3925 cognove-⁶

309 3942 443 4015 rint,
473 3950 535 3997 ut
563 3944 702 4013 Aug.
720 3941 874 4010 dicit,
897 3950 1078 3999 tamen
1105 3940 1318 4014 aliquas
1343 3940 1434 4023 huj
1444 3956 1506 3997 us
1534 3940 1927 4014 redemptionis
1949 3943 2315 4002 circumstana

822 4060 872 4108 s,
904 4058 1056 4111 Tuon.
1092 4062 1177 4115 Ao.
1211 4058 1474 4111 Oruscuu.
1504 4079 1553 4098 -·
1596 4057 1633 4107 1.
1663 4080 1721 4098 -
1742 4054 1832 4111 δι’
