<?xml version="1.0" encoding="UTF-8"?>
<!DOCTYPE html PUBLIC "-//W3C//DTD XHTML 1.0 Transitional//EN"
    "http://www.w3.org/TR/xhtml1/DTD/xhtml1-transitional.dtd">
<html xmlns="http://www.w3.org/1999/xhtml" xml:lang="en" lang="en">
 <head>
  <title>
</title>
<meta http-equiv="Content-Type" content="text/html;charset=utf-8" />
  <meta name='ocr-system' content='tesseract 3.04.00' />
  <meta name='ocr-capabilities' content='ocr_page ocr_carea ocr_par ocr_line ocrx_word'/>
</head>
<body>
  <div class='ocr_page' id='page_1' title='image "./sthomaquinatisd02thomgoog_0228.png"; bbox 0 0 2850 4517; ppageno 0'>
   <div class='ocr_carea' id='block_1_1' title="bbox 556 406 2082 474">
    <p class='ocr_par' dir='ltr' id='par_1_1' title="bbox 556 406 2082 474">
     <span class='ocr_line' id='line_1_1' title="bbox 556 406 2082 474; baseline 0.002 -11"><span class='ocrx_word' id='word_1_1' title='bbox 556 406 672 464; x_wconf 82' lang='lat'><strong>214</strong></span> <span class='ocrx_word' id='word_1_2' title='bbox 1032 423 1111 474; x_wconf 61' lang='grc'><strong>3,-</strong></span> <span class='ocrx_word' id='word_1_3' title='bbox 1131 419 1363 464; x_wconf 67' lang='lat' dir='ltr'><strong>monas</strong></span> <span class='ocrx_word' id='word_1_4' title='bbox 1404 417 1732 469; x_wconf 74' lang='lat' dir='ltr'><strong>AQUINA&#39;HS</strong></span> <span class='ocrx_word' id='word_1_5' title='bbox 1772 414 2082 466; x_wconf 63' lang='lat' dir='ltr'><strong>ornacum</strong></span> 
     </span>
    </p>
   </div>
   <div class='ocr_carea' id='block_1_2' title="bbox 542 525 2630 4088">
    <p class='ocr_par' dir='ltr' id='par_1_2' title="bbox 542 525 2630 4088">
     <span class='ocr_line' id='line_1_2' title="bbox 556 525 2583 610; baseline -0.003 -18"><span class='ocrx_word' id='word_1_6' title='bbox 556 536 703 610; x_wconf 87' lang='lat' dir='ltr'><strong>quod</strong></span> <span class='ocrx_word' id='word_1_7' title='bbox 726 536 967 610; x_wconf 79' lang='lat' dir='ltr'><strong>perfecta</strong></span> <span class='ocrx_word' id='word_1_8' title='bbox 986 534 1273 602; x_wconf 76' lang='lat' dir='ltr'><strong>beatitudo</strong></span> <span class='ocrx_word' id='word_1_9' title='bbox 1302 533 1464 598; x_wconf 77' lang='lat' dir='ltr'><strong>sitin</strong></span> <span class='ocrx_word' id='word_1_10' title='bbox 1491 531 1614 602; x_wconf 80' lang='lat' dir='ltr'><strong>bec,·</strong></span> <span class='ocrx_word' id='word_1_11' title='bbox 1647 532 1795 608; x_wconf 87' lang='lat' dir='ltr'><strong>quod</strong></span> <span class='ocrx_word' id='word_1_12' title='bbox 1824 546 1978 592; x_wconf 85' lang='lat' dir='ltr'><strong>mens</strong></span> <span class='ocrx_word' id='word_1_13' title='bbox 2003 531 2122 594; x_wconf 81' lang='lat' dir='ltr'><strong>Deo</strong></span> <span class='ocrx_word' id='word_1_14' title='bbox 2154 543 2256 602; x_wconf 85' lang='lat' dir='ltr'><strong>per</strong></span> <span class='ocrx_word' id='word_1_15' title='bbox 2281 543 2344 586; x_wconf 87' lang='lat' dir='ltr'><strong>se</strong></span> <span class='ocrx_word' id='word_1_16' title='bbox 2389 525 2583 586; x_wconf 83' lang='lat' dir='ltr'><strong>inhae-</strong></span> 
     </span>
     <span class='ocr_line' id='line_1_3' title="bbox 556 615 2630 696; baseline -0.003 -17"><span class='ocrx_word' id='word_1_17' title='bbox 556 630 675 682; x_wconf 86' lang='lat' dir='ltr'><strong>reat</strong></span> <span class='ocrx_word' id='word_1_18' title='bbox 698 624 1158 696; x_wconf 73' lang='lat' dir='ltr'><strong>cognoscendoet</strong></span> <span class='ocrx_word' id='word_1_19' title='bbox 1185 623 1445 687; x_wconf 38' lang='lat' dir='ltr'><strong>arn-ander</strong></span> <span class='ocrx_word' id='word_1_20' title='bbox 1463 623 1541 685; x_wconf 73' lang='lat' dir='ltr'><strong>Et,</strong></span> <span class='ocrx_word' id='word_1_21' title='bbox 1559 622 1690 696; x_wconf 87' lang='lat' dir='ltr'><strong>quia</strong></span> <span class='ocrx_word' id='word_1_22' title='bbox 1712 621 1858 693; x_wconf 84' lang='lat' dir='ltr'><strong>regis</strong></span> <span class='ocrx_word' id='word_1_23' title='bbox 1875 627 1966 682; x_wconf 82' lang='lat' dir='ltr'><strong>est</strong></span> <span class='ocrx_word' id='word_1_24' title='bbox 1996 618 2248 682; x_wconf 86' lang='lat' dir='ltr'><strong>subditos</strong></span> <span class='ocrx_word' id='word_1_25' title='bbox 2271 615 2582 692; x_wconf 82' lang='lat' dir='ltr'><strong>disponere</strong></span> <span class='ocrx_word' id='word_1_26' title='bbox 2627 633 2630 637; x_wconf 91' lang='lat'>·</span> 
     </span>
     <span class='ocr_line' id='line_1_4' title="bbox 542 707 2584 788; baseline -0.002 -19"><span class='ocrx_word' id='word_1_27' title='bbox 542 721 612 786; x_wconf 64' lang='lat' dir='ltr'><strong>⁴et</strong></span> <span class='ocrx_word' id='word_1_28' title='bbox 630 713 953 784; x_wconf 76' lang='lat' dir='ltr'><strong>gubernare,</strong></span> <span class='ocrx_word' id='word_1_29' title='bbox 980 713 1197 770; x_wconf 90' lang='lat' dir='ltr'><strong>illud-in</strong></span> <span class='ocrx_word' id='word_1_30' title='bbox 1218 711 1436 770; x_wconf 84' lang='lat' dir='ltr'><strong>homine</strong></span> <span class='ocrx_word' id='word_1_31' title='bbox 1459 727 1648 782; x_wconf 78' lang='lat' dir='ltr'><strong>regere</strong></span> <span class='ocrx_word' id='word_1_32' title='bbox 1677 711 1899 780; x_wconf 85' lang='lat' dir='ltr'><strong>dieitur,</strong></span> <span class='ocrx_word' id='word_1_33' title='bbox 1923 708 2229 788; x_wconf 79' lang='lat' dir='ltr'><strong>secundum</strong></span> <span class='ocrx_word' id='word_1_34' title='bbox 2265 707 2416 782; x_wconf 78' lang='lat' dir='ltr'><strong>quod</strong></span> <span class='ocrx_word' id='word_1_35' title='bbox 2457 723 2584 774; x_wconf 74' lang='lat' dir='ltr'><strong>cae-</strong></span> 
     </span>
     <span class='ocr_line' id='line_1_5' title="bbox 558 796 2582 874; baseline -0.001 -17"><span class='ocrx_word' id='word_1_36' title='bbox 558 807 675 858; x_wconf 89' lang='lat' dir='ltr'><strong>tera</strong></span> <span class='ocrx_word' id='word_1_37' title='bbox 716 801 1095 874; x_wconf 86' lang='lat' dir='ltr'><strong>disponuntur.</strong></span> <span class='ocrx_word' id='word_1_38' title='bbox 1126 799 1281 857; x_wconf 89' lang='lat' dir='ltr'><strong>Unde</strong></span> <span class='ocrx_word' id='word_1_39' title='bbox 1322 799 1618 873; x_wconf 76' lang='lat' dir='ltr'><strong>Apostolus</strong></span> <span class='ocrx_word' id='word_1_40' title='bbox 1653 803 1839 857; x_wconf 89' lang='lat' dir='ltr'><strong>monet</strong></span> <span class='ocrx_word' id='word_1_41' title='bbox 1877 799 2050 860; x_wconf 72' lang='lat' dir='ltr'><strong>Rom..</strong></span> <span class='ocrx_word' id='word_1_42' title='bbox 2084 813 2146 856; x_wconf 81' lang='grc' dir='ltr'><strong>ιιι</strong></span> <span class='ocrx_word' id='word_1_43' title='bbox 2174 796 2338 856; x_wconf 81' lang='lat' dir='ltr'><strong>:Non</strong></span> <span class='ocrx_word' id='word_1_44' title='bbox 2381 803 2582 870; x_wconf 65' lang='lat' dir='ltr'><strong>reynel</strong></span> 
     </span>
     <span class='ocr_line' id='line_1_6' title="bbox 552 885 2582 969; baseline -0.002 -23"><span class='ocrx_word' id='word_1_45' title='bbox 552 898 822 963; x_wconf 75' lang='lat' dir='ltr'><strong>peceatum</strong></span> <span class='ocrx_word' id='word_1_46' title='bbox 848 890 907 946; x_wconf 77' lang='lat' dir='ltr'><strong>in</strong></span> <span class='ocrx_word' id='word_1_47' title='bbox 929 896 1103 946; x_wconf 72' lang='lat' dir='ltr'><strong>vest-io</strong></span> <span class='ocrx_word' id='word_1_48' title='bbox 1126 888 1359 954; x_wconf 76' lang='lat' dir='ltr'><strong><em>mortali</em></strong></span> <span class='ocrx_word' id='word_1_49' title='bbox 1371 903 1610 969; x_wconf 76' lang='lat' dir='ltr'><strong>corpore.</strong></span> <span class='ocrx_word' id='word_1_50' title='bbox 1635 887 1774 958; x_wconf 89' lang='lat' dir='ltr'><strong>Quia</strong></span> <span class='ocrx_word' id='word_1_51' title='bbox 1802 886 1976 965; x_wconf 83' lang='lat' dir='ltr'><strong>igi-tur.</strong></span> <span class='ocrx_word' id='word_1_52' title='bbox 1999 885 2071 942; x_wconf 86' lang='lat' dir='ltr'><strong>ad</strong></span> <span class='ocrx_word' id='word_1_53' title='bbox 2099 885 2402 959; x_wconf 79' lang='lat' dir='ltr'><strong>perfectam</strong></span> <span class='ocrx_word' id='word_1_54' title='bbox 2428 885 2582 952; x_wconf 80' lang='lat' dir='ltr'><strong>bea-</strong></span> 
     </span>
     <span class='ocr_line' id='line_1_7' title="bbox 556 975 2577 1064; baseline -0.001 -28"><span class='ocrx_word' id='word_1_55' title='bbox 556 979 849 1052; x_wconf 78' lang='lat' dir='ltr'><strong>titudinem</strong></span> <span class='ocrx_word' id='word_1_56' title='bbox 873 977 1189 1064; x_wconf 79' lang='lat' dir='ltr'><strong>requiritur,</strong></span> <span class='ocrx_word' id='word_1_57' title='bbox 1214 987 1279 1036; x_wconf 89' lang='lat' dir='ltr'><strong>ut</strong></span> <span class='ocrx_word' id='word_1_58' title='bbox 1304 975 1423 1050; x_wconf 85' lang='lat' dir='ltr'><strong>ipse</strong></span> <span class='ocrx_word' id='word_1_59' title='bbox 1445 978 1592 1042; x_wconf 79' lang='lat' dir='ltr'><strong>Deus</strong></span> <span class='ocrx_word' id='word_1_60' title='bbox 1615 992 1716 1050; x_wconf 83' lang='lat' dir='ltr'><strong>per</strong></span> <span class='ocrx_word' id='word_1_61' title='bbox 1741 991 1802 1032; x_wconf 89' lang='lat' dir='ltr'><strong>se</strong></span> <span class='ocrx_word' id='word_1_62' title='bbox 1829 979 2196 1047; x_wconf 77' lang='lat' dir='ltr'>cognoscatur</span> <span class='ocrx_word' id='word_1_63' title='bbox 2221 981 2282 1031; x_wconf 88' lang='lat' dir='ltr'><strong>et</strong></span> <span class='ocrx_word' id='word_1_64' title='bbox 2322 983 2577 1044; x_wconf 84' lang='lat' dir='ltr'><strong>ametur,</strong></span> 
     </span>
     <span class='ocr_line' id='line_1_8' title="bbox 556 1062 2579 1150; baseline -0.001 -26"><span class='ocrx_word' id='word_1_65' title='bbox 556 1074 616 1124; x_wconf 89' lang='lat' dir='ltr'><strong>ut</strong></span> <span class='ocrx_word' id='word_1_66' title='bbox 634 1084 739 1141; x_wconf 86' lang='lat' dir='ltr'><strong>per</strong></span> <span class='ocrx_word' id='word_1_67' title='bbox 767 1083 893 1127; x_wconf 87' lang='lat' dir='ltr'><strong>eum</strong></span> <span class='ocrx_word' id='word_1_68' title='bbox 919 1065 1135 1127; x_wconf 88' lang='lat' dir='ltr'><strong>animus</strong></span> <span class='ocrx_word' id='word_1_69' title='bbox 1157 1066 1364 1150; x_wconf 80' lang='lat' dir='ltr'><strong>feratur</strong></span> <span class='ocrx_word' id='word_1_70' title='bbox 1387 1065 1457 1123; x_wconf 88' lang='lat' dir='ltr'><strong>ad</strong></span> <span class='ocrx_word' id='word_1_71' title='bbox 1477 1063 1616 1135; x_wconf 84' lang='lat' dir='ltr'><strong>alta,</strong></span> <span class='ocrx_word' id='word_1_72' title='bbox 1643 1081 1784 1126; x_wconf 78' lang='lat' dir='ltr'><strong>vere</strong></span> <span class='ocrx_word' id='word_1_73' title='bbox 1781 1071 1854 1123; x_wconf 90' lang='lat' dir='ltr'><strong>et</strong></span> <span class='ocrx_word' id='word_1_74' title='bbox 1875 1062 2157 1142; x_wconf 84' lang='lat' dir='ltr'><strong>perfecte</strong></span> <span class='ocrx_word' id='word_1_75' title='bbox 2141 1080 2198 1124; x_wconf 86' lang='grc' dir='ltr'><strong>ιιι</strong></span> <span class='ocrx_word' id='word_1_76' title='bbox 2224 1063 2388 1123; x_wconf 81' lang='lat' dir='ltr'><strong>honis</strong></span> <span class='ocrx_word' id='word_1_77' title='bbox 2415 1065 2579 1126; x_wconf 84' lang='lat' dir='ltr'><strong>Deus</strong></span> 
     </span>
     <span class='ocr_line' id='line_1_9' title="bbox 557 1154 2580 1230; baseline -0 -17"><span class='ocrx_word' id='word_1_78' title='bbox 557 1164 769 1230; x_wconf 80' lang='lat' dir='ltr'><strong>regnat.</strong></span> <span class='ocrx_word' id='word_1_79' title='bbox 794 1157 949 1215; x_wconf 83' lang='lat' dir='ltr'>Unde</span> <span class='ocrx_word' id='word_1_80' title='bbox 978 1154 1851 1219; x_wconf 70' lang='lat' dir='ltr'><strong>diciturlsa.x1.1x:Miserator</strong></span> <span class='ocrx_word' id='word_1_81' title='bbox 1889 1169 2070 1214; x_wconf 74' lang='lat' dir='ltr'><strong>eorum</strong></span> <span class='ocrx_word' id='word_1_82' title='bbox 2101 1159 2248 1225; x_wconf 62' lang='lat' dir='ltr'><strong>reget</strong></span> <span class='ocrx_word' id='word_1_83' title='bbox 2261 1169 2374 1220; x_wconf 70' lang='lat' dir='ltr'><strong>eos,</strong></span> <span class='ocrx_word' id='word_1_84' title='bbox 2399 1160 2460 1212; x_wconf 79' lang='lat' dir='ltr'><strong>et</strong></span> <span class='ocrx_word' id='word_1_85' title='bbox 2507 1154 2580 1212; x_wconf 78' lang='lat' dir='ltr'><strong>ad</strong></span> 
     </span>
     <span class='ocr_line' id='line_1_10' title="bbox 556 1239 2577 1318; baseline -0.001 -18"><span class='ocrx_word' id='word_1_86' title='bbox 556 1246 725 1318; x_wconf 73' lang='lat' dir='ltr'><strong>fontes</strong></span> <span class='ocrx_word' id='word_1_87' title='bbox 749 1259 1021 1318; x_wconf 79' lang='lat' dir='ltr'><strong>aquarum</strong></span> <span class='ocrx_word' id='word_1_88' title='bbox 1040 1243 1245 1317; x_wconf 72' lang='lat' dir='ltr'><strong>potabit</strong></span> <span class='ocrx_word' id='word_1_89' title='bbox 1278 1259 1397 1302; x_wconf 77' lang='lat' dir='ltr'><strong>eos:</strong></span> <span class='ocrx_word' id='word_1_90' title='bbox 1428 1241 1638 1305; x_wconf 82' lang='lat' dir='ltr'><strong>scilicet</strong></span> <span class='ocrx_word' id='word_1_91' title='bbox 1681 1258 1778 1315; x_wconf 81' lang='lat' dir='ltr'><strong>per</strong></span> <span class='ocrx_word' id='word_1_92' title='bbox 1825 1240 2026 1314; x_wconf 85' lang='lat' dir='ltr'><strong>ipsum</strong></span> <span class='ocrx_word' id='word_1_93' title='bbox 2046 1240 2107 1302; x_wconf 85' lang='lat' dir='ltr'><strong>in</strong></span> <span class='ocrx_word' id='word_1_94' title='bbox 2138 1239 2577 1316; x_wconf 80' lang='lat' dir='ltr'>quibuscunque</span> 
     </span>
     <span class='ocr_line' id='line_1_11' title="bbox 557 1321 2578 1407; baseline -0.001 -18"><span class='ocrx_word' id='word_1_95' title='bbox 557 1333 856 1402; x_wconf 81' lang='lat' dir='ltr'><strong>potissimis</strong></span> <span class='ocrx_word' id='word_1_96' title='bbox 892 1332 1051 1399; x_wconf 82' lang='lat' dir='ltr'><strong>bonis</strong></span> <span class='ocrx_word' id='word_1_97' title='bbox 1073 1323 1406 1398; x_wconf 79' lang='lat' dir='ltr'><strong>reficientur.</strong></span> <span class='ocrx_word' id='word_1_98' title='bbox 1433 1331 1530 1394; x_wconf 86' lang='lat' dir='ltr'><strong>Est</strong></span> <span class='ocrx_word' id='word_1_99' title='bbox 1559 1331 1706 1389; x_wconf 89' lang='lat' dir='ltr'><strong>enim</strong></span> <span class='ocrx_word' id='word_1_100' title='bbox 1749 1321 2228 1407; x_wconf 81' lang='lat' dir='ltr'><strong>considerandum,</strong></span> <span class='ocrx_word' id='word_1_101' title='bbox 2256 1327 2390 1402; x_wconf 86' lang='lat' dir='ltr'><strong>quia</strong></span> <span class='ocrx_word' id='word_1_102' title='bbox 2440 1346 2578 1387; x_wconf 82' lang='lat' dir='ltr'><strong>cum</strong></span> 
     </span>
     <span class='ocr_line' id='line_1_12' title="bbox 558 1403 2576 1520; baseline -0 -43"><span class='ocrx_word' id='word_1_103' title='bbox 558 1421 865 1490; x_wconf 84' lang='lat' dir='ltr'><strong>intellectus</strong></span> <span class='ocrx_word' id='word_1_104' title='bbox 893 1437 989 1494; x_wconf 90' lang='lat' dir='ltr'><strong>per</strong></span> <span class='ocrx_word' id='word_1_105' title='bbox 1018 1420 1257 1520; x_wconf 83' lang='lat' dir='ltr'><strong>aliquam</strong></span> <span class='ocrx_word' id='word_1_106' title='bbox 1286 1419 1544 1493; x_wconf 82' lang='lat' dir='ltr'><strong>speciem,</strong></span> <span class='ocrx_word' id='word_1_107' title='bbox 1567 1433 1662 1480; x_wconf 84' lang='lat' dir='ltr'><strong>seu</strong></span> <span class='ocrx_word' id='word_1_108' title='bbox 1692 1403 1924 1475; x_wconf 83' lang='lat' dir='ltr'><strong>formam</strong></span> <span class='ocrx_word' id='word_1_109' title='bbox 1947 1417 2218 1489; x_wconf 82' lang='lat' dir='ltr'><strong>intelligat</strong></span> <span class='ocrx_word' id='word_1_110' title='bbox 2237 1433 2396 1474; x_wconf 87' lang='lat' dir='ltr'><strong>omne</strong></span> <span class='ocrx_word' id='word_1_111' title='bbox 2417 1419 2576 1492; x_wconf 89' lang='lat' dir='ltr'><strong>quod</strong></span> 
     </span>
     <span class='ocr_line' id='line_1_13' title="bbox 559 1505 2576 1580; baseline -0.001 -14"><span class='ocrx_word' id='word_1_112' title='bbox 559 1509 726 1579; x_wconf 85' lang='lat' dir='ltr'><strong>novit,</strong></span> <span class='ocrx_word' id='word_1_113' title='bbox 759 1509 903 1580; x_wconf 84' lang='lat' dir='ltr'><strong>sieut</strong></span> <span class='ocrx_word' id='word_1_114' title='bbox 956 1509 1125 1568; x_wconf 88' lang='lat' dir='ltr'><strong>etiam</strong></span> <span class='ocrx_word' id='word_1_115' title='bbox 1174 1509 1325 1568; x_wconf 87' lang='lat' dir='ltr'><strong>visus</strong></span> <span class='ocrx_word' id='word_1_116' title='bbox 1368 1509 1606 1570; x_wconf 74' lang='lat' dir='ltr'><strong>exterior</strong></span> <span class='ocrx_word' id='word_1_117' title='bbox 1653 1524 1750 1580; x_wconf 84' lang='lat' dir='ltr'><strong>per</strong></span> <span class='ocrx_word' id='word_1_118' title='bbox 1795 1507 2027 1568; x_wconf 78' lang='lat' dir='ltr'><strong>formam</strong></span> <span class='ocrx_word' id='word_1_119' title='bbox 2081 1506 2280 1579; x_wconf 85' lang='lat' dir='ltr'><strong>lapidis</strong></span> <span class='ocrx_word' id='word_1_120' title='bbox 2321 1505 2576 1579; x_wconf 82' lang='lat' dir='ltr'>lapidem</span> 
     </span>
     <span class='ocr_line' id='line_1_14' title="bbox 558 1593 2578 1671; baseline -0 -17"><span class='ocrx_word' id='word_1_121' title='bbox 558 1598 726 1661; x_wconf 82' lang='lat' dir='ltr'><strong>videt,</strong></span> <span class='ocrx_word' id='word_1_122' title='bbox 745 1613 867 1654; x_wconf 89' lang='lat' dir='ltr'><strong>non</strong></span> <span class='ocrx_word' id='word_1_123' title='bbox 913 1602 999 1657; x_wconf 85' lang='lat' dir='ltr'><strong>est</strong></span> <span class='ocrx_word' id='word_1_124' title='bbox 1033 1613 1131 1671; x_wconf 79' lang='lat' dir='ltr'><strong>pos</strong></span> <span class='ocrx_word' id='word_1_125' title='bbox 1108 1597 1319 1664; x_wconf 82' lang='lat' dir='ltr'><strong>sibile,·</strong></span> <span class='ocrx_word' id='word_1_126' title='bbox 1342 1597 1492 1670; x_wconf 88' lang='lat' dir='ltr'><strong>quod</strong></span> <span class='ocrx_word' id='word_1_127' title='bbox 1533 1595 1845 1656; x_wconf 82' lang='lat' dir='ltr'><strong>intellectus</strong></span> <span class='ocrx_word' id='word_1_128' title='bbox 1879 1597 2056 1653; x_wconf 89' lang='lat' dir='ltr'><strong>Deum</strong></span> <span class='ocrx_word' id='word_1_129' title='bbox 2098 1593 2154 1652; x_wconf 89' lang='lat' dir='ltr'><strong>in</strong></span> <span class='ocrx_word' id='word_1_130' title='bbox 2197 1610 2296 1653; x_wconf 88' lang='lat' dir='ltr'><strong>sua</strong></span> <span class='ocrx_word' id='word_1_131' title='bbox 2319 1596 2578 1658; x_wconf 80' lang='lat' dir='ltr'><strong>essentia</strong></span> 
     </span>
     <span class='ocr_line' id='line_1_15' title="bbox 556 1683 2580 1762; baseline -0.001 -18"><span class='ocrx_word' id='word_1_132' title='bbox 556 1687 743 1744; x_wconf 87' lang='lat' dir='ltr'><strong>videat</strong></span> <span class='ocrx_word' id='word_1_133' title='bbox 768 1704 866 1762; x_wconf 87' lang='lat' dir='ltr'><strong>per</strong></span> <span class='ocrx_word' id='word_1_134' title='bbox 894 1687 1134 1760; x_wconf 81' lang='lat' dir='ltr'>aliquam</span> <span class='ocrx_word' id='word_1_135' title='bbox 1164 1695 1407 1752; x_wconf 85' lang='lat' dir='ltr'><strong>creatam</strong></span> <span class='ocrx_word' id='word_1_136' title='bbox 1427 1686 1686 1758; x_wconf 87' lang='lat' dir='ltr'><strong>speeiem,</strong></span> <span class='ocrx_word' id='word_1_137' title='bbox 1719 1701 1814 1760; x_wconf 85' lang='lat' dir='ltr'><strong>seu</strong></span> <span class='ocrx_word' id='word_1_138' title='bbox 1849 1684 2082 1744; x_wconf 85' lang='lat' dir='ltr'><strong>formam</strong></span> <span class='ocrx_word' id='word_1_139' title='bbox 2119 1683 2272 1758; x_wconf 84' lang='lat' dir='ltr'><strong>quasi</strong></span> <span class='ocrx_word' id='word_1_140' title='bbox 2309 1683 2580 1750; x_wconf 83' lang='lat' dir='ltr'><strong>divinam</strong></span> 
     </span>
     <span class='ocr_line' id='line_1_16' title="bbox 558 1772 2578 1850; baseline -0.001 -16"><span class='ocrx_word' id='word_1_141' title='bbox 558 1777 853 1835; x_wconf 83' lang='lat' dir='ltr'><strong>essentiam</strong></span> <span class='ocrx_word' id='word_1_142' title='bbox 876 1782 1381 1850; x_wconf 69' lang='lat' dir='ltr'><strong>repraesentantem.</strong></span> <span class='ocrx_word' id='word_1_143' title='bbox 1399 1774 1662 1833; x_wconf 81' lang='lat' dir='ltr'><strong>Videmus</strong></span> <span class='ocrx_word' id='word_1_144' title='bbox 1685 1774 1831 1830; x_wconf 84' lang='lat' dir='ltr'><strong>enim</strong></span> <span class='ocrx_word' id='word_1_145' title='bbox 1855 1774 2004 1846; x_wconf 89' lang='lat' dir='ltr'><strong>quod</strong></span> <span class='ocrx_word' id='word_1_146' title='bbox 2031 1789 2128 1846; x_wconf 87' lang='lat' dir='ltr'><strong>per</strong></span> <span class='ocrx_word' id='word_1_147' title='bbox 2151 1772 2391 1845; x_wconf 87' lang='lat' dir='ltr'><strong>speciem</strong></span> <span class='ocrx_word' id='word_1_148' title='bbox 2420 1772 2578 1832; x_wconf 83' lang='lat' dir='ltr'><strong>infe-</strong></span> 
     </span>
     <span class='ocr_line' id='line_1_17' title="bbox 558 1863 2576 1940; baseline -0.001 -17"><span class='ocrx_word' id='word_1_149' title='bbox 558 1867 717 1924; x_wconf 90' lang='lat' dir='ltr'><strong>rioris</strong></span> <span class='ocrx_word' id='word_1_150' title='bbox 745 1864 951 1923; x_wconf 87' lang='lat' dir='ltr'><strong>ordinis</strong></span> <span class='ocrx_word' id='word_1_151' title='bbox 982 1881 1165 1940; x_wconf 85' lang='lat' dir='ltr'><strong>rerum</strong></span> <span class='ocrx_word' id='word_1_152' title='bbox 1194 1881 1300 1920; x_wconf 90' lang='lat' dir='ltr'><strong>non</strong></span> <span class='ocrx_word' id='word_1_153' title='bbox 1331 1868 1512 1937; x_wconf 86' lang='lat' dir='ltr'><strong>potest</strong></span> <span class='ocrx_word' id='word_1_154' title='bbox 1538 1865 1903 1937; x_wconf 78' lang='lat' dir='ltr'><strong>representari</strong></span> <span class='ocrx_word' id='word_1_155' title='bbox 1939 1879 2029 1920; x_wconf 86' lang='lat' dir='ltr'><strong>res</strong></span> <span class='ocrx_word' id='word_1_156' title='bbox 2057 1863 2354 1935; x_wconf 90' lang='lat' dir='ltr'><strong>superioris</strong></span> <span class='ocrx_word' id='word_1_157' title='bbox 2382 1880 2576 1938; x_wconf 88' lang='lat' dir='ltr'><strong>quan-</strong></span> 
     </span>
     <span class='ocr_line' id='line_1_18' title="bbox 561 1951 2576 2027; baseline -0 -14"><span class='ocrx_word' id='word_1_158' title='bbox 561 1962 674 2022; x_wconf 90' lang='lat' dir='ltr'><strong>tum</strong></span> <span class='ocrx_word' id='word_1_159' title='bbox 698 1957 769 2014; x_wconf 88' lang='lat' dir='ltr'><strong>ad</strong></span> <span class='ocrx_word' id='word_1_160' title='bbox 796 1971 955 2022; x_wconf 87' lang='lat' dir='ltr'><strong>suam</strong></span> <span class='ocrx_word' id='word_1_161' title='bbox 976 1955 1271 2015; x_wconf 70' lang='lat' dir='ltr'><strong>essentiam</strong></span> <span class='ocrx_word' id='word_1_162' title='bbox 1299 1971 1312 2009; x_wconf 90' lang='lat'>:</span> <span class='ocrx_word' id='word_1_163' title='bbox 1342 1954 1486 2013; x_wconf 87' lang='lat' dir='ltr'><strong>unde</strong></span> <span class='ocrx_word' id='word_1_164' title='bbox 1517 1954 1591 2010; x_wconf 87' lang='lat' dir='ltr'><strong>sit</strong></span> <span class='ocrx_word' id='word_1_165' title='bbox 1615 1952 1763 2026; x_wconf 85' lang='lat' dir='ltr'><strong>quod</strong></span> <span class='ocrx_word' id='word_1_166' title='bbox 1791 1969 1889 2027; x_wconf 85' lang='lat' dir='ltr'><strong>per</strong></span> <span class='ocrx_word' id='word_1_167' title='bbox 1907 1951 2113 2010; x_wconf 88' lang='lat' dir='ltr'><strong>nullam</strong></span> <span class='ocrx_word' id='word_1_168' title='bbox 2151 1952 2394 2024; x_wconf 85' lang='lat' dir='ltr'><strong>speciem</strong></span> <span class='ocrx_word' id='word_1_169' title='bbox 2437 1969 2576 2012; x_wconf 84' lang='lat' dir='ltr'><strong>cor-</strong></span> 
     </span>
     <span class='ocr_line' id='line_1_19' title="bbox 555 2041 2572 2119; baseline -0.001 -16"><span class='ocrx_word' id='word_1_170' title='bbox 555 2046 799 2118; x_wconf 73' lang='lat' dir='ltr'><strong>poi-alem</strong></span> <span class='ocrx_word' id='word_1_171' title='bbox 828 2051 1009 2119; x_wconf 88' lang='lat' dir='ltr'><strong>potest</strong></span> <span class='ocrx_word' id='word_1_172' title='bbox 1050 2044 1280 2116; x_wconf 84' lang='lat' dir='ltr'><strong>intelligi</strong></span> <span class='ocrx_word' id='word_1_173' title='bbox 1310 2043 1614 2116; x_wconf 87' lang='lat' dir='ltr'><strong>spiritualis</strong></span> <span class='ocrx_word' id='word_1_174' title='bbox 1644 2041 1964 2102; x_wconf 84' lang='lat' dir='ltr'><strong>substantia.</strong></span> <span class='ocrx_word' id='word_1_175' title='bbox 1993 2049 2264 2116; x_wconf 80' lang='lat' dir='ltr'><strong>quantum</strong></span> <span class='ocrx_word' id='word_1_176' title='bbox 2306 2043 2380 2104; x_wconf 81' lang='lat' dir='ltr'><strong>ad</strong></span> <span class='ocrx_word' id='word_1_177' title='bbox 2407 2059 2572 2104; x_wconf 86' lang='lat' dir='ltr'><strong>suam</strong></span> 
     </span>
     <span class='ocr_line' id='line_1_20' title="bbox 557 2123 2572 2208; baseline -0.001 -16"><span class='ocrx_word' id='word_1_178' title='bbox 557 2134 873 2200; x_wconf 78' lang='lat' dir='ltr'><strong>essentiam.</strong></span> <span class='ocrx_word' id='word_1_179' title='bbox 902 2136 1039 2200; x_wconf 88' lang='lat' dir='ltr'><strong>Cum</strong></span> <span class='ocrx_word' id='word_1_180' title='bbox 1068 2123 1233 2205; x_wconf 84' lang='lat' dir='ltr'><strong>igitur</strong></span> <span class='ocrx_word' id='word_1_181' title='bbox 1258 2133 1405 2190; x_wconf 90' lang='lat' dir='ltr'><strong>Deus</strong></span> <span class='ocrx_word' id='word_1_182' title='bbox 1431 2132 1881 2205; x_wconf 81' lang='lat' dir='ltr'><strong>supergrediatur</strong></span> <span class='ocrx_word' id='word_1_183' title='bbox 1907 2137 2082 2190; x_wconf 87' lang='lat' dir='ltr'><strong>totum</strong></span> <span class='ocrx_word' id='word_1_184' title='bbox 2109 2138 2384 2208; x_wconf 82' lang='lat' dir='ltr'><strong>creaturae</strong></span> <span class='ocrx_word' id='word_1_185' title='bbox 2411 2133 2572 2190; x_wconf 87' lang='lat' dir='ltr'><strong>ordi·</strong></span> 
     </span>
     <span class='ocr_line' id='line_1_21' title="bbox 550 2220 2626 2294; baseline 0 -14"><span class='ocrx_word' id='word_1_186' title='bbox 550 2223 907 2294; x_wconf 39' lang='lat' dir='ltr'><strong>,nemsmulto</strong></span> <span class='ocrx_word' id='word_1_187' title='bbox 946 2220 1121 2292; x_wconf 81' lang='lat' dir='ltr'><strong>magis</strong></span> <span class='ocrx_word' id='word_1_188' title='bbox 1163 2237 1329 2292; x_wconf 80' lang='lat' dir='ltr'><strong>quam</strong></span> <span class='ocrx_word' id='word_1_189' title='bbox 1372 2221 1674 2293; x_wconf 84' lang='lat' dir='ltr'><strong>spiritualis</strong></span> <span class='ocrx_word' id='word_1_190' title='bbox 1709 2220 2017 2280; x_wconf 76' lang='lat' dir='ltr'><strong>substantia¹</strong></span> <span class='ocrx_word' id='word_1_191' title='bbox 2045 2221 2282 2278; x_wconf 81' lang='lat' dir='ltr'><strong>excedat</strong></span> <span class='ocrx_word' id='word_1_192' title='bbox 2315 2223 2570 2280; x_wconf 74' lang='lat' dir='ltr'><strong>ordinem</strong></span> <span class='ocrx_word' id='word_1_193' title='bbox 2613 2254 2626 2270; x_wconf 60' lang='grc' dir='ltr'><em>ο</em></span> 
     </span>
     <span class='ocr_line' id='line_1_22' title="bbox 558 2305 2567 2384; baseline 0 -16"><span class='ocrx_word' id='word_1_194' title='bbox 558 2309 920 2383; x_wconf 83' lang='lat' dir='ltr'><strong>corporalium</strong></span> <span class='ocrx_word' id='word_1_195' title='bbox 968 2321 1171 2375; x_wconf 88' lang='lat' dir='ltr'><strong>rerum,</strong></span> <span class='ocrx_word' id='word_1_196' title='bbox 1220 2307 1555 2380; x_wconf 85' lang='lat' dir='ltr'><strong>impossibile</strong></span> <span class='ocrx_word' id='word_1_197' title='bbox 1589 2317 1673 2366; x_wconf 90' lang='lat' dir='ltr'><strong>est</strong></span> <span class='ocrx_word' id='word_1_198' title='bbox 1707 2310 1854 2384; x_wconf 91' lang='lat' dir='ltr'><strong>quod</strong></span> <span class='ocrx_word' id='word_1_199' title='bbox 1898 2325 1995 2384; x_wconf 86' lang='lat' dir='ltr'><strong>per</strong></span> <span class='ocrx_word' id='word_1_200' title='bbox 2029 2305 2272 2382; x_wconf 83' lang='lat' dir='ltr'><strong>aliquam</strong></span> <span class='ocrx_word' id='word_1_201' title='bbox 2323 2311 2567 2384; x_wconf 77' lang='lat' dir='ltr'><strong>speciem</strong></span> 
     </span>
     <span class='ocr_line' id='line_1_23' title="bbox 558 2397 2567 2476; baseline 0 -20"><span class='ocrx_word' id='word_1_202' title='bbox 558 2397 896 2476; x_wconf 83' lang='lat' dir='ltr'><strong>corporalem</strong></span> <span class='ocrx_word' id='word_1_203' title='bbox 920 2397 1067 2460; x_wconf 89' lang='lat' dir='ltr'><strong>Deus</strong></span> <span class='ocrx_word' id='word_1_204' title='bbox 1092 2397 1391 2458; x_wconf 85' lang='lat' dir='ltr'><strong>secundum</strong></span> <span class='ocrx_word' id='word_1_205' title='bbox 1429 2413 1586 2470; x_wconf 82' lang='lat' dir='ltr'><strong>suam</strong></span> <span class='ocrx_word' id='word_1_206' title='bbox 1629 2399 1924 2456; x_wconf 85' lang='lat' dir='ltr'><strong>essentiam</strong></span> <span class='ocrx_word' id='word_1_207' title='bbox 1953 2399 2226 2457; x_wconf 81' lang='lat' dir='ltr'><strong>videatur.</strong></span> <span class='ocrx_word' id='word_1_208' title='bbox 2249 2400 2368 2460; x_wconf 88' lang='lat' dir='ltr'><strong>Hoc</strong></span> <span class='ocrx_word' id='word_1_209' title='bbox 2395 2400 2567 2457; x_wconf 72' lang='lat' dir='ltr'><strong>etiam</strong></span> 
     </span>
     <span class='ocr_line' id='line_1_24' title="bbox 547 2484 2568 2574; baseline 0 -30.004"><span class='ocrx_word' id='word_1_210' title='bbox 547 2485 846 2545; x_wconf 87' lang='lat' dir='ltr'><strong>manifeste</strong></span> <span class='ocrx_word' id='word_1_211' title='bbox 887 2489 1147 2558; x_wconf 79' lang='lat' dir='ltr'><strong>apparet,</strong></span> <span class='ocrx_word' id='word_1_212' title='bbox 1162 2484 1207 2540; x_wconf 91' lang='lat' dir='ltr'><strong>si</strong></span> <span class='ocrx_word' id='word_1_213' title='bbox 1232 2485 1369 2559; x_wconf 85' lang='lat' dir='ltr'><strong>-quis</strong></span> <span class='ocrx_word' id='word_1_214' title='bbox 1406 2487 1715 2546; x_wconf 82' lang='lat' dir='ltr'><strong>consideret</strong></span> <span class='ocrx_word' id='word_1_215' title='bbox 1755 2487 1890 2561; x_wconf 91' lang='lat' dir='ltr'><strong>quid</strong></span> <span class='ocrx_word' id='word_1_216' title='bbox 1930 2489 2004 2544; x_wconf 90' lang='lat' dir='ltr'><strong>sit</strong></span> <span class='ocrx_word' id='word_1_217' title='bbox 2031 2504 2148 2545; x_wconf 88' lang='lat' dir='ltr'><strong>rem</strong></span> <span class='ocrx_word' id='word_1_218' title='bbox 2189 2487 2436 2574; x_wconf 81' lang='lat' dir='ltr'><strong>aliquam</strong></span> <span class='ocrx_word' id='word_1_219' title='bbox 2469 2506 2568 2563; x_wconf 88' lang='lat' dir='ltr'><strong>per</strong></span> 
     </span>
     <span class='ocr_line' id='line_1_25' title="bbox 556 2572 2568 2652; baseline 0.001 -20"><span class='ocrx_word' id='word_1_220' title='bbox 556 2592 715 2634; x_wconf 86' lang='lat' dir='ltr'><strong>suam</strong></span> <span class='ocrx_word' id='word_1_221' title='bbox 740 2573 1037 2632; x_wconf 88' lang='lat' dir='ltr'><strong>essentiam</strong></span> <span class='ocrx_word' id='word_1_222' title='bbox 1077 2572 1287 2630; x_wconf 83' lang='lat' dir='ltr'><strong>videre.</strong></span> <span class='ocrx_word' id='word_1_223' title='bbox 1312 2575 1436 2636; x_wconf 90' lang='lat' dir='ltr'><strong>Non</strong></span> <span class='ocrx_word' id='word_1_224' title='bbox 1471 2576 1624 2634; x_wconf 74' lang='lat' dir='ltr'><strong>enim</strong></span> <span class='ocrx_word' id='word_1_225' title='bbox 1666 2579 1964 2648; x_wconf 86' lang='lat' dir='ltr'><strong>essentiam</strong></span> <span class='ocrx_word' id='word_1_226' title='bbox 1999 2577 2234 2636; x_wconf 89' lang='lat' dir='ltr'><strong>hominis</strong></span> <span class='ocrx_word' id='word_1_227' title='bbox 2260 2579 2436 2647; x_wconf 82' lang='lat' dir='ltr'><strong>videt,</strong></span> <span class='ocrx_word' id='word_1_228' title='bbox 2467 2580 2568 2652; x_wconf 87' lang='lat' dir='ltr'><strong>qui</strong></span> 
     </span>
     <span class='ocr_line' id='line_1_26' title="bbox 552 2649 2562 2742; baseline 0.001 -18.006"><span class='ocrx_word' id='word_1_229' title='bbox 552 2665 768 2740; x_wconf 88' lang='lat' dir='ltr'><strong>aliquid</strong></span> <span class='ocrx_word' id='word_1_230' title='bbox 793 2679 982 2723; x_wconf 88' lang='lat' dir='ltr'><strong>eorum</strong></span> <span class='ocrx_word' id='word_1_231' title='bbox 1014 2649 1139 2736; x_wconf 76' lang='lat' dir='ltr'><strong>quae</strong></span> <span class='ocrx_word' id='word_1_232' title='bbox 1166 2665 1532 2724; x_wconf 84' lang='lat' dir='ltr'><strong>essentialiter</strong></span> <span class='ocrx_word' id='word_1_233' title='bbox 1557 2666 1763 2724; x_wconf 89' lang='lat' dir='ltr'><strong>homini</strong></span> <span class='ocrx_word' id='word_1_234' title='bbox 1797 2669 2146 2738; x_wconf 82' lang='lat' dir='ltr'><strong>conveniunt,</strong></span> <span class='ocrx_word' id='word_1_235' title='bbox 2177 2668 2562 2742; x_wconf 81' lang='lat' dir='ltr'><strong>apprehendit,</strong></span> 
     </span>
     <span class='ocr_line' id='line_1_27' title="bbox 556 2755 2566 2834; baseline 0.001 -21"><span class='ocrx_word' id='word_1_236' title='bbox 556 2756 701 2813; x_wconf 89' lang='lat' dir='ltr'><strong>sicut</strong></span> <span class='ocrx_word' id='word_1_237' title='bbox 728 2771 829 2812; x_wconf 85' lang='lat' dir='ltr'><strong>nee</strong></span> <span class='ocrx_word' id='word_1_238' title='bbox 852 2755 1135 2827; x_wconf 77' lang='lat' dir='ltr'><strong>cognoscit</strong></span> <span class='ocrx_word' id='word_1_239' title='bbox 1146 2761 1438 2814; x_wconf 86' lang='lat' dir='ltr'><strong>essentiam</strong></span> <span class='ocrx_word' id='word_1_240' title='bbox 1455 2756 1690 2814; x_wconf 89' lang='lat' dir='ltr'><strong>hominis</strong></span> <span class='ocrx_word' id='word_1_241' title='bbox 1707 2759 1800 2834; x_wconf 91' lang='lat' dir='ltr'><strong>qui</strong></span> <span class='ocrx_word' id='word_1_242' title='bbox 1830 2759 2110 2831; x_wconf 83' lang='lat' dir='ltr'><strong>cognoscit</strong></span> <span class='ocrx_word' id='word_1_243' title='bbox 2129 2758 2331 2816; x_wconf 87' lang='lat' dir='ltr'><strong>animal</strong></span> <span class='ocrx_word' id='word_1_244' title='bbox 2353 2758 2566 2833; x_wconf 83' lang='lat' dir='ltr'><strong>absque</strong></span> 
     </span>
     <span class='ocr_line' id='line_1_28' title="bbox 550 2843 2567 2918; baseline 0.001 -16"><span class='ocrx_word' id='word_1_245' title='bbox 550 2843 835 2912; x_wconf 70' lang='lat' dir='ltr'><strong>rationali.</strong></span> <span class='ocrx_word' id='word_1_246' title='bbox 861 2843 1140 2918; x_wconf 85' lang='lat' dir='ltr'><strong>Quidquid</strong></span> <span class='ocrx_word' id='word_1_247' title='bbox 1185 2851 1371 2906; x_wconf 83' lang='lat' dir='ltr'><strong>autem</strong></span> <span class='ocrx_word' id='word_1_248' title='bbox 1396 2845 1466 2902; x_wconf 89' lang='lat' dir='ltr'><strong>de</strong></span> <span class='ocrx_word' id='word_1_249' title='bbox 1507 2846 1622 2903; x_wconf 91' lang='lat' dir='ltr'><strong>Deo</strong></span> <span class='ocrx_word' id='word_1_250' title='bbox 1658 2847 1882 2916; x_wconf 86' lang='lat' dir='ltr'><strong>dieitur,</strong></span> <span class='ocrx_word' id='word_1_251' title='bbox 1915 2845 2282 2905; x_wconf 87' lang='lat' dir='ltr'><strong>essentialiter</strong></span> <span class='ocrx_word' id='word_1_252' title='bbox 2302 2848 2567 2906; x_wconf 84' lang='lat' dir='ltr'><strong>convenit</strong></span> 
     </span>
     <span class='ocr_line' id='line_1_29' title="bbox 548 2934 2565 3011; baseline 0 -17"><span class='ocrx_word' id='word_1_253' title='bbox 548 2936 630 2994; x_wconf 86' lang='lat' dir='ltr'><strong>ei.</strong></span> <span class='ocrx_word' id='word_1_254' title='bbox 660 2937 781 2992; x_wconf 91' lang='lat' dir='ltr'><strong>Non</strong></span> <span class='ocrx_word' id='word_1_255' title='bbox 806 2942 891 2993; x_wconf 86' lang='lat' dir='ltr'><strong>est</strong></span> <span class='ocrx_word' id='word_1_256' title='bbox 914 2941 1101 2994; x_wconf 85' lang='lat' dir='ltr'><strong>autem</strong></span> <span class='ocrx_word' id='word_1_257' title='bbox 1126 2934 1401 3008; x_wconf 86' lang='lat' dir='ltr'><strong>possibile,</strong></span> <span class='ocrx_word' id='word_1_258' title='bbox 1428 2936 1577 3009; x_wconf 88' lang='lat' dir='ltr'><strong>quod</strong></span> <span class='ocrx_word' id='word_1_259' title='bbox 1601 2953 1710 2994; x_wconf 89' lang='lat' dir='ltr'><strong>una</strong></span> <span class='ocrx_word' id='word_1_260' title='bbox 1735 2946 1924 2994; x_wconf 87' lang='lat' dir='ltr'><strong>creata</strong></span> <span class='ocrx_word' id='word_1_261' title='bbox 1955 2937 2167 3011; x_wconf 81' lang='lat' dir='ltr'><strong>spec-ies</strong></span> <span class='ocrx_word' id='word_1_262' title='bbox 2200 2944 2565 3010; x_wconf 77' lang='lat' dir='ltr'><strong>repraesentet</strong></span> 
     </span>
     <span class='ocr_line' id='line_1_30' title="bbox 547 3023 2564 3098; baseline 0.002 -18"><span class='ocrx_word' id='word_1_263' title='bbox 547 3025 732 3081; x_wconf 87' lang='lat' dir='ltr'><strong>Deum</strong></span> <span class='ocrx_word' id='word_1_264' title='bbox 756 3031 1021 3098; x_wconf 84' lang='lat' dir='ltr'><strong>quantum</strong></span> <span class='ocrx_word' id='word_1_265' title='bbox 1048 3023 1117 3083; x_wconf 82' lang='lat' dir='ltr'><strong>ad</strong></span> <span class='ocrx_word' id='word_1_266' title='bbox 1144 3025 1329 3081; x_wconf 82' lang='lat' dir='ltr'><strong>emnia</strong></span> <span class='ocrx_word' id='word_1_267' title='bbox 1358 3039 1484 3097; x_wconf 84' lang='lat' dir='ltr'><strong>quae</strong></span> <span class='ocrx_word' id='word_1_268' title='bbox 1508 3025 1577 3081; x_wconf 88' lang='lat' dir='ltr'><strong>de</strong></span> <span class='ocrx_word' id='word_1_269' title='bbox 1594 3026 1711 3082; x_wconf 87' lang='lat' dir='ltr'><strong>Deo</strong></span> <span class='ocrx_word' id='word_1_270' title='bbox 1728 3026 2006 3084; x_wconf 86' lang='lat' dir='ltr'><strong>dicuntur.</strong></span> <span class='ocrx_word' id='word_1_271' title='bbox 2023 3027 2166 3083; x_wconf 83' lang='lat' dir='ltr'><strong>Nam</strong></span> <span class='ocrx_word' id='word_1_272' title='bbox 2191 3026 2246 3082; x_wconf 89' lang='lat' dir='ltr'><strong>in</strong></span> <span class='ocrx_word' id='word_1_273' title='bbox 2275 3025 2564 3084; x_wconf 87' lang='lat' dir='ltr'><strong>intellectu</strong></span> 
     </span>
     <span class='ocr_line' id='line_1_31' title="bbox 552 3113 2566 3191; baseline 0.002 -21"><span class='ocrx_word' id='word_1_274' title='bbox 552 3122 745 3187; x_wconf 35' lang='lat' dir='ltr'><strong>‹cre-ato</strong></span> <span class='ocrx_word' id='word_1_275' title='bbox 776 3113 881 3170; x_wconf 89' lang='lat' dir='ltr'><strong>alia</strong></span> <span class='ocrx_word' id='word_1_276' title='bbox 910 3120 995 3170; x_wconf 79' lang='lat' dir='ltr'><strong>esft</strong></span> <span class='ocrx_word' id='word_1_277' title='bbox 1030 3113 1263 3184; x_wconf 81' lang='lat' dir='ltr'><strong>species,</strong></span> <span class='ocrx_word' id='word_1_278' title='bbox 1290 3129 1387 3187; x_wconf 85' lang='lat' dir='ltr'><strong>per</strong></span> <span class='ocrx_word' id='word_1_279' title='bbox 1423 3131 1590 3187; x_wconf 87' lang='lat' dir='ltr'><strong>quam</strong></span> <span class='ocrx_word' id='word_1_280' title='bbox 1624 3113 1982 3190; x_wconf 85' lang='lat' dir='ltr'><strong>apprehendit</strong></span> <span class='ocrx_word' id='word_1_281' title='bbox 2019 3117 2211 3185; x_wconf 81' lang='lat' dir='ltr'><strong>vitam,</strong></span> <span class='ocrx_word' id='word_1_282' title='bbox 2238 3121 2297 3174; x_wconf 85' lang='lat' dir='ltr'><strong>et</strong></span> <span class='ocrx_word' id='word_1_283' title='bbox 2335 3117 2566 3191; x_wconf 81' lang='lat' dir='ltr'><strong>sapien·-</strong></span> 
     </span>
     <span class='ocr_line' id='line_1_32' title="bbox 549 3203 2568 3284; baseline 0.002 -27"><span class='ocrx_word' id='word_1_284' title='bbox 549 3203 711 3269; x_wconf 65' lang='lat' dir='ltr'><strong>..tiam,</strong></span> <span class='ocrx_word' id='word_1_285' title='bbox 740 3209 795 3258; x_wconf 86' lang='lat' dir='ltr'><strong>et</strong></span> <span class='ocrx_word' id='word_1_286' title='bbox 816 3203 1113 3284; x_wconf 62' lang='lat' dir='ltr'><strong>¹iustitiam,</strong></span> <span class='ocrx_word' id='word_1_287' title='bbox 1140 3209 1196 3258; x_wconf 87' lang='lat' dir='ltr'><strong>et</strong></span> <span class='ocrx_word' id='word_1_288' title='bbox 1228 3203 1413 3261; x_wconf 84' lang='lat' dir='ltr'><strong>‘omnia</strong></span> <span class='ocrx_word' id='word_1_289' title='bbox 1437 3203 1546 3262; x_wconf 85' lang='lat' dir='ltr'><strong>alia</strong></span> <span class='ocrx_word' id='word_1_290' title='bbox 1573 3204 1882 3278; x_wconf 83' lang='lat' dir='ltr'><strong>hujusmodi</strong></span> <span class='ocrx_word' id='word_1_291' title='bbox 1910 3221 2036 3282; x_wconf 79' lang='lat' dir='ltr'><strong>quae</strong></span> <span class='ocrx_word' id='word_1_292' title='bbox 2067 3211 2196 3264; x_wconf 84' lang='lat' dir='ltr'><strong>sunt</strong></span> <span class='ocrx_word' id='word_1_293' title='bbox 2228 3203 2330 3262; x_wconf 80' lang='lat' dir='ltr'><strong>Dei</strong></span> <span class='ocrx_word' id='word_1_294' title='bbox 2365 3221 2568 3263; x_wconf 80' lang='lat' dir='ltr'><strong>essen·</strong></span> 
     </span>
     <span class='ocr_line' id='line_1_33' title="bbox 558 3291 2564 3367; baseline 0.004 -21"><span class='ocrx_word' id='word_1_295' title='bbox 558 3291 656 3348; x_wconf 87' lang='lat' dir='ltr'><strong>tia.</strong></span> <span class='ocrx_word' id='word_1_296' title='bbox 690 3291 811 3348; x_wconf 88' lang='lat' dir='ltr'><strong>Non</strong></span> <span class='ocrx_word' id='word_1_297' title='bbox 839 3298 924 3348; x_wconf 86' lang='lat' dir='ltr'><strong>est</strong></span> <span class='ocrx_word' id='word_1_298' title='bbox 955 3292 1126 3364; x_wconf 83' lang='lat' dir='ltr'><strong>igitur</strong></span> <span class='ocrx_word' id='word_1_299' title='bbox 1160 3292 1417 3365; x_wconf 85' lang='lat' dir='ltr'><strong>possibile</strong></span> <span class='ocrx_word' id='word_1_300' title='bbox 1459 3295 1951 3367; x_wconf 79' lang='lat' dir='ltr'><strong>quod-intellectus</strong></span> <span class='ocrx_word' id='word_1_301' title='bbox 1978 3302 2210 3354; x_wconf 83' lang='lat' dir='ltr'><strong>creatus</strong></span> <span class='ocrx_word' id='word_1_302' title='bbox 2233 3295 2564 3355; x_wconf 80' lang='lat' dir='ltr'><strong>informetur</strong></span> 
     </span>
     <span class='ocr_line' id='line_1_34' title="bbox 554 3379 2562 3460; baseline 0.005 -26"><span class='ocrx_word' id='word_1_303' title='bbox 554 3379 741 3454; x_wconf 78' lang='lat' dir='ltr'><strong>aliqua</strong></span> <span class='ocrx_word' id='word_1_304' title='bbox 787 3391 896 3437; x_wconf 85' lang='lat' dir='ltr'><strong>una</strong></span> <span class='ocrx_word' id='word_1_305' title='bbox 935 3381 1117 3454; x_wconf 82' lang='lat' dir='ltr'><strong>specie</strong></span> <span class='ocrx_word' id='word_1_306' title='bbox 1160 3380 1243 3438; x_wconf 87' lang='lat' dir='ltr'><strong>sic</strong></span> <span class='ocrx_word' id='word_1_307' title='bbox 1290 3391 1736 3456; x_wconf 68' lang='lat' dir='ltr'><strong>repraesentante,</strong></span> <span class='ocrx_word' id='word_1_308' title='bbox 1779 3386 2024 3444; x_wconf 86' lang='lat' dir='ltr'><strong>divinam</strong></span> <span class='ocrx_word' id='word_1_309' title='bbox 2061 3385 2388 3456; x_wconf 72' lang='lat' dir='ltr'><strong>essentiam„</strong></span> <span class='ocrx_word' id='word_1_310' title='bbox 2409 3385 2562 3460; x_wconf 85' lang='lat' dir='ltr'><strong>quod</strong></span> 
     </span>
     <span class='ocr_line' id='line_1_35' title="bbox 551 3469 2559 3548; baseline 0.003 -23"><span class='ocrx_word' id='word_1_311' title='bbox 551 3469 699 3531; x_wconf 86' lang='lat' dir='ltr'><strong>Deus</strong></span> <span class='ocrx_word' id='word_1_312' title='bbox 719 3469 777 3527; x_wconf 91' lang='lat' dir='ltr'><strong>in</strong></span> <span class='ocrx_word' id='word_1_313' title='bbox 804 3485 871 3526; x_wconf 91' lang='lat' dir='ltr'><strong>ea</strong></span> <span class='ocrx_word' id='word_1_314' title='bbox 894 3486 989 3544; x_wconf 90' lang='lat' dir='ltr'><strong>per</strong></span> <span class='ocrx_word' id='word_1_315' title='bbox 1016 3485 1173 3527; x_wconf 81' lang='lat' dir='ltr'><strong>suam</strong></span> <span class='ocrx_word' id='word_1_316' title='bbox 1193 3472 1491 3529; x_wconf 84' lang='lat' dir='ltr'><strong>essentiam</strong></span> <span class='ocrx_word' id='word_1_317' title='bbox 1510 3473 1682 3546; x_wconf 87' lang='lat' dir='ltr'><strong>possit</strong></span> <span class='ocrx_word' id='word_1_318' title='bbox 1695 3474 1894 3532; x_wconf 71' lang='lat' dir='ltr'><strong>svideri.</strong></span> <span class='ocrx_word' id='word_1_319' title='bbox 1911 3476 1968 3532; x_wconf 88' lang='lat' dir='ltr'><strong>Si</strong></span> <span class='ocrx_word' id='word_1_320' title='bbox 1991 3481 2176 3536; x_wconf 86' lang='lat' dir='ltr'><strong>autem</strong></span> <span class='ocrx_word' id='word_1_321' title='bbox 2205 3492 2302 3548; x_wconf 83' lang='lat' dir='ltr'><strong>per</strong></span> <span class='ocrx_word' id='word_1_322' title='bbox 2328 3475 2559 3544; x_wconf 84' lang='lat' dir='ltr'><strong>multas,</strong></span> 
     </span>
     <span class='ocr_line' id='line_1_36' title="bbox 552 3558 2565 3640; baseline 0.004 -26"><span class='ocrx_word' id='word_1_323' title='bbox 552 3558 772 3618; x_wconf 82' lang='lat' dir='ltr'><strong>deficiet</strong></span> <span class='ocrx_word' id='word_1_324' title='bbox 800 3559 1004 3640; x_wconf 86' lang='lat' dir='ltr'><strong>unitas,</strong></span> <span class='ocrx_word' id='word_1_325' title='bbox 1035 3575 1163 3633; x_wconf 81' lang='lat' dir='ltr'><strong>quae</strong></span> <span class='ocrx_word' id='word_1_326' title='bbox 1198 3559 1345 3617; x_wconf 87' lang='lat' dir='ltr'><strong>idem</strong></span> <span class='ocrx_word' id='word_1_327' title='bbox 1370 3563 1631 3637; x_wconf 74' lang='lat' dir='ltr'><strong>est-quod</strong></span> <span class='ocrx_word' id='word_1_328' title='bbox 1655 3564 1758 3621; x_wconf 89' lang='lat' dir='ltr'><strong>Dei</strong></span> <span class='ocrx_word' id='word_1_329' title='bbox 1799 3565 2059 3622; x_wconf 83' lang='lat' dir='ltr'><strong>essentia.</strong></span> <span class='ocrx_word' id='word_1_330' title='bbox 2087 3565 2212 3622; x_wconf 88' lang='lat' dir='ltr'><strong>Non</strong></span> <span class='ocrx_word' id='word_1_331' title='bbox 2255 3573 2343 3621; x_wconf 85' lang='lat' dir='ltr'><strong>est</strong></span> <span class='ocrx_word' id='word_1_332' title='bbox 2389 3564 2565 3636; x_wconf 84' lang='lat' dir='ltr'><strong>igitur</strong></span> 
     </span>
     <span class='ocr_line' id='line_1_37' title="bbox 549 3647 2564 3728; baseline 0.003 -24"><span class='ocrx_word' id='word_1_333' title='bbox 549 3647 807 3726; x_wconf 85' lang='lat' dir='ltr'><strong>possibile</strong></span> <span class='ocrx_word' id='word_1_334' title='bbox 828 3649 974 3721; x_wconf 86' lang='lat' dir='ltr'><strong>quod</strong></span> <span class='ocrx_word' id='word_1_335' title='bbox 990 3648 1299 3708; x_wconf 86' lang='lat' dir='ltr'><strong>intellectus</strong></span> <span class='ocrx_word' id='word_1_336' title='bbox 1310 3653 1534 3711; x_wconf 82' lang='lat' dir='ltr'><strong>creatus</strong></span> <span class='ocrx_word' id='word_1_337' title='bbox 1547 3652 1753 3709; x_wconf 81' lang='lat' dir='ltr'><strong>&#39;elevari</strong></span> <span class='ocrx_word' id='word_1_338' title='bbox 1777 3653 1952 3728; x_wconf 88' lang='lat' dir='ltr'><strong>possit</strong></span> <span class='ocrx_word' id='word_1_339' title='bbox 1973 3654 2043 3711; x_wconf 85' lang='lat' dir='ltr'><strong>ad</strong></span> <span class='ocrx_word' id='word_1_340' title='bbox 2066 3652 2366 3716; x_wconf 82' lang='lat' dir='ltr'><strong>videndum</strong></span> <span class='ocrx_word' id='word_1_341' title='bbox 2380 3654 2564 3710; x_wconf 86' lang='lat' dir='ltr'><strong>Deum</strong></span> 
     </span>
     <span class='ocr_line' id='line_1_38' title="bbox 549 3737 2562 3816; baseline 0.004 -24"><span class='ocrx_word' id='word_1_342' title='bbox 549 3737 607 3800; x_wconf 86' lang='lat' dir='ltr'><strong>in</strong></span> <span class='ocrx_word' id='word_1_343' title='bbox 628 3737 809 3809; x_wconf 86' lang='lat' dir='ltr'><strong>seipso</strong></span> <span class='ocrx_word' id='word_1_344' title='bbox 840 3753 936 3810; x_wconf 87' lang='lat' dir='ltr'><strong>per</strong></span> <span class='ocrx_word' id='word_1_345' title='bbox 964 3754 1121 3796; x_wconf 87' lang='lat' dir='ltr'><strong>suam</strong></span> <span class='ocrx_word' id='word_1_346' title='bbox 1146 3742 1442 3798; x_wconf 87' lang='lat' dir='ltr'><strong>essentiam</strong></span> <span class='ocrx_word' id='word_1_347' title='bbox 1469 3741 1655 3815; x_wconf 87' lang='lat' dir='ltr'><strong>aliqua</strong></span> <span class='ocrx_word' id='word_1_348' title='bbox 1692 3739 1798 3800; x_wconf 88' lang='lat' dir='ltr'><strong>una</strong></span> <span class='ocrx_word' id='word_1_349' title='bbox 1825 3744 2014 3816; x_wconf 82' lang='lat' dir='ltr'><strong>specie</strong></span> <span class='ocrx_word' id='word_1_350' title='bbox 2033 3737 2246 3814; x_wconf 81' lang='lat' dir='ltr'><strong>creata,</strong></span> <span class='ocrx_word' id='word_1_351' title='bbox 2274 3742 2362 3801; x_wconf 81' lang='lat' dir='ltr'><strong>vel</strong></span> <span class='ocrx_word' id='word_1_352' title='bbox 2385 3743 2562 3800; x_wconf 85' lang='lat' dir='ltr'><strong>etiam</strong></span> 
     </span>
     <span class='ocr_line' id='line_1_39' title="bbox 548 3825 2563 3908; baseline 0.004 -29"><span class='ocrx_word' id='word_1_353' title='bbox 548 3825 819 3896; x_wconf 74' lang='lat' dir='ltr'><strong>pluribus,</strong></span> <span class='ocrx_word' id='word_1_354' title='bbox 844 3828 1197 3906; x_wconf 80' lang='lat' dir='ltr'><strong>Relinquitur.</strong></span> <span class='ocrx_word' id='word_1_355' title='bbox 1226 3831 1355 3902; x_wconf 66' lang='lat' dir='ltr'><strong>ergo,</strong></span> <span class='ocrx_word' id='word_1_356' title='bbox 1396 3833 1544 3905; x_wconf 90' lang='lat' dir='ltr'><strong>quod</strong></span> <span class='ocrx_word' id='word_1_357' title='bbox 1589 3839 1805 3907; x_wconf 88' lang='lat' dir='ltr'><strong>oportet</strong></span> <span class='ocrx_word' id='word_1_358' title='bbox 1835 3834 1915 3890; x_wconf 82' lang='lat' dir='ltr'><strong>ad</strong></span> <span class='ocrx_word' id='word_1_359' title='bbox 1951 3834 2056 3891; x_wconf 87' lang='lat' dir='ltr'><strong>hoc</strong></span> <span class='ocrx_word' id='word_1_360' title='bbox 2091 3833 2236 3908; x_wconf 74' lang='lat' dir='ltr'><strong>quod</strong></span> <span class='ocrx_word' id='word_1_361' title='bbox 2276 3833 2426 3890; x_wconf 89' lang='lat' dir='ltr'><strong>Deus</strong></span> <span class='ocrx_word' id='word_1_362' title='bbox 2461 3847 2563 3906; x_wconf 81' lang='lat' dir='ltr'><strong>per</strong></span> 
     </span>
     <span class='ocr_line' id='line_1_40' title="bbox 548 3921 2562 3999; baseline 0.004 -28"><span class='ocrx_word' id='word_1_363' title='bbox 548 3927 705 3974; x_wconf 82' lang='lat' dir='ltr'><strong>suam</strong></span> <span class='ocrx_word' id='word_1_364' title='bbox 743 3921 1052 3977; x_wconf 83' lang='lat' dir='ltr'><strong>essentiam·</strong></span> <span class='ocrx_word' id='word_1_365' title='bbox 1077 3921 1329 3978; x_wconf 82' lang='lat' dir='ltr'><strong>videatur</strong></span> <span class='ocrx_word' id='word_1_366' title='bbox 1356 3921 1428 3978; x_wconf 89' lang='lat' dir='ltr'><strong>ab</strong></span> <span class='ocrx_word' id='word_1_367' title='bbox 1461 3923 1740 3981; x_wconf 85' lang='lat' dir='ltr'><strong>intellectu</strong></span> <span class='ocrx_word' id='word_1_368' title='bbox 1777 3921 1986 3992; x_wconf 82' lang='lat' dir='ltr'><strong>creato,</strong></span> <span class='ocrx_word' id='word_1_369' title='bbox 2007 3925 2149 3999; x_wconf 84' lang='lat' dir='ltr'><strong>-quia</strong></span> <span class='ocrx_word' id='word_1_370' title='bbox 2199 3924 2318 3998; x_wconf 87' lang='lat' dir='ltr'><strong>ipsa</strong></span> <span class='ocrx_word' id='word_1_371' title='bbox 2367 3923 2562 3980; x_wconf 81' lang='lat' dir='ltr'><strong>divina</strong></span> 
     </span>
     <span class='ocr_line' id='line_1_41' title="bbox 550 4007 2563 4088; baseline 0.004 -29"><span class='ocrx_word' id='word_1_372' title='bbox 550 4007 793 4064; x_wconf 80' lang='lat' dir='ltr'><strong>essentia</strong></span> <span class='ocrx_word' id='word_1_373' title='bbox 810 4025 917 4080; x_wconf 80' lang='lat' dir='ltr'><strong>per</strong></span> <span class='ocrx_word' id='word_1_374' title='bbox 936 4025 997 4068; x_wconf 86' lang='lat' dir='ltr'><strong>se</strong></span> <span class='ocrx_word' id='word_1_375' title='bbox 1018 4009 1214 4085; x_wconf 80' lang='lat' dir='ltr'><strong>ipsam,</strong></span> <span class='ocrx_word' id='word_1_376' title='bbox 1246 4025 1351 4070; x_wconf 82' lang='lat' dir='ltr'><strong>non</strong></span> <span class='ocrx_word' id='word_1_377' title='bbox 1382 4020 1478 4086; x_wconf 81' lang='lat' dir='ltr'><strong>per</strong></span> <span class='ocrx_word' id='word_1_378' title='bbox 1496 4013 1661 4072; x_wconf 83' lang='lat' dir='ltr'><strong>aliam</strong></span> <span class='ocrx_word' id='word_1_379' title='bbox 1684 4013 1923 4088; x_wconf 83' lang='lat' dir='ltr'><strong>speciem</strong></span> <span class='ocrx_word' id='word_1_380' title='bbox 1949 4015 2232 4084; x_wconf 55' lang='lat' dir='ltr'><strong>videatur,⁴</strong></span> <span class='ocrx_word' id='word_1_381' title='bbox 2251 4019 2311 4072; x_wconf 79' lang='lat' dir='ltr'><strong>et</strong></span> <span class='ocrx_word' id='word_1_382' title='bbox 2329 4011 2442 4069; x_wconf 83' lang='lat' dir='ltr'><strong>hoc</strong></span> <span class='ocrx_word' id='word_1_383' title='bbox 2451 4026 2563 4085; x_wconf 80' lang='lat' dir='ltr'><strong>per</strong></span> 
     </span>
    </p>
   </div>
   <div class='ocr_carea' id='block_1_3' title="bbox 2803 489 2818 3504">
    <p class='ocr_par' dir='ltr' id='par_1_3' title="bbox 2803 489 2818 3504">
     <span class='ocr_line' id='line_1_42' title="bbox 2803 489 2818 3504; baseline 0 0"><span class='ocrx_word' id='word_1_384' title='bbox 2803 489 2818 3504; x_wconf 95' lang='lat' dir='ltr'><strong> </strong></span> 
     </span>
    </p>
   </div>
  </div>
 </body>
</html>
