2850 4517
494 326 574 396 4'8
889 340 896 349 ‘
969 350 1021 397 ε.
1066 348 1302 395 raom
1341 340 1667 399 souma-rra
1707 334 2018 395 oruscnn'a

495 483 602 527 non
626 475 773 533 sunt,
805 474 891 525 εει
917 466 1061 525 enim
1088 466 1491 525 contrariorum
1514 464 1655 523 ratio
1696 465 2058 539 intelligibilis
2084 481 2211 533 una,
2238 468 2369 542 quia
2397 484 2504 545 per

497 572 666 613 unum
695 555 1014 631 intelligitur
1037 554 1214 625 aliud;
1245 554 1581 630 impossibile
1608 561 1691 613 est
1718 554 1890 627 igitur
1910 554 2055 629 quod
2090 553 2401 613 intellectus
2420 558 2503 615 sit

494 644 884 719 corruptibilis.
969 676 974 681 ·
1039 696 1043 703 .

1159 814 1443 885 CAPUT
1489 809 1832 883 LXXXV.

959 958 1053 1022 De
1077 954 1315 1021 unitate
1340 954 1681 1048 intellectus
1696 952 2029 1035 possibilis.

568 1094 730 1153 Forte
753 1098 938 1149 autem
963 1089 1163 1165 aliquis
1193 1088 1358 1154 dicet,
1390 1088 1536 1163 quod
1562 1088 1873 1145 intellectus
1896 1087 2118 1163 quidem
2164 1087 2507 1163 incorrupti-

497 1182 624 1240 bilis
653 1187 756 1247 est,
783 1180 878 1237 sed
915 1188 1001 1236 est
1041 1194 1182 1240 unus
1215 1179 1268 1235 in
1309 1178 1561 1236 omnibus
1598 1176 1925 1241 hominibus,
1950 1183 2005 1235 et
2054 1178 2137 1234 sic
2182 1178 2329 1251 quod
2376 1184 2504 1251 post

498 1266 904 1339 corruptionem
947 1264 1190 1322 omnium
1233 1263 1515 1321 hominum
1553 1271 1817 1331 remanet,
1863 1278 1969 1320 non
2016 1272 2101 1321 est
2139 1264 2245 1320 nisi
2285 1280 2501 1321 unumt

499 1358 642 1431 quod
670 1362 853 1413 autem
878 1356 952 1412 sit
979 1370 1118 1411 unus
1157 1359 1369 1411 tantum
1394 1353 1705 1411 intellectus
1742 1353 1795 1408 in
1826 1351 2095 1420 omnibus,
2125 1352 2505 1426 multipliciter

500 1445 671 1501 astrui
701 1450 900 1517 potest.
923 1442 1104 1501 Primo
1123 1440 1346 1515 quidem
1365 1457 1433 1498 ex
1459 1447 1613 1513 parte
1637 1439 2015 1512 intelligibilis,
2034 1440 2167 1513 quia
2192 1439 2240 1496 si
2259 1446 2345 1497 εει
2362 1440 2505 1497 alius

500 1531 810 1589 intellectus
834 1532 887 1587 in
918 1547 1023 1600 me,
1054 1535 1192 1587 aluus
1219 1528 1274 1586 in
1303 1536 1375 1596 ιε,
1401 1528 1676 1603 oportebit
1696 1528 1841 1602 quod
1871 1530 1943 1585 sit
1968 1528 2074 1585 alia
2100 1528 2509 1604 species’intel-

501 1619 723 1693 ligibilis
750 1619 806 1677 in
833 1635 938 1685 me,
970 1626 1026 1675 et
1053 1617 1160 1676 alia
1199 1618 1254 1674 in
1286 1623 1358 1683 te,
1382 1624 1438 1673 et
1474 1633 1571 1691 per
1598 1632 1941 1692 consequens
1978 1616 2125 1673 aliud
2166 1616 2507 1674 intellectum

502 1708 647 1783 quod
677 1724 778 1780 ego
804 1707 1066 1777 intellige,
1099 1714 1156 1763 et
1181 1706 1327 1764 aliud
1357 1705 1503 1779 quod
1534 1713 1618 1763 tu.
1646 1706 1763 1762 Erit
1791 1720 1921 1776 ergo
1965 1705 2197 1762 intentio
2227 1703 2509 1763 intellecta

418 1846 422 1850 ,
507 1794 869 1869 multiplicata
917 1794 1214 1852 secundum
1257 1807 1541 1851 numerum
1579 1790 2001 1855 individuorum,
2032 1797 2091 1849 ει
2135 1800 2214 1849 ita
2258 1807 2364 1848 non
2400 1792 2510 1848 erit

504 1883 844 1950 universam,
874 1883 970 1966 sed
995 1880 1369 1938 individualis·
1393 1880 1474 1935 Ex
1501 1895 1611 1954 quo
1642 1880 1861 1938 videtur
1902 1880 2078 1953 sequi,
2113 1879 2259 1953 quod
2288 1895 2396 1936 non
2432 1880 2509 1937 sit

504 1971 780 2029 intellecta
809 1971 862 2027 in
893 1977 1040 2036 actu,
1069 1970 1164 2026 sed
1212 1970 1268 2026 in
1300 1969 1545 2042 potentia
1585 1973 1820 2036 tantum,
1854 1983 1979 2025 nam
2004 1969 2336 2025 intentiones
2359 1967 2511 2023 indi-

503 2059 750 2117 viduales
769 2067 904 2123 ,sunt
932 2055 1299 2129 intelligibiles
1326 2056 1382 2113 in
1409 2056 1675 2130 potentia,
1696 2071 1800 2112 non
1821 2062 1949 2113 actu
1974 2055 2203 2113 :deinde
2223 2055 2352 2128 quia
2380 2070 2509 2111 cum

503 2156 784 2204 ostensum
821 2148 914 2213 sit,
946 2146 1091 2219 quod
1140 2143 1451 2201 intellectus
1498 2149 1583 2201 εει
1622 2143 1929 2214 substantia
1968 2142 2270 2201 subsistens
2310 2142 2368 2198 in
2408 2146 2511 2199 suo

503 2250 644 2302 esse,
673 2234 996 2291 substantlae
1020 2238 1204 2289 autem
1234 2231 1635 2290 intellectuales
1662 2232 1845 2307 plures
1887 2248 2111 2289 numero
2148 2246 2257 2289 non
2304 2230 2417 2288 sint
2454 2231 2509 2286 in

503 2321 690 2394 specie
718 2335 844 2385 una,
871 2326 932 2375 ut
957 2335 1121 2393 supra
1164 2320 1331 2377 etiam
1358 2328 1639 2377 ostensum
1667 2325 1771 2390 est,
1803 2320 2053 2393 sequitur
2098 2318 2246 2393 quod
2292 2317 2509 2386 si-alius

505 2416 590 2464 εει
615 2406 925 2464 intellectus
956 2408 1009 2463 in
1037 2423 1142 2475 me,
1173 2416 1228 2464 ει
1253 2406 1393 2463 alius
1421 2407 1478 2464 in
1508 2413 1563 2464 ιε
1594 2407 1896 2465 secundum
1926 2421 2231 2474 numerum,
2264 2405 2411 2481 quod
2436 2406 2509 2462 sit

507 2497 674 2554 etiam
699 2496 837 2553 alius
861 2496 1060 2569 specie,
1093 2503 1149 2553 ει
1184 2498 1266 2552 sic
1291 2512 1392 2569 ego
1439 2506 1495 2554 et
1533 2504 1592 2554 tu
1635 2512 1745 2554 non
1781 2512 1969 2553 sumus
2010 2496 2258 2569 ejusdem
2282 2493 2507 2568 speciei.

506 2587 664 2655 Item,
696 2601 820 2642 cum
851 2587 906 2642 in
931 2593 1126 2643 natura
1152 2586 1354 2659 speciei
1371 2588 1554 2643 omnia
1580 2586 1863 2643 individua
1892 2586 2315 2650 communicent,
2343 2599 2513 2658 opor-

509 2680 588 2730 tet
611 2674 737 2748 poni
765 2674 970 2747 aliquid
999 2681 1199 2748 praeter
1223 2681 1476 2731 naturam
1513 2674 1734 2749 speciei,
1766 2676 2064 2732 secundum
2094 2673 2239 2747 quod
2266 2673 2335 2731 ab
2365 2673 2513 2729 invi-

506 2775 628 2817 cem
651 2759 931 2817 individua
970 2762 1396 2836 distinguantur.
1428 2762 1682 2835 Si.igitur
1715 2763 1768 2819 in
1796 2762 2050 2839 omnibus
2092 2761 2402 2819 hominibus
2426 2768 2513 2817 est

509 2864 649 2905 unus
676 2846 986 2906 intellectus
1007 2850 1305 2908 secundum
1332 2852 1590 2923 speciem,
1622 2850 1807 2924 plures
1844 2857 2028 2907 autem
2055 2851 2361 2907 secundum
2403 2866 2517 2905 nu-

508 2953 738 3007 merum,
765 2945 981 3012 oportet
1003 2954 1204 3021 ponere
1233 2939 1441 3012 aliquid
1464 2939 1610 3014 quod
1640 2938 1807 2996 faciat
1839 2955 2064 2996 numero
2093 2939 2313 2995 differre
2342 2952 2515 2995 unum

509 3026 848 3083 intellectum
874 3027 982 3084 alio
1012 3044 1025 3082 ε
1058 3028 1160 3083 hoc
1187 3032 1376 3083 autem
1415 3042 1523 3083 non
1558 3034 1737 3100 potest
1777 3044 1896 3085 esse
1919 3027 2127 3101 aliquid
2150 3026 2301 3102 quod
2341 3027 2415 3083 sit
2442 3026 2515 3082 de

509 3113 818 3171 substantia
846 3113 1176 3183 intellectus,
1201 3128 1326 3169 cum
1351 3114 1660 3172 intellectus
1688 3131 1796 3173 non
1818 3116 1891 3173 sit
1920 3116 2257 3190 compositus
2280 3131 2348 3173 ex
2388 3128 2517 3171 ma-

511 3200 650 3257 teria
695 3208 752 3259 et
795 3201 989 3258 forma.
1038 3202 1118 3257 Ex
1154 3217 1262 3275 quo
1316 3204 1583 3276 sequitur,
1624 3204 1770 3278 quod
1803 3204 1978 3261 omnis
2029 3190 2345 3263 differentia
2387 3216 2515 3277 quae

511 3288 682 3361 accipi
715 3296 897 3361 posset
921 3290 1217 3347 secundum
1252 3290 1308 3346 id
1333 3291 1479 3364 quod
1519 3301 1603 3349 est
1636 3292 1703 3348 de
1726 3291 2031 3349 substantia
2079 3290 2409 3357 intellectae,
2441 3290 2517 3347 sit

511 3377 818 3453 different-ia
839 3378 1080 3436 formalis
1104 3388 1158 3436 et
1187 3379 1561 3438 diversificans
1580 3380 2196 3465 speciem-Relinquitur
2215 3395 2346 3452 ergo
2366 3378 2519 3453 quod

513 3465 821 3523 intellectus
837 3468 1244 3526 unius-hominis
1260 3484 1363 3525 non
1383 3471 1553 3542 possit
1577 3487 1696 3527 esse
1720 3470 1861 3528 alius
1879 3486 2107 3527 numero
2134 3470 2206 3527 ab
2230 3468 2517 3526 intellectu

511 3554 757 3625 alterius,
781 3556 882 3611 nisi
910 3564 1129 3630 propter
1156 3558 1531 3616 diversitatem
1558 3573 1883 3633 corporum;
1912 3560 2195 3633 corruptis,
2225 3574 2359 3630 ergo
2388 3571 2521 3613 cor·

510 3642 736 3716 poribus
764 3642 1014 3710 diversis,
1041 3644 1260 3702 videtur
1281 3647 1429 3720 quod
1467 3663 1575 3706 non
1604 3654 1922 3705 remaneant
1965 3648 2150 3722 plures
2177 3645 2514 3713 intellectus,

509 3732 606 3811 secl
638 3746 777 3789 unus
792 3738 1023 3797 tantum.
1047 3733 1162 3789 Hoc
1181 3740 1364 3791 autem
1393 3737 1541 3809 quod
1568 3722 1901 3810 impossibile
1920 3735 2013 3803 sit,
2036 3734 2319 3792 evidenter
2340 3750 2523 3807 appa·

511 3828 616 3887 ret.
647 3820 730 3877 Ad
782 3820 929 3893 quod
979 3820 1374 3881 ostendendum
1422 3824 1825 3895 procedendum
1864 3832 1951 3881 εει
2004 3824 2149 3881 sicut
2202 3821 2521 3895 proceditur

510 3914 703 3967 contra
727 3914 990 3982 negantes
1013 3908 1300 3987 principia,
1327 3916 1389 3969 ut
1415 3925 1685 3988 ponamus
1711 3912 1921 3990 aliquid
1963 3912 2113 3989 quod
2153 3909 2378 3971 omnino
2413 3924 2525 3971 ue·
