2850 4517
822 394 866 445 1.
896 416 976 431 -
1005 393 1405 445 commumoni
1460 394 1822 445 'rnnonomas
2212 383 2323 447 161

318 514 633 589 hypostasis
663 513 945 581 :dicimus
982 524 1167 574 tamen
1209 515 1450 573 animam
1489 514 1712 583 Christi,
1759 514 1846 572 vel
1887 530 2085 589 corpus
2125 517 2328 575 Christi

318 622 439 662 esse
453 610 800 668 creaturam.
831 604 1033 661 Anima
1072 604 1241 677 igitur
1282 603 1486 661 Christi
1524 605 1700 665 Deum
1744 620 1852 661 non
1893 606 2326 679 comprehendit,

316 694 411 751 sed
434 692 685 751 Christus
703 693 880 750 Deum
894 689 1419 766 comprehenditsua
1447 693 1722 767 sapientia
1749 692 2012 762 increata,
2031 697 2329 753 secundum

312 798 486 857 „quem
518 781 739 839 modum
771 782 1037 849 Dominus
1067 782 1221 851 dicit,
1252 782 1495 841 Matthaei
1527 799 1550 841 1
1579 800 1596 841 a
1623 782 1795 845 Nemo
1821 784 1969 841 novit
2003 782 2197 856 filium,
2222 786 2332 841 nisi

314 879 477 945 pater
504 888 522 928 .·
549 888 711 943 neque
746 879 964 945 patrem
1003 871 1125 945 quis
1156 870 1330 939 novit,
1367 871 1479 929 nisi
1516 870 1685 945 filius,
1715 872 1786 929 de
1831 872 2334 945 comprehensionis

320 962 437 1033 ejus
476 960 678 1017 notitia
718 960 969 1034 loquens·
1008 962 1107 1019 Est
1144 969 1331 1020 autem
1372 960 1853 1029 considerandum,
1904 961 2049 1034 quod
2090 964 2334 1036 ejusdem

320 1050 551 1106 rationis
588 1055 673 1105 est
720 1036 1181 1124 comprehendere
1222 1050 1518 1108 essentiam
1563 1049 1798 1123 alicujus
1833 1050 1932 1119 rei',
1978 1057 2036 1109 et
2071 1050 2332 1109 virtutem

320 1138 511 1210 ipsius.
528 1137 971 1212 Unumquodque
992 1138 1139 1207 enim
1165 1145 1346 1212 potest
1374 1156 1537 1211 agere
1563 1140 1616 1195 in
1649 1146 1916 1213 quantum
1946 1147 2033 1197 est
2060 1156 2160 1197 ens
2183 1148 2333 1197 actu.

320 1229 374 1285 Si
400 1228 570 1300 igitur
596 1225 781 1283 anIma
817 1228 1019 1285 Christi
1048 1226 1343 1287 essentiam
1381 1227 1690 1285 divinitatis
1727 1227 2196 1300 comprehendere.
2228 1245 2344 1287 non

320 1317 487 1385 valet,
513 1324 574 1373 ut
596 1322 880 1374 ostensum
902 1324 1008 1385 est,
1041 1316 1379 1391 impossibile
1412 1323 1499 1373 est
1527 1324 1588 1373 ut
1615 1316 1864 1391 divinam
1891 1317 2154 1375 virtutem
2177 1334 2336 1375 com-

321 1406 641 1480 prehendat,
682 1398 1169 1479 comprehenderet
1213 1413 1397 1486 autem
1423 1408 1542 1479 ejus
1569 1407 1854 1475 virtutem,
1881 1406 1929 1463 si
1976 1417 2337 1479 cognosceret
2431 1474 2436 1477 ,

321 1494 590 1569 quidquid
620 1497 768 1551 Deus
814 1495 995 1553 facere
1032 1502 1231 1571 potest,
1265 1502 1321 1551 et
1350 1496 1552 1569 quibus
1584 1495 1892 1554 rationibus
1929 1497 2156 1553 effectus
2205 1513 2341 1569 pro-

321 1588 521 1643 ducere
545 1586 720 1659 possit
750 1601 763 1641 :
790 1584 895 1642 hoc
923 1592 1009 1643 est
1033 1584 1532 1659 impossibileNon
1557 1584 1727 1656 igitur
1755 1582 1938 1643 anima
1967 1584 2170 1645 Christi
2201 1600 2338 1657 cog-

321 1674 498 1733 noscit
526 1674 794 1749 quidquid
823 1675 973 1731 Deus
1012 1674 1195 1731 facere
1242 1678 1444 1747 potest,
1478 1672 1562 1730 vel
1597 1673 1800 1747 quibus
1827 1672 2135 1731 rationibus
2163 1676 2337 1748 possit

320 1763 557 1839 operari.
587 1763 693 1821 Sed
736 1764 871 1837 quia
915 1762 1163 1819 Christus
1210 1762 1381 1819 etiam
1422 1762 1724 1819 secundum
1765 1761 1913 1835 quod
1961 1762 2142 1830 home,
2189 1777 2338 1819 omni

320 1860 593 1914 creaturae
618 1868 653 1909 a
688 1852 803 1907 Deo
843 1852 1007 1908 Patre
1036 1850 1366 1923 praepositus
1390 1856 1496 1917 est,
1527 1849 1857 1905 conveniens
1898 1857 1983 1906 est
2008 1858 2069 1904 ut
2093 1853 2339 1907 omnium

319 1958 446 2017 quae
476 1958 511 1999 a
534 1942 649 1997 Deo
696 1938 1171 2011 qualitercumque
1208 1938 1356 1994 facta
1384 1943 1531 2004 sunt,
1557 1937 1612 1992 in
1642 1937 1815 2009 ipsius
1843 1936 2046 1994 divinae
2081 1940 2338 1996 essentiae

318 2031 555 2101 visione,
585 2026 806 2101 plenam
846 2024 1214 2098 cog'nitionem
1252 2024 1543 2098 percipiat.
1582 2024 1652 2079 Et
1681 2025 1982 2081 secundum
2009 2024 2114 2081 hoc
2156 2027 2338 2084 anima

321 2120 525 2179 Christi
562 2116 895 2193 omnisciens
923 2115 1147 2183 dicitur,
1180 2114 1313 2186 quia
1346 2112 1567 2187 plenam
1595 2114 1850 2170 notitiam
1893 2112 2059 2171 habet
2095 2117 2338 2174 omnium

323 2227 448 2285 quae
484 2214 633 2277 sunt,
680 2212 860 2274 erunt,
892 2204 981 2263 vel
1024 2204 1264 2261 fuerunt.
1295 2202 1544 2260 Aliarum
1579 2219 1706 2261 vero
1752 2211 2132 2263 creaturarum
2164 2206 2342 2263 Deum

323 2298 645 2365 videntium,
665 2296 919 2369 quaedam
948 2292 1181 2367 plenius,
1200 2300 1255 2361 et
1283 2292 1539 2366 quaedam
1564 2294 1744 2349 minus
1759 2292 1918 2366 plene
1946 2295 2338 2372 praedictorum

325 2392 616 2447 effectuum
636 2384 693 2443 in
717 2386 836 2459 ipsa
858 2384 956 2440 Dei
980 2382 1191 2443 visione
1211 2383 1578 2456 cognitionem
1605 2383 1932 2457 percipiunt.
1963 2386 2169 2443 Praeter
2192 2384 2335 2446 hanc

326 2486 515 2537 autem.
545 2491 729 2535 rerum
768 2473 1155 2547 cognitionem,
1188 2489 1298 2546 qua
1325 2488 1416 2530 res
1451 2472 1520 2529 ab
1553 2471 1836 2530 intellectu
1871 2481 2060 2533 creato
2098 2490 2336 2547 cognos-

325 2574 523 2625 cuntur
546 2564 720 2641 ipsius
755 2562 957 2619 divinae
984 2561 1238 2619 essentiae
1264 2561 1494 2627 visione,
1529 2565 1656 2617 sunt
1677 2560 1772 2619 alii
1800 2561 1951 2619 modi
1981 2561 2328 2634 cognitionis,

325 2657 525 2733 quibus
551 2671 584 2713 a
620 2652 889 2711 creaturis
927 2650 1158 2709 habetur
1198 2666 1383 2707 rerum
1424 2651 1684 2721 cognitio.
1724 2650 1866 2713 Nam
1908 2650 2101 2722 Angeli
2131 2659 2330 2723 praeter

324 2746 693 2821 cognitionem
714 2742 1058 2809 matutinam,
1078 2755 1190 2813 qua
1208 2755 1296 2795 res
1322 2740 1379 2796 in
1398 2738 1572 2807 verbo,
1584 2745 1942 2809 cognoscunt,
1969 2736 2172 2796 habent
2193 2754 2329 2809 cog-

324 2838 591 2895 nitionem
614 2830 1001 2906 vespertinam,
1020 2842 1132 2901 qua
1154 2832 1492 2897 cognoscunt
1515 2824 1679 2879 resin
1707 2824 1942 2895 propriis
1962 2826 2194 2882 naturis.
2212 2826 2331 2881 Hu-

317 2924 560 3000 jusmodi
581 2929 768 2980 autem
790 2918 1029 2993 cognitio
1051 2914 1214 2972 aliter
1240 2908 1830 2984 competithominibus
1845 2912 2144 2970 secundum
2165 2918 2330 2968 natu-

322 3032 439 3076 ram
464 3029 645 3079 suam,
662 3018 830 3085 atque
867 3008 1027 3065 aliter
1054 3000 1297 3075 Angelis·
1328 3001 1470 3058 Nam
1506 2998 1754 3055 homines
1792 2998 2089 3055 secundum
2124 3006 2336 3059 naturae
2423 3048 2428 3054 .

322 3106 575 3165 ordinem
621 3096 1019 3171 intelligibilem
1060 3106 1247 3150 rerum
1276 3090 1567 3147 veritatem
1609 3104 1644 3147 a
1679 3086 1931 3145 sensibus
1957 3088 2238 3161 colligunt,
2271 3101 2332 3149 ut

320 3193 623 3269 Dionysius
652 3190 805 3257 dicit,
841 3188 919 3243 ita
955 3184 1167 3242 scilicet
1194 3180 1341 3255 quod
1371 3178 1582 3253 species
1623 3174 1995 3247 intelligibiles
2039 3178 2096 3233 in
2143 3194 2331 3237 eorum

322 3281 694 3345 intellectibus
720 3276 937 3336 actione
961 3273 1273 3331 intellectus
1312 3269 1527 3343 agentis
1549 3282 1582 3325 a
1609 3265 2082 3341 phantasmatibus
2107 3266 2330 3329 abstra-

324 3375 548 3433 huntur.
572 3367 767 3443 Angeli
796 3380 927 3421 vero
956 3380 1051 3438 per
1074 3348 1340 3417 influxum
1368 3357 1540 3417 divini
1577 3354 1798 3414 luminis
1832 3371 2012 3411 rerum
2037 3355 2327 3415 scientiam

324 3464 641 3540 acquirunt,
658 3463 722 3514 ut
749 3454 961 3513 scilicet
982 3451 1125 3509 sieut
1148 3449 1315 3508 aDeo
1344 3464 1432 3505 res
1462 3447 1640 3503 inesse
1668 3444 2049 3519 prodeunt‚ita
2076 3442 2246 3501 etiam
2269 3446 2325 3503 in

326 3552 609 3611 intellectu
638 3545 885 3619 angelico
904 3558 939 3600 a
960 3542 1075 3599 Deo
1104 3554 1287 3598 rerum
1315 3537 1576 3604 rationes,
1607 3536 1724 3593 sive
1745 3534 2134 3594 similitudines
2157 3533 2338 3607 impri-

326 3647 565 3699 mantur.
597 3638 659 3694 ln
688 3634 939 3707 utrisque
968 3635 1153 3689 autem
1201 3636 1315 3683 tam
1354 3624 1665 3681 hominibus
1693 3638 1860 3697 quem
1895 3621 2140 3695 Angelis,
2171 3635 2338 3692 supra

324 3746 506 3788 rerum
522 3724 894 3799 cognitionem
914 3735 1041 3797 quae
1060 3715 1324 3789 competit
1344 3714 1425 3771 eis
1443 3713 1744 3771 secundum
1758 3718 2032 3780 naturam,
2057 3709 2336 3777 invenitur

324 3820 583 3895 quaedam
598 3808 1030 3889 supernaturalis
1044 3804 1283 3880 cognitio
1299 3802 1686 3878 mysteriorum
1707 3802 2032 3871 divinorum,
2047 3801 2118 3857 de
2137 3798 2338 3871 quibus

321 3917 379 3967 et
406 3906 601 3980 Angeli
632 3896 1107 3966 illuminantureb
1134 3893 1373 3967 Angelis,
1406 3898 1470 3973 et¹
1491 3890 1738 3947 homines
1775 3890 1942 3949 etiam
1968 3892 2037 3947 de
2074 3888 2163 3946 his
2201 3888 2338 3943 Pro-

316 3997 543 4075 phetica
581 3989 919 4052 revelatione
946 3988 1309 4043 instruuntur.
1336 3981 1404 4037 Et
1443 3977 1742 4060 quia-nulla
1777 3981 2038 4055 perfeetio
2064 3978 2337 4037 creaturis

840 4105 895 4159 s.
926 4104 1082 4159 Tuon.
1116 4101 1205 4158 Aa.
1240 4100 1502 4150 orosam.
1527 4073 1590 4133 -“-
1611 4094 1647 4148 1.
1678 4118 1741 4133 --
1765 4095 1819 4149 11
