2850 4517
648 398 733 441 w.
765 413 845 425 -
866 397 946 441 nn
986 396 1407 443 Pnarsscnonn
1449 399 1616 442 virm·
1666 400 2042 447 strruAms
2227 388 2348 456 353

333 517 541 572 tionem
589 512 660 570 ad
703 526 900 587 corpus
946 513 1147 570 Christi
1196 513 1512 588 mysticum,
1554 514 1699 586 quod
1745 524 1830 574 est
1873 517 2136 586 Ecclesia,
2183 535 2346 593 super

333 616 501 675 quam
528 599 887 673 principalem
912 601 1111 673 accipit
1138 615 1347 668 curam,
1380 609 1436 658 et
1470 603 1628 674 quasi
1658 602 1917 674 regalem.
1946 605 2052 661 Sed
2083 615 2347 678 quantum

332 692 404 748 ad
452 705 650 765 corpus
691 687 892 746 Christi
936 705 1146 758 verum,
1190 689 1335 762 quod
1366 691 1421 746 in
1463 692 1816 748 Sacramenta
1863 692 2193 762 continetur,
2239 713 2344 752 non

331 779 498 836 habet
532 779 779 836 ordinem
812 794 977 851 supra
1010 778 1413 851 presbyterum.
1455 780 1611 849 Quod
1649 787 1834 838 autem
1873 781 2074 840 habeat
2110 783 2348 856 aliquem

332 869 581 927 ordinem
621 873 680 923 et
718 883 825 924 non
864 867 1307 940 jurisdictionem
1350 867 1542 938 solam,
1595 875 1740 926 sicut
1785 869 2218 932 ArchidIaconus
2261 875 2348 929 vel

331 967 557 1015 curatus
590 955 895 1030 presbyter,
942 963 1095 1023 patet
1126 973 1195 1012 ex
1234 956 1357 1025 hoc,
1404 957 1553 1030 quod
1598 957 1900 1030 Episcopus
1942 965 2126 1032 potest
2173 960 2347 1018 multa

331 1048 531 1114 facere,
566 1062 691 1120 quae
718 1061 823 1102 non
858 1052 1039 1118 pot-est
1066 1046 1431 1114 committere,
1463 1047 1608 1104 sicut
1633 1047 1948 1114 confimare,
1983 1048 2256 1112 ordinare,
2291 1058 2346 1106 et

331 1151 653 1192 consecrare
695 1133 953 1190 basilicas
980 1139 1036 1190 et
1064 1132 1375 1206 hujusmodi
1418 1151 1432 1189 ε
1482 1151 1608 1207 quae
1633 1149 1767 1208 ¹vero
1790 1134 2192 1206 jurisdictionis
2220 1149 2348 1195 sunt

331 1230 513 1297 potest
552 1214 671 1278 aliis
708 1221 1073 1280 committere.
1113 1220 1265 1276 Idem
1300 1222 1470 1279 etiam
1499 1215 1653 1294 patet
1693 1237 1760 1277 ex
1788 1221 1894 1280 hoc
1921 1223 2065 1294 quod
2109 1222 2156 1279 si
2185 1224 2348 1299 Epis-

236 1305 245 1314 ’
331 1327 502 1385 copus
546 1301 826 1384 depositus
865 1311 1206 1377 restituatur,
1258 1325 1363 1365 non
1415 1310 1616 1366 iterum
1659 1318 2032 1379 consecratur,
2067 1311 2347 1388 'tanquam

331 1407 603 1474 potestate
633 1399 838 1456 ordinis
861 1406 1199 1467 remanente,
1239 1401 1383 1456 sicut
1411 1405 1467 1457 et
1497 1394 1702 1456 in‘aliis
1739 1400 2010 1472 contingit
2039 1402 2343 1460 ordinibus.

331 1491 489 1560 Quod
518 1505 646 1549 vero
681 1489 873 1563 quinto
907 1489 1246 1562 proponitur,
1278 1489 1425 1562 quod
1455 1487 1774 1546 solemniter
1811 1488 2120 1548 instituitur
2147 1494 2346 1550 Archi-

332 1580 613 1646 diaconus,
646 1577 730 1634 vel
776 1577 1055 1651 plebanuS,
1088 1578 1218 1650 quia
1246 1577 1540 1636 investitur
1569 1594 1665 1650 per
1693 1578 1978 1645 annulum,
2018 1580 2105 1636 vel
2140 1582 2344 1654 aliquid

331 1667 645 1740 hujusmodi
666 1667 883 1726 omnino
902 1666 1257 1722 ridiculosum
1286 1671 1389 1722 est.
1412 1668 1526 1722 Ista
1549 1667 1696 1722 enim
1719 1667 2038 1724 solemnitas
2063 1677 2148 1726 est
2173 1673 2348 1742 magis

331 1758 527 1814 similis
554 1756 807 1813 civilibus
832 1753 1291 1820 solemnitatibus,
1322 1755 1626 1810 secundum
1661 1771 1799 1827 quas
1829 1756 1998 1829 aliqui
2039 1757 2347 1814 investian-

330 1853 423 1902 tur
450 1846 520 1902 de
548 1842 709 1901 feudo
737 1858 832 1915 per
858 1841 1133 1909 baculum,
1165 1841 1253 1896 vel
1276 1856 1373 1913 per
1396 1841 1678 1908 annulum,
1713 1859 1880 1915 quam
1911 1835 2348 1902 solemnitatibus

326 1933 614 2001 Ecclesiae,
628 1945 753 2004 quae
772 1930 827 1986 in
841 1929 1081 2002 quadam
1096 1929 1506 1986 consecratione
1522 1938 1610 1987 vel
1621 1929 2002 1988 benedictione
2017 1933 2342 1992 consistunt.

1060 2099 1344 2170 CAPUT
1397 2100 1620 2168 XXV.

330 2246 574 2314 Solutio
620 2244 950 2317 rationum,
996 2258 1127 2322 quoe
1172 2241 1614 2306 inducebantuo
1641 2241 1723 2306 ad
1751 2240 2153 2322 probandum,
2183 2246 2347 2328 quod

412 2353 533 2398 non
570 2334 823 2412 derogat
865 2331 1064 2394 statui
1098 2331 1496 2410 perfeetionis
1519 2321 1858 2411 presbyteri
1892 2335 1986 2398 vel
2009 2333 2346 2400 Arelzidict-¹

415 2425 570 2500 coni,
603 2423 763 2504 quod
790 2438 999 2484 euram
1026 2420 1329 2484 dimittere
1348 2425 1630 2528 possunt.

404 2557 561 2612 Nunc
596 2551 993 2611 ostendendum
1022 2558 1105 2608 est
1134 2551 1317 2620 tertio,
1367 2521 1640 2625 quomodo
1667 2551 1742 2612 sit
1777 2554 2033 2614 frivolum
2075 2555 2150 2626 id,
2197 2555 2342 2632 quod

332 2645 811 2720 oinciturUcontra
850 2641 908 2697 id
950 2639 1096 2712 quod
1125 2640 1335 2696 dictum
1376 2647 1480 2708 est,
1521 2641 1666 2712 quod
1694 2643 1998 2716 presbyteri
2027 2645 2112 2704 vel
2155 2649 2340 2705 archi.-

332 2733 552 2792 diaconi
588 2737 817 2806 possunt
852 2729 1131 2785 dimittere
1158 2743 1369 2794 curam,
1414 2743 1522 2784 non
1550 2737 1736 2786 autem
1774 2731 2076 2806 Episcopus
2109 2736 2338 2809 Episco-

332 2831 545 2898 patum,
573 2821 658 2878 vel
681 2819 965 2892 religiosus
994 2809 1329 2888 religionem.
1352 2815 1510 2872 Circa
1525 2816 1672 2890 quod
1693 2834 1870 2890 primo
1883 2823 2339 2882 considerandum

332 2918 439 2982 est,
470 2911 618 2986 quod
640 2909 972 2982 quicumque
1000 2923 1033 2964 a
1055 2905 1365 2980 perfectiori
1394 2911 1544 2963 statu
1565 2906 1762 2964 transit
1785 2909 1854 2966 ad
1880 2916 2085 2966 statum
2113 2914 2339 2984 quinon

332 3012 419 3060 est
470 2999 853 3076 perfectionis,
898 3003 1152 3054 censetur
1206 2999 1456 3068 apostata
1477 3035 1492 3064 ,
1547 2997 1846 3054 secundum
1899 2999 2059 3065 illuds
2091 3003 2339 3072 Apostol.

329 3093 357 3150 1
385 3091 529 3148 Tim.
558 3106 615 3156 v,
642 3090 712 3145 de
736 3086 937 3154 viduiS,
970 3101 1095 3143 cum
1122 3084 1413 3141 luxuriatae
1436 3083 1640 3140 fuerint
1667 3085 1722 3140 in
1747 3085 1979 3156 Christo,
2005 3087 2210 3148 nubere
2236 3107 2340 3149 vo·

330 3180 574 3250 lentibus
612 3178 851 3235 habentes
892 3173 1307 3240 damnationem,
1344 3174 1474 3241 quia
1496 3189 1730 3242 primam
1752 3174 1912 3244 fidem
1939 3178 2163 3236 irritam
2197 3180 2338 3253 feee-

328 3276 491 3336 rum,
529 3268 622 3325 ubi
653 3267 788 3323 dicit
824 3265 934 3338 glo.
976 3278 1122 3338 quod
1147 3279 1203 3320 m
1232 3278 1335 3320 noc
1358 3269 1650 3320 damnatur
1677 3265 1941 3336 propositi
1977 3267 2146 3336 fraus,
2175 3270 2337 3327 dam-

328 3364 501 3416 natur
527 3356 687 3414 fracti
724 3355 841 3412 voti
866 3354 1019 3422 fideS,
1060 3355 1391 3411 damnantur
1420 3351 1556 3410 tales
1577 3352 1689 3424 qui
1725 3354 2076 3413 continentiae
2102 3359 2336 3429 primam

330 3443 499 3505 fidem
522 3446 737 3504 irritam
759 3444 956 3511 fecere,
984 3447 1039 3499 et
1063 3458 1251 3500 omnes
1273 3441 1584 3500 huiusmodi
1609 3445 1735 3497 sunt
1759 3441 1963 3500 similes
1997 3446 2152 3500 uxori
2171 3447 2330 3512 Loth,

332 3552 463 3610 quae
488 3541 639 3592 retro
676 3531 933 3606 respexit,
968 3537 1024 3588 et
1060 3531 1167 3588 hoc
1198 3535 1283 3586 est
1312 3535 1646 3603 apostatare,
1687 3531 1831 3586 unde
1858 3531 1906 3586 si
1932 3531 2336 3603 Archidiaconi,

329 3615 420 3686 vel
455 3623 673 3698 plebani
716 3623 772 3678 in
801 3627 949 3678 statu
986 3619 1334 3690 perfectionis
1358 3625 1573 3686 essent,
1607 3619 1944 3676 dimittentes
1980 3621 2340 3680 Archidiaco·

328 3720 546 3782 natum,
578 3711 664 3770 vel
696 3709 969 3785 parochiae
1008 3723 1216 3774 curam,
1248 3707 1658 3774 damnarentur,
1691 3724 1814 3766 cum
1840 3715 2106 3781 apost-atae
2133 3721 2334 3769 essent.

330 3803 495 3874 Quod
545 3817 677 3858 vero
727 3802 902 3874 primo
954 3797 1292 3873 proponitur,
1342 3795 1490 3870 quod
1536 3795 1938 3864 Archidiaconi,
1989 3798 2074 3854 vel
2124 3799 2340 3872 plebani

260 3897 265 3900 '
328 3895 567 3962 possunt
606 3888 839 3960 transire
876 3887 945 3944 ad
974 3884 1309 3957 religionem,
1340 3897 1453 3938 non
1483 3887 1704 3954 propter
1730 3883 1834 3950 hoc
1870 3884 2016 3956 quod
2045 3880 2342 3944 statusre-

330 3977 553 4052 ligionis
576 3978 647 4034 sit
666 3977 975 4052 perfectior,
1006 3974 1102 4030 sed
1132 3973 1261 4047 quia
1284 3979 1369 4030 est
1391 3971 1652 4038 securior,
1681 3977 1836 4044 patet
1861 3989 2116 4046 expresse
2143 3976 2337 4034 salsum

850 4093 901 4142 S.
934 4093 1089 4142 Tuon.
1125 4091 1211 4146 Aa.
1246 4091 1510 4140 oruscum.
1535 4113 1596 4125 —
1617 4086 1653 4139 1.
1685 4113 1748 4125 —
1769 4087 1829 4138 23
