2850 4517
536 340 617 398 88
1011 352 1066 396 ε.
1111 349 1344 392 ⁰1·quAE
1384 347 1713 395 AQU1NAT18
1756 347 2065 392 opuscuna

537 469 658 525 fieri
683 472 884 540 potest,
910 453 1246 521 nisivirtute'
1266 463 1450 520 diviua
1485 480 1498 518 z
1526 463 1791 520 sicutnec
1820 462 2196 520 conclusiones
2221 463 2358 519 fiunt
2384 469 2551 520 certoe

511 559 594 614 'in
631 557 894 622 scientiiS,
925 554 1028 610 nisi
1055 553 1352 610 secundum
1379 553 1643 607 virtutem
1665 551 1963 624 primorum
1994 552 2405 624 principiorum.
2446 553 2552 608 Sed

513 663 663 703 ‚cum
705 653 861 702 actus
889 635 1186 700 voluntatis
1209 643 1282 698 sit
1311 641 1593 697 inclinatio
1624 641 1877 714 quaedam
1916 639 1987 696 ab
2016 641 2258 696 interiori
2292 641 2360 696 ad
2396 649 2551 697 exte-

539 739 652 791 rius
682 734 994 808 procedam,
1045 739 1102 789 et
1152 740 1501 804 comparetur
1530 729 1974 786 inclinationibus
2004 729 2367 810 naturalibus
2411 730 2553 787 sicut

537 824 918 881 inclinationes
961 820 1244 878 naturales
1289 819 1455 876 rebus
1496 818 1837 875 naturalibus
1874 818 2055 874 solum
2098 820 2281 874 insunt
2324 835 2359 876 a
2386 835 2553 876 causa

537 930 652 971 suae
677 921 908 980 naturae,
941 913 1017 968 ita
1057 919 1216 967 actus
1245 909 1543 965 voluntatis
1574 925 1604 964 a
1630 907 1744 964 solo
1786 909 1903 963 Deo
1947 915 2048 974 est,
2095 908 2189 981 qui
2216 907 2364 964 solus
2388 923 2555 965 causa

538 1013 621 1059 est
647 1009 860 1059 naturae
899 995 1562 1057 rationalis‚iloluntatem
1591 997 1863 1054 habentis·
1904 997 2059 1052 Unde
2090 1003 2239 1070 patet
2270 998 2418 1069 quod
2447 1013 2553 1053 nou

538 1100 621 1152 est
650 1100 840 1148 contra
867 1089 1084 1169 arbitrii
1112 1086 1440 1156 libertatem,
1473 1087 1518 1144 si
1550 1088 1696 1142 Deus
1720 1084 2061 1162 voluntatem
2086 1085 2323 1142 hominis
2344 1093 2550 1152 movet,

538 1182 684 1237 sicut
729 1193 836 1234 non
877 1184 960 1232 est
1005 1182 1197 1231 contra
1239 1184 1512 1239 naturam,
1557 1174 1700 1247 quod
1749 1176 1893 1230 Deus
1935 1175 1990 1229 in
2022 1171 2185 1229 rebus
2213 1174 2555 1230 naturalibus

539 1275 816 1342 operatur,
844 1265 940 1321 sed
967 1265 1399 1321 tam'inclinatio
1431 1264 1697 1320 naturalis
1720 1279 1886 1337 quam
1915 1263 2223 1320 voluntari-a
2248 1279 2279 1318 a
2306 1264 2421 1318 Deo
2450 1270 2551 1332 est,

540 1367 774 1429 utraque
799 1354 1122 1426 proveniens
1145 1353 1444 1408 secundum
1460 1352 1829 1414 conditionem
1852 1351 1949 1418 rei,
1980 1351 2139 1423 cujus
2160 1359 2263 1406 est.
2294 1352 2387 1410 Sic
2410 1354 2556 1408 enim

538 1449 686 1501 Deus
711 1459 798 1499 res
835 1449 1038 1508 movet,
1085 1442 1386 1498 secundum
1415 1441 1561 1514 quod
1604 1441 1867 1514 competit
1896 1457 2085 1500 earum
2122 1447 2353 1497 naturae.
2402 1443 2556 1498 Patet

537 1535 705 1605 igitur
743 1549 809 1586 ex
853 1531 1149 1603 praedictis,
1201 1531 1348 1603 quod
1396 1531 1453 1584 in
1494 1547 1692 1602 corpus
1720 1530 2037 1598 humanum,
2072 1535 2126 1584 ει
2154 1531 2391 1604 virtutes
2440 1532 2555 1600 ejus

539 1636 830 1694 corporeas
875 1620 1185 1692 imprimere
1227 1627 1453 1690 possunt
1494 1635 1723 1691 corpora
1768 1619 2031 1686 coelestia,
2070 1621 2212 1678 sicut
2259 1625 2315 1674 et
2354 1619 2410 1673 in
2450 1618 2554 1674 alia

515 1727 785 1783 corpora,
815 1725 924 1764 non
954 1717 1136 1766 autem
1154 1709 1220 1763 ‘in
1247 1707 1605 1773 intellectum,
1636 1707 1732 1762 sed
1758 1707 1859 1762 hoc
1896 1714 2081 1780 potest
2106 1714 2363 1764 creatura
2388 1707 2555 1764 intel-

541 1799 809 1860 lectualis·
837 1801 896 1856 In
921 1798 1261 1858 voluntatem
1286 1803 1472 1853 autem
1500 1795 1647 1853 solus
1672 1798 1818 1852 Deus
1846 1797 2157 1868 imprimere
2186 1804 2385 1869 potest.

1167 2033 1176 2038 .
1241 1968 1523 2038 CAPUT
1570 1961 1865 2037 CXXX.·

554 2111 730 2189 Quod
771 2112 938 2175 Deus
968 2112 1166 2173 omnia
1193 2095 1512 2190 puberum,
1545 2086 1899 2188 et'quaedam
1926 2110 2115 2172 movet
2158 2109 2555 2173 mediantibus

1278 2201 1481 2260 causis
1509 2199 1805 2262 secundis,
2246 2204 2255 2215 ’

557 2341 561 2346 ’
613 2335 755 2404 Quia
780 2349 908 2389 vero
938 2351 1120 2390 causae
1147 2333 1404 2389 secundae
1434 2348 1541 2388 non
1573 2340 1740 2404 agunt
1770 2333 1873 2388 nisi
1901 2334 2104 2390 virtute
2134 2334 2325 2406 primae
2353 2351 2553 2401 causae,

544 2425 686 2479 sicut
715 2423 1076 2478 instrumenta
1105 2429 1274 2492 agunt
1323 2439 1418 2493 per
1450 2423 1805 2477 directionem
1849 2423 2003 2490 artiS,
2050 2439 2271 2478 necesse
2298 2431 2385 2480 est
2412 2426 2555 2497 quod

545 2513 728 2568 omnia
766 2511 872 2567 alia
915 2512 1152 2581 agentia,
1202 2519 1298 2583 p‘er
1343 2527 1471 2583 quae
1515 2512 1658 2566 Deus
1700 2511 1945 2567 ordinem
1987 2525 2102 2568 suae
2148 2511 2559 2583 gubernationis

545 2600 827 2673 adimplet,
858 2601 1061 2656 virtute
1091 2600 1263 2672 ipsius
1306 2601 1407 2654 Dei
1438 2608 1622 2671 agant.
1658 2604 1831 2670 Agere
1860 2600 2028 2672 igitur
2075 2602 2367 2672 cujuslibet
2409 2603 2557 2674 ipso-

513 2731 518 2736 .
544 2707 666 2745 rum
690 2705 723 2745 a
761 2691 873 2744 Deo
905 2698 1179 2757 causatur,
1211 2690 1354 2745 sicut
1384 2697 1441 2744 et
1470 2697 1649 2744 motus
1678 2688 1893 2745 mobilis
1922 2706 1955 2746 a
1982 2690 2219 2745 motione
2244 2692 2516 2747 moventis
2542 2709 2553 2744 :

547 2794 768 2834 movens
793 2783 973 2834 autem
1005 2787 1058 2834 et
1105 2785 1312 2834 motum
1353 2784 1570 2852 oportet
1596 2777 1757 2832 simul
1789 2789 1941 2834 εεεε.’
1961 2778 2191 2850 Oportet
2221 2779 2387 2850 igitur
2413 2781 2559 2852 quod

543 2869 690 2923 Deus
710 2867 934 2924 cuilibet
953 2869 1136 2938 agenti
1163 2868 1307 2924 adsit
1332 2868 1565 2924 interius
1592 2853 1751 2939 quasi
1789 2867 1844 2922 in
1869 2868 1985 2939 ipso
2008 2883 2193 2938 agens,
2226 2868 2355 2923 dum
2381 2869 2559 2940 ipsum

544 2957 612 3014 ad
644 2957 916 3028 agendum
957 2963 1157 3013 movet.
1188 2957 1400 3023 Adhuc,
1437 2972 1542 3012 non
1581 2955 1754 3012 solum
1785 2972 1947 3027 agere
1977 2957 2257 3027 agentium
2286 2959 2561 3013 secundo-

543 3059 663 3099 rum
693 3053 950 3100 causatur
976 3061 1007 3100 a
1034 3047 1167 3111 Deo,
1201 3047 1296 3100 sed
1327 3047 1507 3118 ipsum
1536 3056 1725 3101 eorum
1754 3032 1891 3112 esse,
1926 3045 2071 3100 sicut
2096 3046 2149 3100 in
2186 3047 2561 3117 superioribus

519 3139 820 3192 ostensum
845 3139 946 3188 est.
994 3135 1114 3188 Non
1140 3141 1324 3189 autem
1355 3135 1435 3189 sic
1461 3129 1873 3206 intelligendum
1902 3139 2003 3200 est,
2040 3134 2185 3206 quod
2216 3150 2337 3190 esse
2378 3145 2562 3192 rerum

543 3228 799 3279 causetur
831 3237 882 3286 a⁴
909 3223 1042 3289 Deo,
1075 3223 1218 3278 sicut
1250 3238 1370 3278 esse
1411 3222 1605 3280 domus
1650 3230 1909 3278 causatur
1953 3222 2021 3280 ab
2062 3223 2417 3292 aedificatore,
2451 3241 2562 3298 quo

542 3315 752 3365 remoto
779 3309 956 3365 adhuc
999 3318 1244 3366 remanet
1281 3326 1402 3366 esse
1439 3311 1651 3368 domus.
1687 3311 2005 3370 AEdiflcator
2044 3313 2189 3368 enim
2234 3328 2339 3368 non
2368 3319 2562 3370 causat

493 3435 498 3442 -
543 3414 664 3455 esse
707 3398 920 3466 domm,
951 3401 1052 3454 nisi
1083 3401 1136 3455 in
1165 3406 1430 3472 quantum
1462 3407 1645 3456 movet
1674 3401 1744 3456 ad
1772 3414 1890 3457 esse
1928 3402 2139 3468 domne,
2185 3417 2310 3474 quae
2339 3402 2561 3475 quidem

546 3488 715 3542 motio
743 3495 826 3542 est
856 3488 1020 3544 factio
1043 3489 1258 3554 domus,
1293 3488 1435 3543 unde
1464 3489 1673 3544 directe
1698 3496 1781 3545 est
1806 3504 1973 3548 causa
2001 3489 2118 3564 fieri
2148 3491 2318 3562 ipsius
2344 3490 2559 3556 domne,

544 3576 691 3649 quod
739 3577 960 3648 quidem
987 3583 1168 3633 cessat
1194 3577 1531 3633 aedificatore
1568 3585 1797 3634 remoto.
1845 3581 1990 3634 Deus
2020 3587 2205 3635 autem
2252 3585 2336 3634 est
2367 3595 2463 3650 per
2502 3593 2563 3634 se

544 3681 716 3728 causa
736 3664 940 3721 directe
963 3666 1135 3738 ipsius
1159 3682 1298 3734 esse,
1325 3669 1480 3738 quasi
1507 3683 1627 3723 esse
1648 3669 2057 3724 communicans
2078 3667 2329 3724 omnibus
2353 3668 2517 3724 rubus
2546 3686 2558 3721 ε

543 3755 685 3812 sicut
715 3754 796 3810 sol
826 3755 1194 3811 communicat
1226 3756 1404 3811 lumen
1435 3755 1565 3822 aeri,
1601 3765 1658 3812 et
1687 3755 1808 3813 aliis
1838 3773 1963 3830 quae
1993 3758 2062 3814 ab
2096 3757 2213 3828 ipso
2246 3757 2561 3813 illuminan-

543 3853 652 3898 tur.
685 3845 752 3898 Et
775 3844 918 3900 sicut
949 3845 1018 3900 ad
1048 3846 1519 3904 conservationem
1549 3845 1771 3902 luminis
1799 3847 1853 3902 in
1894 3864 2019 3904 aere
2048 3846 2347 3918 requiritur
2373 3861 2561 3918 perse-

541 3945 741 3988 verans
765 3932 1093 3992 illuminatio
1123 3935 1272 4003 solie,
1309 3935 1387 3993 ita
1413 3935 1485 3991 ad
1513 3934 1617 3992 hoc
1634 3936 1783 4010 quod
1808 3952 1897 3994 res
1924 3941 2314 3997 conserventur
2343 3937 2397 3992 in
2420 3951 2560 4002 esse.
