2850 4517
893 374 954 418 v,
988 392 1066 405 -
1095 375 1170 419 nn
1215 376 1534 422 ennomus
1577 377 1737 421 amm
2195 362 2316 426 369

222 522 227 527 ·
310 491 460 565 quod
490 507 609 547 eam
638 490 806 557 exuit,
840 496 895 545 et
922 492 973 545 in
1005 490 1123 546 sole·
1146 492 1346 564 posuit.
1374 492 1532 548 Circa
1559 492 1703 565 quod
1729 492 1947 559 dicitur,
1971 496 2136 550 Marc.
2171 496 2270 551 ult.
2298 513 2310 551 ε

313 578 572 637 Dominus
597 579 803 651 quidem
831 579 983 635 Iesus
1005 587 1280 651 postquam
1311 582 1515 637 locutus
1543 588 1616 637 cst
1641 582 1735 646 eis,
1763 582 1994 638 ascendit
2024 584 2080 638 in
2111 584 2312 648 coelum,

309 677 361 724 et
388 668 524 725 sedet
555 685 588 722 a
613 666 818 721 destris
840 667 981 722 Dei:
1016 668 1195 723 unde
1184 685 1236 722 in
1276 667 1533 743 Symboto
1560 668 1804 725 dicitur.
1792 688 1803 700 ·
1831 670 2084 725 Ascendit
2123 671 2183 725 in
2209 687 2313 725 coe-

309 760 441 823 ium,
470 758 612 813 sedet
639 756 709 811 ad
736 756 1007 812 dexteram
1030 756 1232 828 patris.
2309 772 2312 779 ·

380 848 576 903 Sextus
601 844 867 901 articulus
890 852 975 899 est
1006 844 1073 899 de
1099 845 1335 901 adventu
1378 846 1445 901 ad
1482 844 1772 918 judicium,
1796 848 1864 903 de
1900 864 2007 921 quo
2053 849 2312 905 Dominus

309 936 464 1002 dicit,
495 934 687 989 Matth.
715 950 877 989 xxv:
910 934 1041 990 Cum
1075 934 1277 989 venerit
1304 934 1450 1005 filius
1473 935 1699 991 hominis
1737 936 1796 991 in
1820 937 2095 1009 majestate
2120 954 2240 1003 sua,
2263 946 2313 994 et

308 1040 487 1079 omnes
508 1022 682 1094 avtyeli
710 1024 821 1093 eJ’us
850 1038 966 1077 cum
996 1039 1072 1087 eo,
1106 1030 1230 1079 tune
1250 1022 1446 1079 sedebit
1467 1038 1626 1095 super
1646 1023 1815 1079 sedem
1851 1026 2146 1096 majestatis
2181 1042 2308 1081 suoe.
2386 1026 2394 1033 ’

308 1113 379 1167 Et
402 1110 595 1167 Petrus
617 1112 770 1178 dicit,
805 1115 928 1168 Act.
948 1128 1001 1167 -x
1026 1128 1038 1166 ε
1070 1112 1174 1167 Hic
1200 1118 1274 1167 est
1298 1113 1388 1184 qui
1411 1113 1730 1168 constitutus
1753 1120 1827 1169 est
1855 1130 1889 1167 a
1916 1115 2023 1169 Deo
2039 1114 2207 1185 judea:
2227 1115 2312 1169 vi-

308 1217 497 1256 vorum
519 1206 567 1255 et
590 1206 946 1266 mortuorum,
978 1200 1091 1257 sive
1120 1216 1306 1257 eorum
1341 1202 1435 1274 qui
1462 1203 1576 1273 jam
1620 1202 1823 1257 mortui
1862 1212 2007 1269 sunt,
2041 1211 2097 1260 et
2123 1220 2310 1259 eorum

307 1291 403 1364 qui
430 1290 484 1345 in
510 1288 744 1344 adventu
770 1288 972 1344 Christi
997 1288 1104 1344 vivi
1133 1288 1581 1369 invenienturAEt
1607 1290 1754 1346 circa
1783 1290 1882 1346 hoc
1906 1291 2071 1365 aliqui
2102 1300 2305 1359 errant,

306 1379 377 1434 de
406 1378 603 1451 quibus
644 1378 865 1447 dicitur,
894 1378 941 1432 11
972 1378 1086 1433 Pet.
1118 1394 1183 1433 111
1213 1395 1225 1432 :
1265 1372 1490 1435 Venient
1521 1379 1578 1433 in
1608 1379 1905 1434 novissimis
1929 1380 2108 1435 diebus
2131 1380 2190 1435 in
2214 1382 2312 1435 de·-

306 1467 541 1539 ceptione
573 1465 816 1521 illusores
844 1466 1011 1537 J'uoeta
1036 1466 1291 1537 proprias
1316 1466 1762 1539 concupiscentias
1785 1467 2011 1523 dicentes
2048 1486 2061 1523 ε
2097 1469 2146 1525 U
2149 1468 2199 1523 bi
2235 1476 2310 1523 est

300 1553 605 1625 promissio,
632 1559 728 1607 aut
752 1551 1004 1607 adventus
1032 1553 1185 1623 ejus?
1214 1553 1415 1609 Contra
1443 1570 1580 1625 quos
1605 1553 1825 1622 dicitur,
1852 1540 1974 1609 Job.
2001 1570 2108 1609 xix
2143 1572 2154 1608 ε
2188 1556 2312 1609 Fu·-

303 1645 413 1713 9ite
436 1659 468 1696 a
487 1642 624 1713 facie
645 1640 834 1712 9ladii,
862 1641 1111 1712 quoniam
1140 1642 1289 1697 ultor
1312 1642 1663 1713 iniquitatum
1697 1642 1905 1713 qladius
1934 1650 2029 1708 est,
2052 1649 2103 1698 et
2127 1644 2310 1701 scitote

305 1746 411 1785 esse
431 1730 715 1800 jttdicium.
742 1729 899 1785 Unde
919 1730 973 1785 in
997 1729 1253 1803 Symbolo
1282 1729 1516 1786 dicitur:
1549 1730 1653 1795 Qui
1679 1718 1937 1787 venturus
1965 1738 2040 1786 est
2055 1732 2310 1803 judicare

304 1820 452 1875 vivos
478 1826 526 1874 et
550 1826 803 1876 mortuos.
833 1818 913 1873 lui
944 1826 1127 1874 autem
1158 1818 1251 1890 qui
1283 1826 1495 1890 septem
1520 1817 1779 1873 articulos
1803 1818 2161 1875 humanitatis
2186 1836 2308 1875 esse

303 1915 531 1983 ponunt,
564 1907 906 1979 distinguunt
934 1906 1169 1979 primum
1189 1905 1521 1962 articulum
1508 1923 1562 1962 in
1610 1907 1764 1970 duoS,
1793 1917 2056 1979 ponentes
2097 1906 2308 1962 scilicet

304 1998 409 2052 sub
442 1996 547 2053 aiio
586 1997 817 2053 articulo
856 1996 1267 2107 conceptionem
1312 1993 1534 2062 Christi,
1563 2001 1618 2051 et
1661 1994 1763 2050 sub
1799 1994 1907 2051 alio
1943 1996 2062 2067 ejus
2100 1995 2306 2051 nativi-

306 2091 498 2143 tatem.

736 2286 805 2357 2⁰
848 2287 956 2356 De
999 2284 1317 2356 Ecclesiae
1370 2284 1875 2393 Sacramentis.

375 2450 531 2504 Nunc
580 2450 751 2502 restat
797 2444 1249 2500 considerandum
1314 2444 1382 2499 de
1431 2442 1690 2499 Ecclesiae
1741 2442 2119 2523 sacramentis,
2179 2462 2303 2517 qnae

307 2548 487 2594 tamen
518 2534 699 2591 omnia
735 2533 1265 2606 comprehenduntur
1294 2532 1395 2588 sub
1439 2548 1545 2587 uno
1575 2531 1827 2598 articulo,
1869 2547 1994 2605 quae
2025 2532 2092 2588 ad
2133 2524 2300 2588 effec-

307 2634 422 2682 tum
450 2626 642 2696 gratiae
669 2623 963 2697 pertinent.
992 2620 1097 2677 Sed
1128 2622 1255 2693 quia
1287 2621 1577 2692 specialem
1607 2620 1675 2675 de
1707 2621 2067 2675 sacramentis
2095 2621 2303 2695 fecistis

304 2716 681 2789 quaestionem,
710 2712 778 2767 de
804 2710 889 2765 his
916 2724 1158 2766 seorsum
1190 2708 1458 2777 agendum
1488 2715 1590 2762 est.
1622 2707 1690 2762 Et
1718 2708 1894 2779 primo
1923 2708 2088 2778 igitur
2117 2710 2300 2769 scien-

303 2802 455 2870 flum,
496 2801 641 2876 quod
690 2793 832 2856 sicut
862 2803 1091 2870 August.
1134 2796 1269 2852 dicit
1310 2796 1366 2850 in
1408 2812 1450 2851 x
1492 2795 1584 2850 lib.
1631 2796 1699 2850 de
1743 2796 1906 2850 Civit.
1951 2797 2071 2863 Dei,
2101 2762 2823 2853 Sacra-*W

306 2903 549 2949 mentum
572 2900 656 2947 est
681 2905 893 2945 sacrum
915 2890 1162 2959 signum3
1188 2884 1271 2940 vel
1290 2900 1464 2939 sacrae
1489 2885 1564 2937 rei
1591 2884 1824 2953 signum.
1854 2884 2093 2939 Fuerunt
2118 2892 2301 2940 autem

302 2976 358 3040 in
387 2982 560 3040 veteri
591 2980 708 3051 lege
737 2977 987 3051 quaedam
1024 2979 1389 3040 sacramenta,
1428 2972 1484 3027 id
1510 2980 1611 3037 est,
1636 2986 1808 3027 sacrae
1847 2972 1925 3026 rei
1955 2973 2130 3042 signa,
2159 2975 2302 3028 sicut

304 3088 477 3145 agnus
506 3067 793 3142 paschaliS,
838 3074 891 3121 et
930 3064 1036 3120 alia
1074 3067 1416 3119 sacramenta
1460 3059 1672 3131 legalia,
1707 3076 1831 3132 quae
1867 3059 2089 3133 quidem
2127 3062 2301 3117 solum

302 3158 683 3233 significabant
724 3155 923 3212 Christi
968 3154 1221 3225 gratiam,
1265 3167 1369 3205 non
1413 3158 1594 3205 tamen
1644 3163 1765 3204 eam
1795 3149 2117 3206 causabant.
2147 3152 2303 3207 Unde

302 3254 495 3322 Apost.
518 3246 642 3303 Gal.
670 3262 747 3311 vi,
775 3249 938 3300 vocat
956 3258 1021 3298 ea
1045 3258 1215 3313 egena
1232 3239 1520 3295 etintirma
1537 3236 1824 3291 elementa.
1853 3238 2034 3308 Egena
2055 3240 2296 3311 quidem,

302 3339 433 3411 quia
460 3337 696 3407 gratiam
726 3349 831 3388 non
861 3329 1229 3396 continebant,
1264 3337 1318 3385 et
1356 3328 1590 3395 infirma,
1623 3325 1753 3397 quia
1789 3327 2024 3396 gratiam
2052 3328 2298 3383 conferre

302 3442 406 3482 non
437 3428 710 3497 poterant.
740 3422 1092 3477 Sacramenta
1119 3432 1248 3473 vero
1278 3432 1434 3472 novae
1463 3415 1597 3487 legis
1625 3415 1904 3471 continent
1933 3422 1988 3469 et
2016 3417 2298 3471 conferunt

299 3516 557 3587 gratiam.
599 3513 659 3567 In
695 3510 777 3566 eis
807 3510 952 3564 enim
980 3508 1155 3561 virtus
1184 3504 1380 3560 Christi
1412 3504 1516 3560 sub
1553 3510 1866 3575 tegumento
1897 3519 2076 3558 rerum
2108 3500 2316 3559 visibi-'

300 3602 433 3658 lium
461 3600 727 3657 secretius
751 3603 1008 3670 operatur
1036 3570 1286 3652 satutem
1316 3602 1376 3649 ut
1404 3594 1541 3649 dicit
1569 3597 1708 3664 Aug.
1736 3593 1803 3648 Et
1828 3593 1951 3648 ideo
1988 3609 2302 3649 sacramen-

301 3699 417 3747 tum
449 3704 605 3745 novae
641 3687 777 3758 legis
817 3694 903 3741 est
940 3683 1229 3740 invisibilis
1256 3684 1450 3752 gratiae
1488 3681 1715 3737 visibilis
1745 3681 1935 3745 forma,
1977 3688 2036 3735 ut
2078 3684 2194 3753 ejus
2221 3684 2301 3737 si-

298 3779 666 3835 militudinem
687 3783 861 3848 gerat,
895 3780 950 3831 et
975 3789 1139 3845 causa
1166 3772 1384 3826 existat.
1416 3772 1567 3827 Sicut
1593 3769 1798 3824 ablutio
1829 3786 1952 3845 quae
1982 3771 2042 3826 tit
2081 3772 2133 3826 in
2159 3770 2318 3843 aqua'

296 3867 649 3940 baptismatis
712 3846 1073 3939 repraesentat
1124 3860 1437 3916 interiorem
1498 3858 1923 3924 mundationem,
1981 3875 2104 3932 qnae
2153 3860 2211 3937 fit
2271 3877 2302 3916 a

296 3956 544 4031 peccatis
591 3970 688 4027 per
735 3956 995 4010 virtutem
1049 3949 1326 4024 baptismi.
1370 3950 1507 4003 Sunt
1549 3954 1732 4002 autem
1780 3956 2122 4005 sacramenta
2170 3948 2318 4021 legis

831 4070 883 4119 S.
916 4070 1069 4118 Tuon.
1106 4072 1189 4123 Ao.
1225 4068 1487 4115 Graecum.
1517 4085 1562 4103 -·
1675 4086 1734 4101 -
1756 4063 1819 4113 2⁴
1851 4090 1866 4101 ·
