2850 4517
437 369 556 428 476
877 383 966 428 .s.
1009 383 1243 426 ¹1·quAE
1284 381 1611 430 AQUINA'HS
1652 379 1964 424 opuscuna

435 500 615 556 eidem
649 497 913 557 Ecclesioe
951 497 1188 554 formam
1211 497 1332 570 ejus
1367 495 1423 551 in
1453 508 1515 552 se
1547 505 1850 551 assumens.
1886 513 1913 547 a
1942 494 2021 551 Ex
2054 508 2166 567 quo
2205 493 2448 559 videtur,

435 587 582 661 quod
621 596 748 646 ante
785 585 989 644 Christi
1016 584 1448 644 incarnationem
1484 585 1629 640 Deus
1653 583 1751 656 p'er
1779 582 2013 654 gratiam
2055 583 2109 639 in
2139 581 2453 639 hominibus

437 692 542 733 non
566 676 860 732 habitaret.
889 673 1046 744 Quod
1069 675 1237 732 etiam
1260 673 1487 748 quidam
1512 670 1755 729 haeretici
1776 671 1961 728 dicere
1984 679 2453 744 praesumpserunt

436 766 723 821 occasione
753 762 918 830 illius,
963 762 1110 836 quod
1147 763 1350 819 dicitur
1376 762 1572 817 loann.
1614 775 1699 816 vu
1740 777 1754 814 :
1784 760 2039 818 Nondum
2078 767 2203 817 erat
2223 759 2455 833 spiritus

435 853 615 918 datu-5,
635 851 762 925 quia
779 853 932 909 Iesus
945 851 1177 908 nondum
1198 857 1324 907 erat
1345 849 1699 922 plurificatur.
1717 846 2025 921 Utrumque
2049 855 2235 905 autem
2256 849 2453 905 eodem

436 941 600 998 modo
629 949 714 997 est
751 939 1182 1013 intelligendum.
1218 939 1359 996 Nam
1386 939 1533 995 sicut
1564 937 1767 1010 dicitur
1792 937 1939 1009 quod
1964 936 2201 1010 Spiritus
2226 943 2455 995 sanctus

439 1047 544 1088 non
571 1031 736 1086 fuerit
755 1036 884 1087 ante
913 1030 1093 1097 dame,
1125 1029 1255 1102 quia
1285 1044 1392 1085 non
1422 1028 1482 1085 in
1506 1033 1659 1084 tanta
1688 1025 2026 1100 plenitudine
2052 1025 2217 1082 datus
2246 1027 2448 1094 fuerat,

437 1120 496 1176 in
525 1127 730 1192 quanta
758 1117 1002 1190 Apostoli
1031 1133 1157 1174 eum
1187 1125 1312 1190 post
1346 1116 1549 1174 Christi
1578 1115 2032 1173 resurrectionem
2069 1123 2403 1188 acceperunt
2435 1135 2449 1172 :

437 1207 517 1263 ita
559 1206 728 1262 etiam
767 1205 1010 1262 Ecclesia
1047 1206 1102 1261 in
1148 1211 1301 1262 tanta
1341 1203 1681 1276 plenitudine
1718 1202 1916 1275 gratiae
1952 1203 2157 1259 donum
2202 1205 2454 1277 accipere

429 1311 546 1352 non
594 1295 774 1368 potuit
814 1293 1112 1352 secundum
1155 1293 1557 1349 ordinationem
1598 1291 1860 1358 divinam,
1906 1291 1961 1347 in
2006 1299 2216 1365 quanta
2242 1295 2454 1366 recepit

438 1398 536 1454 per
559 1381 759 1438 Christi
789 1381 1218 1439 incarnationem
1247 1397 1260 1434 t
1289 1381 1418 1454 quia
1440 1381 1621 1452 gratia
1641 1388 1697 1437 et
1718 1379 1923 1436 veritas
1941 1395 2037 1451 per
2054 1380 2236 1436 Jesum
2262 1381 2455 1438 Chris-

441 1475 559 1526 tum
581 1469 730 1526 facta
757 1475 860 1535 est,
893 1477 953 1525 ut
991 1467 1192 1524 dicitur
1219 1469 1413 1525 Joann.
1447 1482 1487 1524 ι.
1520 1468 1673 1524 Unde
1702 1467 1757 1523 in
1792 1482 2041 1524 sermone
2076 1469 2281 1526 Nicaeni
2309 1485 2453 1526 con-

439 1556 553 1618 cilii
593 1557 926 1614 Athanasius
959 1554 1096 1613 dicit
1139 1573 1153 1612 ε
1201 1575 1228 1608 α
1269 1555 1539 1628 Equidem
1578 1556 1727 1628 ipsos
1762 1557 2130 1613 consummari
2164 1565 2220 1614 et
2254 1558 2449 1631 perfici

441 1638 776 1720 impossibile
803 1652 908 1715 est,
941 1645 1045 1701 nisi
1083 1661 1183 1717 ego
1223 1644 1526 1718 perfectum
1565 1644 1859 1718 suscipiam
1887 1645 2180 1703 hominem.
2218 1665 2246 1698 ι
2287 1645 2449 1716 Quod

443 1737 636 1793 eodem
683 1735 846 1791 modo
897 1733 1308 1806 intelligendum
1351 1740 1455 1802 est,
1506 1732 1649 1790 sicut
1691 1734 1837 1806 quod
1882 1749 2050 1808 supra
2092 1733 2307 1793 dictum·
2342 1743 2451 1793 est.

441 1825 570 1881 ldeo
613 1831 796 1881 autem
839 1823 978 1880 dicit
1018 1844 1043 1874 α
1101 1823 1399 1879 secundum
1442 1821 2069 1896 praedeterminatienem
2110 1821 2373 1893 divinam,
2424 1844 2451 1876 ιι

442 1913 572 1988 quia
595 1911 853 1986 possibile
877 1919 996 1968 erat
1026 1911 1270 1976 Deoalio
1299 1910 1461 1968 modo
1484 1911 1630 1985 quod
1654 1927 1752 1984 per
1770 1911 1968 1968 Christi
1997 1909 2449 1980 incarnationem,

441 2001 832 2075 perfectionem
860 2001 1055 2073 gratiae
1081 2000 1320 2056 humano
1345 1999 1535 2072 generi
1560 2000 1829 2066 conferre,
1866 1998 2137 2073 loquendo
2156 2002 2230 2058 de
2254 2009 2455 2076 poten-

444 2090 521 2147 tia
561 2089 830 2155 absoluta,
863 2089 958 2145 sed
999 2104 1105 2145 non
1143 2089 1321 2162 potuit
1348 2088 1648 2146 humanum
1676 2104 1848 2160 genus
1874 2088 2017 2145 hanc
2058 2089 2451 2161 plenitudinem

443 2177 603 2235 aliter
626 2177 905 2251 consequi,
937 2178 1219 2250 supposita
1250 2177 1348 2232 Dei
1376 2176 1742 2234 ordinatione.

1175 2350 1460 2421 CAPUT
1531 2350 1744 2418 XVII.

573 2488 878 2562 Quomodo
908 2486 1302 2566 intelliqitms
1333 2487 1628 2551 Divinam
1652 2489 2001 2554 Essentiam
2024 2491 2346 2555 inoratam

1036 2581 1372 2655 concffltam
1397 2593 1517 2639 osso
1539 2581 1601 2640 >et
1639 2582 1868 2641 natam.

518 2712 656 2766 ltem
696 2708 913 2767 videtur
955 2725 1076 2766 esse
1115 2707 1359 2776 dubium,
1403 2709 1550 2782 quod
1593 2709 1857 2768 Athenas·
1902 2711 2038 2770 dicit
2072 2711 2341 2787 in'Epist.
2380 2716 2453 2772 ad

444 2800 816 2873 Serapionem,
857 2818 884 2851 α
929 2798 1225 2854 essentiam
1263 2798 1509 2854 divinam
1539 2807 1839 2856 increatam
1866 2808 2192 2873 conceptam
2225 2818 2366 2872 esse,
2398 2815 2459 2862 et

447 2895 632 2945 natam
673 2905 742 2944 ex
778 2886 1001 2958 Virgine
1044 2894 1239 2942 matre.
1288 2905 1314 2938 τ.
1358 2888 1617 2958 Magister
1653 2886 1799 2944 enim
1841 2887 1895 2944 in
1934 2903 2024 2944 m.
2068 2890 2290 2946 Senten.
2334 2892 2457 2948 die·

447 2978 605 3032 tinet.
639 2990 767 3033 vm.
799 2975 953 3040 dicit,
986 2975 1131 3047 quod
1161 2989 1288 3047 quae
1327 2991 1414 3030 res
1443 2989 1549 3031 non
1588 2989 1668 3030 est
1694 2975 1763 3032 de
1796 2976 1955 3032 Patre
1991 2977 2194 3049 genita,
2228 2996 2332 3036 non
2368 2982 2457 3035 vi-

445 3064 608 3121 detur
632 3079 752 3119 esse
791 3062 859 3119 de
887 3064 1059 3120 Matre
1088 3069 1234 3129 nata,
1274 3080 1340 3118 ne
1381 3079 1471 3120 res
1503 3063 1685 3135 aliqua
1716 3062 1992 3122 filiationis
2034 3081 2228 3124 nomen
2256 3068 2457 3126 habeat

447 3153 502 3208 in
539 3152 896 3217 humanitate,
943 3168 1068 3224 quae
1106 3166 1210 3207 non
1239 3151 1404 3209 habet
1446 3153 1499 3207 in
1527 3151 1837 3208 divinitate.
1882 3153 1951 3208 Et
1986 3153 2067 3211 sic
2106 3171 2233 3212 cum
2269 3157 2459 3216 divina

447 3240 698 3297 Essentia
730 3255 834 3295 non
858 3241 932 3295 sit
956 3245 1083 3296 nata
1113 3240 1181 3296 de
1207 3241 1384 3306 Patre,
1412 3256 1519 3295 non
1548 3249 1729 3312 potest
1754 3241 1861 3298 dici
1888 3258 2009 3300 esse
2031 3243 2100 3301 de
2128 3246 2321 3307 Matre.
2350 3249 2461 3306 Sed

446 3328 760 3395 dicendum,
787 3328 932 3403 quod
960 3328 1101 3385 sicut
1125 3328 1418 3400 improprie
1447 3327 1700 3399 Essentia
1726 3329 1912 3387 divina
1942 3332 2146 3389 dicitur
2166 3351 2459 3406 generans,

449 3417 534 3473 vel
560 3420 744 3490 genita
773 3417 1069 3474 secundum
1098 3417 1506 3489 generatione—m
1533 3423 1817 3485 aeternarn,
1852 3421 1905 3476 in
1932 3431 2197 3494 quantum
2220 3426 2462 3482 essentia

451 3507 669 3578 ponitur
691 3521 788 3580 pro
811 3521 1061 3580 persona,
1089 3513 1151 3561 ut
1179 3497 1519 3577 intelligatur
1542 3508 1779 3564 essentia
1808 3525 2087 3580 generare,
2116 3510 2247 3584 quia
2274 3513 2458 3580 Pater,

450 3594 547 3668 qui
583 3603 666 3650 est
702 3595 972 3659 Essentiffi
999 3599 1243 3666 generat,
1277 3595 1577 3650 secundum
1600 3595 1853 3652 eumdem
1880 3598 2103 3654 modum
2132 3598 2335 3657 dicitur
2356 3601 2465 3658 Bs-

451 3682 628 3739 sentia
661 3681 846 3739 divina
883 3690 1011 3738 nata
1039 3682 1107 3737 de
1140 3681 1365 3754 Virgine
1396 3699 1409 3737 ε
1448 3683 1578 3756 qu‘ia
1614 3683 1780 3740 Filius
1826 3686 1947 3754 Dei,
1988 3685 2239 3760 quia‘est
2270 3687 2467 3747 divina

455 3768 722 3836 lis-sentia,
756 3777 917 3827 natus
949 3777 1031 3826 est
1057 3770 1125 3827 de
1157 3771 1399 3842 Virgine.
