2850 4517
546 395 665 455 376
1024 412 1074 455 s.
1121 408 1353 452 1*quAE
1393 405 1720 458 Aoumuis
1762 390 2091 449 croscum¹

548 528 873 584 sacramenti
898 535 983 583 est
1005 526 1292 599 episcopus
1312 524 1407 598 qui
1436 522 1910 589 confertordines,
1939 522 2165 577 effectus
2188 528 2375 577 autem
2397 520 2554 592 hujus

548 616 875 673 sacramenti
903 623 987 671 est
1032 621 1384 687 augmentum
1422 613 1617 684 gratiae
1645 610 1867 680 ad-hoc,
1901 612 2044 683 quod
2091 609 2293 682 aliquis
2322 609 2393 664 sit
2437 610 2555 664 ido-

439 704 449 715 '
550 720 684 762 neus
726 704 974 761 minister
1001 704 1249 760 Christi·
1280 711 1472 759 contra
1501 701 1606 759 hoc
1641 707 2044 785 sacramentum
2087 698 2191 753 fuit
2229 713 2381 754 error
2419 699 2534 754 Arii

549 794 642 866 qui
672 792 889 849 dicebat
933 792 1316 866 presbyterum
1359 790 1430 847 ab
1467 793 1722 865 episcopo
1763 776 1869 844 non
1906 786 2105 843 debere
2132 785 2393 843 discerni.
2423 788 2556 860 Sep-

550 883 742 960 timum
770 888 1169 938 sacramentum
1198 888 1282 937 est
1305 880 1737 955 matrimonium,
1770 877 1916 951 quod
1943 884 2025 931 est
2055 874 2272 946 signum
2296 876 2560 948 conjunc-

552 970 715 1027 tionis
737 970 936 1027 Christi
965 976 1022 1025 et
1048 969 1325 1027 Ecclesiae.
1352 970 1589 1025 Causam
1614 974 1798 1023 autem
1831 966 2070 1022 efficiens
2101 965 2441 1021 matrimonii
2477 973 2559 1020 est

549 1067 769 1115 mutuus
804 1074 1100 1115 consensus
1143 1076 1238 1131 per
1286 1058 1454 1115 verba
1495 1058 1562 1113 de
1593 1057 1847 1131 praesenti
1892 1070 2202 1128 expressus·
2249 1052 2349 1109 Est
2379 1062 2560 1110 autem

484 1143 490 1150 ’
553 1148 747 1220 triplex
770 1148 971 1203 bonum
993 1147 1344 1213 matrimonii,
1372 1160 1605 1220 quorum
1629 1146 1863 1219 primum
1886 1152 1969 1201 est
1989 1142 2168 1215 proles
2187 1142 2557 1213 suscipienda,

550 1244 605 1291 et
634 1236 913 1293 educanda
943 1236 1013 1292 ad
1037 1234 1245 1291 cultum
1274 1236 1393 1289 Dei.
1419 1233 1749 1299 Secundum,
1783 1240 1867 1287 est
1897 1232 2030 1287 fides
2060 1247 2227 1304 quam
2260 1248 2402 1288 unus
2428 1248 2561 1288 con-

544 1327 753 1399 jugum
778 1323 934 1380 alteri
981 1324 1145 1379 debet
1186 1338 1428 1381 servare.
1459 1323 1724 1388 Tertium,
1768 1330 1853 1377 est
1905 1330 2333 1386 sacramentum,
2384 1321 2442 1375 id
2481 1330 2564 1377 est

555 1412 958 1469 indivisibilitas
1000 1413 1351 1478 matrimonii,
1393 1418 1614 1485 propter
1660 1410 1763 1466 hoc
1804 1410 1952 1481 quod
1989 1409 2263 1480 significat
2307 1409 2564 1465 indivisi-

554 1498 716 1554 bilem
758 1500 1193 1571 conjunctionem
1242 1500 1444 1556 Christi
1492 1508 1546 1555 et
1587 1498 1864 1555 Ecclesiae.
1905 1498 2001 1554 Est
2045 1504 2231 1553 autem
2276 1498 2427 1554 circa
2463 1498 2564 1555 boc

553 1595 954 1645 sacramentum
979 1588 1260 1661 multiplex
1285 1604 1458 1644 error.
1487 1588 1669 1644 Primo
1703 1588 1923 1660 quidem
1954 1595 2037 1643 est
2061 1588 2438 1654 Tatianorum,
2470 1588 2561 1660 qui

554 1677 773 1748 nuptias
800 1676 1079 1744 damnant,
1113 1686 1301 1733 contra
1344 1692 1483 1750 quos
1520 1684 1622 1741 est,
1668 1676 1815 1749 quod
1855 1675 2076 1745 dicitur,
2122 1676 2384 1733 1Corint.
2417 1692 2501 1732 vu
2542 1694 2557 1732 z

554 1762 611 1818 Si
658 1764 899 1835 nupserit
941 1764 1115 1837 virqo,
1144 1782 1251 1821 non
1287 1764 1543 1838 peccavit.
1589 1764 1870 1821 Secundus
1911 1773 1994 1820 est
2037 1780 2188 1820 error
2230 1764 2554 1829 Jovianiani,

555 1852 647 1925 qui
678 1852 897 1925 nuptias
924 1853 1165 1926 aequavit
1195 1854 1517 1925 virginitati,
1555 1853 1622 1909 de
1651 1868 1760 1926 quo
1787 1868 1953 1925 supra
1975 1852 2188 1909 dietum
2213 1859 2318 1908 est.
2347 1853 2558 1908 Tertius

554 1956 705 1995 error
722 1948 805 1996 est
833 1942 1245 2010 Nicolaitarum‚
1273 1943 1368 2014 qui
1395 1942 1763 1997 indifferenter
1788 1941 1993 1996 mutuis
2019 1941 2282 1997 uxoribus
2312 1948 2554 1997 utuntur.

555 2029 792 2084 Fuerunt
832 2032 999 2086 etiam
1037 2030 1192 2087 multi
1229 2030 1324 2087 alii
1365 2030 1609 2087 haeretici
1657 2031 1836 2101 turpia
1879 2030 2133 2099 quaedam
2173 2028 2456 2095 docentes,
2505 2036 2556 2084 et

555 2125 885 2186 exercenteS,
913 2125 1100 2175 contra
1126 2119 1178 2175 id
1211 2119 1353 2190 quod
1380 2118 1601 2185 dicitur,
1630 2118 1795 2174 Hebr.
1829 2118 1928 2173 ult.
1964 2135 1976 2172 :
2002 2118 2082 2175 Sit
2105 2117 2411 2173 honorabile
2433 2134 2557 2172 con-

556 2205 775 2261 nubium
806 2206 867 2263 in
902 2207 1161 2271 omnibus,
1196 2215 1243 2263 et
1283 2215 1433 2264 torus
1461 2207 1850 2263 immaculatus.
1891 2207 2095 2262 Horum
2143 2214 2328 2261 autem
2360 2206 2552 2261 virtute

556 2304 1021 2351 sacramentorum
1060 2296 1220 2350 bomo
1253 2296 1567 2367 perducitur
1605 2297 1673 2351 ad
1713 2296 1950 2353 futuram
1989 2294 2238 2366 gloriam,
2271 2311 2397 2367 quae
2424 2311 2551 2351 con-

555 2384 701 2438 sistit
729 2384 784 2437 in
807 2388 1015 2453 septem
1041 2382 1278 2450 dotibuS,
1310 2384 1483 2439 tribus
1508 2386 1723 2449 animae,
1754 2394 1810 2439 et
1834 2390 2069 2457 quatuor
2089 2384 2352 2456 corporis.
2380 2386 2546 2439 Prima

556 2470 655 2525 dos
678 2470 875 2525 animae
896 2478 979 2525 est
1002 2470 1135 2525 visio
1156 2471 1251 2525 Dei
1275 2488 1371 2544 per
1391 2473 1705 2540 essentiam,
1729 2472 2029 2529 secundum
2050 2470 2198 2537 illud,
2221 2472 2244 2525 1
2266 2473 2423 2527 Joan.
2450 2488 2540 2527 111:

563 2557 862 2617 Videbimus
888 2574 1005 2613 eum
1026 2559 1186 2614 sicuti
1220 2567 1315 2616 est.
1342 2560 1591 2617 Secunda
1615 2568 1698 2617 est
1736 2560 2171 2633 comprehensim·
2199 2576 2308 2632 qua
2347 2560 2540 2616 scilicet

556 2649 727 2703 Deum
756 2647 1273 2720 comprehendemus
1301 2649 1458 2722 quasi
1488 2650 1802 2705 meritorum
1823 2651 2152 2715 mercedem,
2185 2650 2206 2703 Ι
2236 2649 2411 2704 Corin.
2442 2662 2534 2703 rx:

554 2736 639 2792 Sic
682 2737 905 2802 currite,
954 2744 1017 2793 ut
1058 2738 1526 2809 comprehendatis.
1572 2738 1756 2794 Tertia
1808 2746 1891 2792 est
1938 2736 2151 2799 fruitio,
2206 2753 2314 2809 qua
2353 2736 2402 2791 in
2435 2737 2534 2790 Deo

555 2824 959 2892 delectabimur,
984 2826 1280 2881 secundum
1307 2825 1439 2881 illud
1463 2826 1564 2881 Job
1589 2842 1718 2882 xxu
1742 2844 1754 2880 z
1787 2826 1932 2881 Tunc
1949 2842 2120 2897 -super
2142 2825 2533 2897 Omnipotentem

555 2913 753 2970 deliciis
776 2912 985 2983 afflue&
1012 2921 1059 2969 et
1089 2915 1308 2970 elevabis
1332 2914 1401 2969 ad
1424 2914 1596 2970 Deum
1627 2914 1816 2987 {aciem
1841 2922 2006 2970 tuam.
2043 2914 2096 2968 Pi
2112 2913 2222 2969 ima
2251 2920 2425 2968 autem
2449 2912 2531 2965 dos

556 3001 797 3073 corporis
822 3008 906 3057 est
944 3002 1371 3074 impassibilitaS,
1408 3003 1708 3059 secundum
1747 3002 1877 3057 illud
1917 3002 2150 3057 ICorin.
2186 3018 2264 3056 xv
2297 3019 2309 3055 :
2343 3000 2529 3071 Oportet

554 3089 895 3161 corruptibile
928 3091 1021 3146 hoc
1048 3091 1270 3146 induere
1294 3091 1771 3162 incorruptionem.
1807 3090 2055 3148 Secunda
2086 3098 2170 3145 est
2195 3090 2427 3152 claritas,
2453 3102 2531 3140 se-

556 3177 791 3231 cundum
817 3178 947 3233 illud
973 3179 1165 3235 Mattb.
1194 3196 1303 3236 xm
1332 3197 1344 3234 z
1370 3180 1670 3251 Fulqebunt
1686 3178 1828 3251 justi
1851 3180 1984 3234 sir-ut
2009 3175 2084 3233 s'ol
2114 3178 2173 3233 in
2203 3194 2364 3251 reyno
2378 3172 2531 3249 patris

556 3281 756 3320 eorum.
787 3267 971 3322 Tertia
1014 3277 1097 3324 est
1145 3269 1381 3339 agilitaS‚
1431 3285 1523 3339 per
1571 3284 1736 3341 quam
1780 3267 2032 3323 celeriter
2074 3267 2269 3323 adesse
2307 3268 2531 3339 poterunt

556 3354 647 3409 ubi
677 3354 877 3410 volent.
909 3357 1127 3429 Sapicn.
1166 3373 1236 3413 111
1269 3374 1281 3411 ε
1320 3356 1593 3429 Tanquam
1633 3356 1876 3413 scintillae
1903 3356 1962 3411 »in
1991 3356 2316 3411 arundineto
2346 3354 2530 3409 discur-
2625 3382 2629 3387 .

557 3449 696 3500 rent.
732 3444 938 3521 Quarta
981 3451 1064 3500 est
1100 3443 1394 3512 subtilitaS,
1442 3462 1538 3517 per
1565 3461 1730 3515 quam
1776 3451 2030 3517 poterunt
2069 3459 2422 3518 quaecumque
2448 3455 2533 3495 vo-

556 3530 755 3587 luerint
779 3541 1082 3604 penetrare,
1104 3533 1403 3589 secundum
1430 3532 1562 3590 illud
1591 3534 1615 3589 1
1639 3534 1847 3590 Corint.
1876 3550 1954 3590 xv
1989 3551 2003 3588 ε
2033 3532 2348 3588 Seminatur
2369 3541 2532 3599 corpus

540 3620 805 3685 animate,
833 3628 1013 3693 surqet
1036 3638 1225 3693 corpus
1250 3622 1558 3693 spirituale.
1589 3623 1670 3679 Ad
1697 3640 1860 3696 quam
1891 3637 1992 3678 nos
2014 3622 2280 3695 perducat
2303 3620 2394 3695 qui
2417 3614 2534 3675 vivit

555 3716 610 3763 et
640 3716 830 3781 regnat
860 3726 953 3781 per
982 3710 1162 3765 omnia
1192 3709 1391 3767 saecula
1418 3709 1762 3779 saeculorum,
1791 3715 1986 3768 Amen.

618 3912 826 3971 Emplieit
858 3902 1140 3970 opuseulum
1177 3918 1391 3971 quintum
1413 3918 1510 3961 divi
1539 3917 1694 3961 Thom.
1723 3918 1781 3961 de
1804 3915 2032 3961 Articulis
2062 3917 2190 3974 fidoi,
2211 3922 2256 3962 cs
2287 3914 2488 3961 Ecclesia

921 3982 1239 4028 sacramentis
1264 3986 1325 4029 ad
1348 3986 1740 4031 Panonnitanum
1763 3985 2191 4050 Arphiepiscopum.
