2850 4517
586 306 705 369 368
1066 322 1116 367 s.
1162 320 1395 365 rsonae
1436 320 1761 370 Aoumxrrs
1803 322 2112 373 opuscucs

588 440 775 499 Maria
807 438 1045 511 Virqine.
1071 438 1139 495 Et
1169 438 1223 493 in
1250 434 1510 507 symbolo
1533 444 1752 511 patrum
1777 452 1796 493 .·
1825 436 1932 503 Qui
1963 443 2190 510 propter
2218 453 2315 493 noe
2342 439 2589 505 homines,

590 537 641 587 et
662 536 888 603 propter
915 521 1155 585 nostruin
1180 527 1405 583 salutem
1433 525 1698 583 deseendit
1725 525 1787 581 de
1816 526 1978 591 coelis,
2007 534 2058 583 et
2086 526 2408 583 incarnatas
2427 536 2507 585 est
2533 529 2592 583 de

588 620 801 694 Spiritu
828 620 1017 676 Sancto
1046 634 1110 673 ea:
1134 616 1323 676 Maria
1356 615 1596 689 Virqine,
1626 623 1678 672 et
1705 616 1856 673 homo
1882 616 2058 687 faetus
2087 623 2184 672 est.

658 709 941 767 Secundus
968 705 1233 765 articulus
1262 713 1347 761 est
1380 705 1448 760 de
1477 703 1730 779 passione
1758 712 1815 761 et
1849 711 2022 761 morte
2041 705 2268 772 Christi,
2297 708 2591 763 secundum

587 799 735 873 quod
778 798 894 869 ipse
936 796 1201 853 Dominus
1231 794 1504 867 praedixit,
1537 794 1733 850 matth.
1764 809 1843 851 xx
1873 811 1885 848 :
1911 792 2047 869 Ecce
2080 794 2411 851 ascendimus
2440 795 2593 853 Iero-

586 890 859 961 solymam,
890 892 941 944 et
967 886 1113 957 filius
1141 883 1371 940 hominis
1398 882 1654 941 tradetur
1665 882 2006 955 principibus
2028 884 2368 941 sacerdotum
2395 892 2448 941 et
2475 888 2594 941 scri·

587 978 685 1044 bis,
717 984 768 1033 et
804 974 1219 1031 condemnabunt
1244 989 1361 1027 eum
1386 978 1578 1039 morte,
1609 978 1662 1027 et
1691 972 1910 1029 tradent·
1934 988 2052 1027 eum
2079 972 2321 1045 gentibus
2355 974 2428 1029 ad
2473 974 2592 1031 illu-

586 1067 835 1131 dendum‚
852 1072 902 1143 et
926 1062 1321 1136 flagellandum,
1342 1068 1389 1117 et
1415 1060 1851 1133 crucifiqendum.
1868 1062 1934 1119 Et
1957 1061 2102 1117 circa
2135 1061 2282 1118 hunc
2305 1062 2594 1119 articulum

586 1156 795 1229 primus
824 1153 1045 1225 quidem
1082 1159 1166 1207 est
1196 1166 1346 1207 error
1376 1148 1816 1215 Manichaeorum,
1846 1150 1939 1223 qui
1979 1150 2122 1207 sicut
2161 1166 2365 1223 corpus
2397 1152 2593 1209 Christi

586 1261 708 1301 esse
738 1240 1143 1316 phantasticum
1170 1245 1441 1304 asserunt,
1458 1238 1536 1295 ita
1559 1239 1870 1311 passionem
1894 1237 2094 1295 Christi
2119 1254 2227 1295 non
2253 1238 2310 1295 in
2338 1241 2589 1309 veritate,

586 1333 681 1390 sed
716 1332 773 1387 in
797 1328 1083 1403 phantasia
1110 1344 1227 1384 esse
1259 1327 1594 1383 arbitrantur
1625 1344 1640 1383 ε
1670 1335 1863 1383 contra
1893 1327 2034 1400 quod
2057 1328 2282 1396 dicitur,
2302 1329 2415 1385 Isa.
2448 1346 2549 1387 mr
2579 1346 2590 1385 z

596 1420 729 1480 Vere
754 1419 1033 1488 lanquores
1066 1423 1274 1472 nostros
1308 1415 1419 1488 ipse
1459 1416 1606 1481 tulit,
1633 1422 1680 1471 et
1710 1415 1912 1471 dolores
1951 1422 2162 1472 nostros
2199 1414 2310 1489 ipse
2327 1420 2590 1489 porta-vit.

586 1508 657 1565 Et
683 1509 881 1563 iterum
912 1522 926 1563 z
964 1505 1237 1578 Tanquam
1274 1505 1383 1560 ovis
1424 1505 1496 1561 ad
1532 1503 1835 1560 occisionem
1869 1504 2058 1561 ductus
2096 1511 2170 1560 est
2200 1522 2218 1562 .·
2251 1508 2402 1577 quod
2433 1509 2588 1565 etiam

584 1596 882 1664 inducitur,
922 1598 1045 1651 Act.-
1097 1610 1221 1651 vm.
1252 1594 1534 1651 Secundus
1575 1600 1658 1649 est
1700 1609 1850 1649 error
1891 1592 2108 1661 Galani,
2152 1594 2246 1667 qui
2283 1596 2338 1651 in
2385 1596 2588 1653 Christo

588 1701 752 1742 unam
800 1691 1053 1741 naturam
1095 1683 1296 1757 posuit,
1326 1683 1421 1739 sed
1466 1682 1862 1754 incorporalem
1887 1690 1941 1739 et
1965 1682 2336 1739 immortalem
2366 1702 2380 1739 ε
2408 1694 2588 1742 contra

587 1775 733 1850 quod
764 1775 987 1839 dicitur,
1007 1775 1031 1830 1
1054 1774 1171 1830 Pet.
1191 1788 1259 1846 m
1281 1790 1293 1826 ε
1314 1772 1560 1829 Christus
1574 1774 1725 1829 semel
1745 1789 1850 1845 pro
1871 1772 2101 1845 peccatis
2123 1773 2325 1829 nostris
2353 1784 2588 1833 mortuus

586 1872 682 1923 est.
700 1866 769 1922 Et
793 1870 984 1920 contra
1009 1863 1107 1919 hos
1130 1877 1345 1919 errores
1364 1862 1584 1934 ponitur
1606 1861 1661 1916 in
1673 1860 1930 1934 Symbolo
1946 1878 1960 1917 ε
1979 1861 2310 1933 Crucifixus,
2331 1871 2585 1929 mortuus,

588 1961 641 2012 et
683 1953 935 2027 sepultae.

660 2043 877 2099 Tertius
916 2039 1181 2097 articulus
1209 2046 1291 2095 est
1330 2040 1399 2096 de
1435 2038 1834 2116 resurrectione
1863 2038 2084 2108 Christi,
2117 2041 2422 2099 secundum
2450 2042 2585 2116 quod

586 2132 703 2204 ipse
729 2130 881 2197 dicit,
904 2128 1095 2185 Matth.
1118 2144 1226 2185 xx:
1255 2128 1442 2186 Tertia
1467 2127 1552 2184 die
1580 2135 1842 2200 resurget.
1871 2128 1939 2185 Et
1957 2128 2103 2185 circa
2127 2129 2274 2187 hunc
2303 2132 2585 2188 articulum

585 2220 763 2293 primo
802 2218 1023 2292 quidem
1065 2217 1270 2273 erravit
1316 2217 1635 2285 Corinthus,
1673 2233 1924 2273 asserens
1973 2218 2250 2283 Christum
2305 2235 2420 2277 non
2471 2237 2586 2277 sur·

586 2310 811 2374 rexisse,
826 2307 921 2363 sed
947 2312 1381 2363 resurrecturum
1398 2320 1518 2361 esse
1548 2313 1770 2363 :contra
1796 2307 1939 2379 quod
1967 2306 2230 2376 dicitur,l
2256 2310 2470 2366 Corint.
2486 2322 2580 2367 xvt

588 2395 905 2455 Resurreoeit
932 2394 1097 2453 tertia
1123 2394 1208 2450 die
1230 2395 1512 2451 secundum
1535 2394 1864 2467 Scripturas.
1891 2397 2174 2453 Secundus
2201 2411 2358 2454 error
2389 2396 2582 2473 estqui

587 2483 1155 2558 imponitur-Origeni‚
1174 2483 1319 2556 quod
1344 2484 1415 2541 sit
1442 2484 1639 2540 iterum
1667 2501 1766 2557 pro
1789 2485 1967 2543 salute
1989 2486 2266 2543 hominum
2293 2494 2354 2543 et
2383 2488 2581 2545 daemo·

588 2590 717 2631 num
742 2588 1020 2646 passurus,
1054 2578 1243 2629 contra
1282 2572 1427 2646 quod
1451 2572 1684 2650 dicitur,
1713 2574 1872 2631 Rom.
1903 2591 1962 2631 vr
1993 2574 2278 2632 :Christus
2311 2592 2582 2649 resurqeus

589 2680 656 2720 ex
694 2662 1093 2734 mortuissjam
1130 2679 1239 2718 non
1276 2661 1538 2729 moritur,
1572 2680 1716 2719 mors
1748 2663 1832 2720 illi
1871 2663 2022 2719 ultra
2057 2680 2166 2719 ‘non
2201 2663 2574 2721 dominabitur.

592 2752 741 2819 Quod
780 2751 920 2807 enim
963 2758 1205 2810 mortuus
1243 2759 1317 2809 est
1348 2759 1583 2825 peccato,
1601 2758 1846 2809 mortuus
1891 2760 1966 2809 est
2009 2753 2166 2809 semel
2189 2770 2209 2809 .·
2235 2754 2374 2825 quod
2414 2759 2575 2819 autem

586 2841 743 2907 vivit,
772 2841 906 2897 vivit
934 2839 1064 2897 Deo.
1090 2840 1158 2897 Et
1180 2848 1374 2898 contra
1400 2840 1502 2897 hos
1527 2856 1737 2898 errores
1757 2841 1957 2898 dicitur
1993 2842 2050 2897 in
2073 2841 2374 2914 Symbolo:
2407 2840 2574 2901 Tertia

584 2930 670 2986 die
702 2930 1004 2987 resur-remit
1026 2946 1062 2985 a
1100 2929 1349 2987 mortuis.
1982 2983 1989 2991 .

655 3020 893 3089 Quartus
922 3019 1186 3075 articulus
1226 3026 1311 3075 est
1349 3019 1417 3076 de
1461 3019 1724 3076 descensu
1769 3020 1838 3076 ad
1869 3019 2092 3078 inferos·
2120 3020 2410 3077 Credimus
2443 3018 2566 3075 enim

586 3108 826 3165 animam
853 3106 1053 3163 Christi
1077 3108 1425 3165 descendisse
1450 3108 1518 3163 ad
1549 3108 1770 3175 inferos,
1802 3124 2028 3181 corpore
2067 3109 2290 3179 jacente
2320 3110 2376 3165 in
2403 3105 2567 3179 sepul-

586 3196 735 3265 chro,
752 3196 891 3269 Eph.
924 3212 983 3252 iv
1009 3212 1023 3252 :
1051 3196 1331 3254 Descendit
1352 3195 1592 3268 primum
1619 3196 1677 3251 in
1707 3195 1996 3267 inferiores
2016 3205 2204 3270 partes
2230 3204 2413 3256 terroe.
2433 3194 2564 3253 Unde

586 3285 644 3339 in
680 3283 935 3357 symbolo
978 3284 1179 3341 dicitur
1209 3304 1222 3341 :
1250 3278 1531 3341 Descendit
1557 3284 1628 3341 ad
1663 3283 1884 3357 inseras,
1909 3286 2054 3359 quod
2085 3290 2169 3342 est
2197 3294 2390 3343 contra
2417 3298 2562 3357 quos-

584 3374 733 3441 dam,
762 3374 853 3446 qui
886 3382 1182 3447 posuerunt
1205 3373 1385 3453 ipsum
1409 3372 1682 3430 Christum
1716 3389 1822 3430 non
1846 3361 2195 3431 descendisse
2224 3392 2322 3450 per
2351 3375 2558 3447 seipsum

586 3463 654 3519 ad
680 3461 898 3530 inferos
914 3477 1040 3519 cum
1064 3470 1244 3519 tamen
1265 3461 1458 3517 Petrus
1479 3462 1646 3531 dicat,
1667 3464 1792 3519 Act.
1818 3478 1881 3531 n,
1901 3466 2045 3535 quod
2073 3480 2178 3519 non
2208 3471 2284 3521 est
2313 3461 2556 3519 derelictus

585 3550 647 3607 in
677 3551 909 3623 inferno.

656 3640 891 3709 Quintus
928 3637 1193 3697 articulus
1229 3646 1315 3696 est
1346 3639 1415 3695 de
1457 3641 1772 3697 ascensione
1812 3641 2011 3698 Christi
2041 3640 2097 3697 in
2133 3640 2353 3707 coelum,
2385 3638 2561 3707 dequo

583 3730 700 3801 ipse
728 3727 881 3795 dicit,
905 3730 1061 3785 Joan.
1094 3742 1177 3785 xx
1202 3744 1215 3783 z
1243 3730 1482 3784 Ascendo
1502 3730 1572 3785 ad
1593 3736 1806 3801 patrem
1834 3744 2002 3785 meum
2023 3736 2070 3785 et
2093 3738 2306 3803 patrem
2330 3734 2553 3785 vestrum,

568 3818 753 3873 Deum
776 3830 950 3881 meum
978 3823 1027 3872 et
1066 3818 1235 3873 Deum
1276 3826 1529 3874 uestrum.
1559 3819 1714 3875 Circa
1752 3835 1876 3891 quae
1915 3824 2102 3874 errant
2134 3814 2450 3880 seleuciani,
2477 3808 2552 3883 qui

581 3910 781 3973 negant
810 3905 1147 3975 salvatorem
1185 3907 1239 3961 in
1268 3922 1432 3962 carne
1475 3904 1664 3971 sedere
1709 3908 1776 3962 ad
1821 3907 2104 3963 dexteram
2133 3908 2230 3962 Dei
2268 3905 2450 3977 patrie,
2475 3895 2550 3953 sed
