2850 4517
827 179 855 195 N

798 329 867 379 11⁶
908 348 989 363 --
1029 330 1414 380 DEGLARA'PIO
1457 332 1695 381 comm
1737 324 1990 387 esAEeos
2269 328 2387 391 237

372 450 528 527 quod
557 450 680 524 plus
703 448 889 517 habet,
916 454 973 507 et
999 450 1095 507 dat
1120 451 1173 508 ei
1202 451 1295 525 qui
1327 452 1787 511 minus'habebat.
1815 456 2158 534 Quicumque
2201 468 2386 519 autem

375 542 591 615 peccat,
619 536 742 612 pius
762 552 879 597 suae
900 538 1167 596 voluntati
1197 539 1448 613 indulget
1472 556 1639 615 quam
1663 544 1879 602 debeat.
1911 546 1984 603 Ut
2011 548 2158 605 enim
2187 550 2385 607 volun-

374 636 552 687 tatem
576 638 733 685 suam
760 624 1005 700 impleat,
1037 629 1439 701 transgreditur
1467 631 1714 687 ordinem
1753 632 1981 689 rationis
2023 639 2081 692 et
2129 636 2262 709 legis
2295 638 2386 695 di-

372 718 541 777 vinae.
572 716 656 774 Ad
684 715 789 773 hoe
816 716 984 788 igitur
1006 717 1153 791 quod
1183 716 1253 773 ad
1275 718 1511 790 Justitiae
1536 710 1786 777 ordinem
1821 722 2134 792 reducatur,
2170 734 2384 798 oportet

374 807 525 881 quod
550 805 819 862 voluntati
856 804 1211 863 subtrahatur
1238 804 1307 861 de
1336 821 1399 863 eo
1430 806 1578 880 quod
1605 808 1742 876 vult,
1771 811 1918 883 quod
1949 813 2022 869 sit
2059 814 2190 871 dum
2216 818 2386 890 puni·-

376 903 470 950 tur
495 892 580 950 vel
618 910 716 967 per
750 890 1183 949 subtractionem
1222 892 1488 949 bonorum
1533 910 1658 967 quae
1701 896 1869 953 vellet
1908 897 2128 968 habere,
2152 901 2238 958 vel
2287 920 2383 977 per

373 983 681 1040 illationem
703 980 971 1038 malorum
996 997 1121 1054 quae
1145 982 1258 1053 pati
1292 990 1529 1039 recusat.
1559 985 1691 1041 Haec
1715 1002 1844 1057 ergo
1872 987 2226 1062 reintegratio
2257 994 2383 1065 jus-

377 1073 519 1129 titiae
541 1088 639 1145 per
668 1086 885 1143 poenam
915 1070 1243 1144 quandoque
1271 1071 1335 1127 fit
1371 1086 1469 1143 per
1493 1072 1836 1131 voluntatem
1860 1077 1978 1148 ejus
2011 1080 2102 1152 qui
2135 1083 2378 1153 punitur,

375 1162 507 1219 dum
546 1162 779 1233 ipsemet
823 1158 1045 1221 sibimet
1077 1164 1291 1231 paetsam
1332 1160 1582 1233 imponit,
1631 1169 1692 1217 ut
1725 1164 1794 1221 ad
1830 1165 2106 1237 justitiam
2145 1170 2378 1227 redeat:

374 1249 705 1323 quandoque
728 1264 860 1306 vero
896 1247 970 1304 sit
1006 1263 1071 1304 eo
1100 1246 1291 1313 invito,
1319 1254 1378 1305 et
1420 1255 1550 1306 tunc
1586 1250 1808 1323 quidem
1853 1254 1970 1326 ipse
2015 1256 2084 1312 ad
2106 1258 2380 1329 justitiam

376 1354 484 1393 non
510 1335 809 1406 reducitur,
839 1335 936 1391 sed
961 1335 1017 1391 in
1040 1325 1389 1409 eo'irnpletur
1407 1336 1648 1409 justitia.
1679 1338 1812 1395 Erat
1841 1348 2022 1397 autem
2066 1349 2244 1401 totum
2276 1345 2380 1401 hu-

374 1439 599 1483 manum
639 1438 811 1496 genus
857 1424 1085 1497 peccato
1124 1424 1454 1497 subjectum.
1482 1427 1568 1483 Ad
1601 1426 1705 1484 hoe
1745 1444 1876 1502 ergo
1901 1432 2044 1504 quod
2079 1433 2148 1490 ad
2171 1441 2380 1491 statum

368 1515 603 1589 justitiae
632 1512 1005 1580 reduceretur,
1029 1514 1317 1586 oportebat
1345 1516 1592 1572 invenire
1617 1532 1854 1590 posnam,
1889 1535 2055 1593 quam
2083 1522 2246 1580 homo
2275 1524 2378 1581 sibl

372 1603 480 1677 ipsi
519 1609 823 1661 assumeret
868 1604 941 1660 ad
972 1602 1307 1675 implendum
1356 1603 1560 1663 divinae
1595 1606 1832 1679 justitiae
1875 1610 2144 1667 ordinem.
2185 1613 2381 1671 Nullus
2415 1602 2420 1605 ¹

376 1698 563 1751 nutem
596 1693 757 1749 homo
798 1703 981 1765 purus·
1018 1698 1205 1749 tantus
1244 1705 1367 1749 esse
1402 1700 1641 1766 poterat,
1685 1696 1781 1771 qui
1821 1706 2007 1770 posset
2059 1700 2378 1759 satisfacere

372 1782 708 1852 sufficienter
732 1783 849 1839 Deo
891 1796 1112 1855 poenam
1148 1781 1516 1839 voluntariam
1558 1783 1799 1857 aliquam
1836 1790 2182 1859 assumendo,
2211 1792 2378 1847 etiam

372 1886 479 1945 pro
506 1876 748 1943 peccato
787 1872 1185 1953 universorums
1225 1872 1362 1927 Cum
1404 1872 1551 1927 enim
1591 1872 1752 1929 homo
1789 1885 2001 1947 peccat,
2048 1877 2222 1949 legem
2276 1880 2376 1936 Dei

375 1960 798 2031 transgreditur,
828 1965 883 2015 et
924 1959 1007 2016 sie
1034 1966 1303 2032 quantum
1332 1967 1415 2017 est
1461 1960 1517 2016 in
1553 1977 1631 2029 se,
1659 1962 1913 2035 injuriam
1950 1966 2066 2021 Deo
2107 1966 2258 2036 facit,
2281 1968 2377 2043 qui

372 2058 460 2107 est
499 2048 807 2123 majestatis
846 2048 1095 2106 infinitae.
1123 2049 1301 2106 Tanto
1338 2054 1524 2107 autem
1559 2059 1646 2108 est
1691 2054 1864 2126 major
1910 2052 2129 2127 injuria,
2171 2065 2376 2131 quanto

373 2140 548 2211 major
574 2143 660 2195 est
684 2138 754 2206 is,
774 2138 829 2193 in
856 2155 1021 2212 quem
1044 2140 1430 2196 committitur.
1453 2140 1611 2197 Patet
1639 2142 1782 2199 enim
1809 2142 1954 2215 quod
1979 2145 2153 2217 major
2179 2144 2379 2218 injurIa

374 2234 663 2301 reputatur
686 2230 735 2285 si
762 2227 889 2301 quis
918 2229 1194 2301 percutiat
1226 2228 1478 2297 militem,
1506 2244 1673 2303 quam
1714 2232 1760 2287 si
1799 2232 2084 2301 rusticum,
2116 2240 2171 2290 et
2199 2235 2379 2292 adhuc

374 2319 553 2391 major
588 2317 635 2373 si
662 2332 894 2389 regem,
934 2316 1023 2374 vel
1073 2318 1396 2391 principem.
1437 2319 1615 2376 Habet
1661 2336 1790 2393 ergo
1844 2330 2132 2396 peccatum
2185 2333 2378 2383 contra

374 2408 549 2481 lege-m
577 2406 676 2463 Dei
704 2405 1061 2463 commissum
1089 2407 1495 2480 quodammodo
1520 2408 1776 2483 injuriam
1805 2411 2094 2469 infinitam.
2121 2414 2226 2471 Sed
2253 2432 2379 2471 rur-

373 2512 468 2556 sus
490 2495 950 2554 considerandum
976 2502 1081 2563 est,
1114 2496 1261 2569 quod
1298 2497 1600 2555 secundum
1631 2499 1956 2573 dignitatem
1987 2502 2378 2561 satisfacientis

370 2584 544 2642 etiam
568 2583 875 2641 satisfactio
910 2584 1267 2658 ponderatur.
1286 2584 1468 2641 Unum
1506 2586 1650 2641 enim
1673 2585 1900 2643 verbum
1940 2590 2376 2662 deprecatorium

372 2688 409 2731 u
432 2690 562 2745 rege
580 2672 853 2745 prolatum
878 2687 979 2746 pro
1002 2673 1379 2730 satisfactione
1414 2674 1648 2746 injuriae,
1680 2676 1850 2747 maj0r
1874 2676 2176 2736 satisfactio
2213 2694 2378 2752 repue-

372 2769 548 2829 tatur,
580 2775 745 2835 quam
770 2763 817 2818 si
845 2777 911 2818 eo
939 2762 1164 2819 inferior
1186 2762 1276 2819 vel
1304 2775 1483 2833 genua
1519 2761 1784 2829 flecteret,
1816 2763 1902 2820 vel
1935 2764 2096 2821 aliam
2126 2767 2376 2837 quamvis

370 2850 805 2909 humiliationem
816 2850 1135 2908 ostenderet
1149 2850 1218 2907 ad
1243 2850 1690 2906 satisfaciendum
1706 2866 1867 2921 passo
1892 2853 2165 2924 injuriam.
2183 2854 2376 2911 Nullus

371 2949 559 3001 autem
583 2940 746 2998 h'omo
768 2956 937 3015 purus
960 2946 1081 2997 erat
1108 2939 1337 2995 infinitae
1364 2938 1842 3011 dignitati3,cujus
1861 2940 2166 2997 satisfactio
2192 2951 2378 3017 posset

368 3046 497 3089 esse
520 3030 793 3101 condigna
824 3034 1019 3086 contra
1045 3028 1147 3084 Dei
1176 3027 1454 3101 injuriam.
1485 3026 1742 3098 Oportuit
1782 3028 1951 3099 igitur
1991 3036 2051 3086 ut
2088 3039 2234 3088 esset
2270 3034 2377 3090 ali-

372 3121 501 3195 quis
527 3120 691 3175 homo
712 3118 944 3176 infinitae
974 3117 1279 3190 dignitatis,
1312 3118 1406 3190 qui
1431 3130 1651 3191 poenam
1678 3116 1886 3175 subiret
1908 3134 2006 3192 pro
2028 3121 2295 3189 omnibus,
2319 3131 2375 3179 et

370 3210 457 3268 sic
480 3209 748 3280 condigne
772 3206 1117 3265 satisfaceret
1144 3222 1243 3282 pro
1268 3206 1440 3265 totius
1476 3206 1664 3263 mundi
1693 3208 1953 3280 peccatis,
1979 3211 2064 3265 Ad
2105 3210 2208 3268 hoc
2245 3228 2375 3284 ergo

370 3296 715 3371 unigenitum
738 3296 843 3352 Dei·
868 3295 1109 3353 Verbum
1134 3310 1301 3354 verus
1317 3296 1468 3352 Deus
1494 3302 1550 3353 et
1572 3296 1673 3351 Dei
1705 3296 1874 3353 Filius
1897 3304 2150 3356 naturam
2179 3301 2376 3359 buma-

370 3400 502 3444 nam
526 3386 840 3459 assumpsit,
876 3391 932 3441 et
954 3383 1010 3440 in
1040 3398 1106 3441 ea
1128 3391 1361 3441 mortem
1388 3384 1506 3458 pati
1535 3384 1727 3455 voluit,
1753 3390 1816 3439 ut
1841 3392 2014 3441 totum
2053 3402 2224 3458 genus
2269 3390 2376 3445 hu-

370 3489 597 3532 manum
625 3458 723 3547 pro
750 3482 981 3547 peccato
1002 3473 1391 3530 satisfaciendo
1418 3480 1698 3547 purgaret.
1725 3474 1880 3531 Unde
1915 3484 1970 3530 et
2006 3478 2197 3533 Petrus
2242 3477 2378 3535 dicit

368 3564 395 3622 1
423 3566 541 3621 Pet.
570 3578 639 3620 m
667 3580 681 3617 z
714 3562 966 3619 Christus
991 3562 1147 3617 semel
1177 3576 1282 3633 pro
1302 3562 1532 3633 peccatis
1559 3562 1761 3619 nostris
1797 3570 2036 3619 mortuus
2077 3572 2171 3630 eat,
2194 3566 2378 3637 justus

363 3658 473 3725 pro
507 3650 731 3723 iniustis
762 3656 860 3705 ete.
904 3650 1027 3707 Non
1055 3664 1187 3721 ergo
1227 3655 1291 3703 ut
1326 3650 1639 3722 opinantur,
1689 3652 2016 3707 conveniens
2071 3652 2175 3709 fuit
2229 3654 2376 3727 quod

368 3743 520 3798 Deus
543 3742 663 3797 sine
689 3738 1069 3796 satisfactione
1091 3750 1190 3793 sua
1204 3737 1443 3795 humana
1467 3747 1694 3811 peccata
1717 3748 1994 3813 purgaret,
2010 3756 2189 3814 neque
2208 3742 2374 3797 etiam

366 3830 518 3907 quod
544 3828 823 3887 hominem
848 3844 957 3885 non
982 3828 1326 3904 permitteret
1351 3827 1548 3885 cadere
1567 3827 1622 3885 in
1648 3836 1958 3903 peccatum.
1974 3830 2214 3887 Primum
2231 3832 2377 3891 enim

368 3924 707 3995 repugnat-et
744 3918 927 3977 ordini
964 3918 1574 3991 jucunde->secundum
1611 3918 1791 3975 ordini
1841 3927 2057 3978 naturae
2101 3920 2372 3993 humanae,
