2850 4517
885 316 930 358 1.
961 330 1044 341 -—
1071 315 1474 359 courtmmtm
1515 316 1877 359 runoLefflAE
2302 301 2383 359 87

364 445 602 507 sequens
651 436 738 486 est
782 434 846 487 ut
887 446 992 487 nec
1039 430 1208 489 etiam
1247 430 1697 505 impressionibus
1742 439 2031 503 corporum
2076 431 2382 490 coelestium

366 521 622 577 voluntas
647 518 888 577 humana
910 518 1196 589 subdatur,
1229 520 1327 577 sed
1353 519 1585 576 liberum
1602 520 1873 592 judicium
1905 520 2072 579 habet
2094 537 2190 577 eas
2224 522 2383 595 sequi

365 617 422 667 et
444 609 703 666 resistere
729 624 858 665 cum
881 606 1160 667 videbitur
1187 608 1463 682 expedire,
1501 607 1648 682 quod
1677 596 1891 665 tantum
1920 609 2251 682 sapientium
2274 617 2379 665 est.

365 699 532 773 Sequi
567 714 702 756 vero
728 698 1012 773 passiones
1047 698 1358 771 corporales
1389 706 1462 754 ”et
1508 698 1891 755 inclinationes
1932 704 2019 755 est
2065 698 2379 756 multorum.

367 787 464 863 qui
485 786 698 844 scilicet
723 786 1015 861 sapientia,
1042 794 1099 844 et
1119 786 1328 845 virtute
1355 790 1568 843 carent.

1046 955 1331 1024 CAPUT
1377 956 1689 1023 CXXIX.

377 1096 560 1173 Quod
584 1096 754 1162 solus
779 1098 949 1162 Deus
973 1094 1164 1161 movet
1189 1053 2017 1197 voluntatem-hominiamon
2034 1115 2132 1161 res
2155 1104 2378 1163 creata.
2450 1110 2454 1112 ’

439 1228 577 1289 Cum
601 1237 783 1289 autem
810 1247 972 1289 omne
995 1231 1276 1300 mutabile,
1309 1238 1368 1289 ει
1394 1232 1749 1299 multiforme,
1780 1230 1836 1288 in
1879 1231 2101 1306 aliquod
2144 1234 2383 1307 primum

367 1322 648 1380 immobile
697 1328 755 1378 ει
801 1338 972 1378 unum
1007 1322 1305 1379 reducatur
1343 1320 1489 1379 sicut
1534 1322 1589 1379 in
1630 1336 1873 1390 causam,
1923 1322 2160 1377 hominis
2196 1331 2383 1380 autem

367 1411 680 1468 intellectus
711 1418 770 1467 et
790 1410 1046 1470 voluntas
1072 1410 1350 1469 mutabilis
1395 1419 1453 1467 et
1476 1410 1822 1468 multiformis
1850 1420 2132 1485 appareat,
2160 1426 2381 1469 necesse

365 1510 453 1558 est
480 1500 626 1575 quod
650 1498 972 1574 inaliquam
997 1501 1333 1574 superiorem
1357 1516 1581 1558 causam
1612 1500 1945 1557 immobilem
1972 1507 2029 1557 et
2058 1498 2384 1556 uniformem

366 1589 702 1646 reducantur
729 1607 746 1645 z
775 1597 830 1646 et
865 1590 999 1663 quia
1047 1603 1153 1646 non
1183 1589 1519 1647 reducuntur
1546 1590 1691 1647 sicut
1731 1590 1786 1645 in
1816 1605 2041 1647 causam
2068 1590 2126 1645 in
2153 1606 2384 1664 corpora

368 1680 636 1748 coelestia,
667 1688 730 1737 ut
752 1688 1032 1737 ostensum
1057 1687 1160 1750 est,
1187 1687 1404 1755 oportet
1428 1696 1523 1737 eas
1546 1681 1807 1737 reducere
1836 1681 1891 1736 in
1914 1696 2113 1738 causas
2136 1680 2380 1738 altiores.

368 1768 547 1826 Aliter
567 1776 753 1825 autem
779 1786 838 1825 se
862 1770 1026 1827 habet
1053 1772 1200 1838 circa
1229 1770 1571 1828 intellectum
1597 1778 1654 1827 et
1683 1770 2041 1838 voluntatem,
2074 1786 2201 1827 nam
2226 1777 2383 1826 actus

370 1857 687 1913 intellectus
713 1864 796 1913 est
832 1859 1130 1915 secundum
1160 1862 1306 1933 quod
1331 1874 1420 1915 res
1461 1858 1757 1916 intellectae
1786 1867 1911 1915 sunt
1954 1859 2010 1913 in
2040 1859 2320 1915 intellectu
2366 1874 2381 1913 ε

373 1952 536 2002 actus
562 1946 1068 2005 autem-voluntatis
1096 1947 1399 2005 attenditur
1423 1947 1724 2003 secundum
1753 1946 2163 2003 inclinationem
2184 1947 2384 2007 volun-

369 2035 506 2091 tatis
530 2036 600 2091 ad
631 2052 717 2092 res
744 2035 956 2094 volitas.
1003 2036 1320 2093 Intellectus
1348 2037 1520 2108 igitur
1559 2042 1720 2092 natus
1744 2040 1827 2091 est
1864 2022 2059 2108 'perfici
2089 2034 2160 2090 ab
2199 2035 2383 2109 aliquo

369 2125 651 2196 exteriori,
683 2125 830 2200 quod
857 2134 1206 2199 comparatur
1233 2125 1303 2182 ad
1346 2126 1527 2199 ipsum
1556 2125 1697 2182 sicut
1728 2130 1885 2181 actus
1930 2124 1998 2180 ad
2028 2120 2332 2197 potentiam
2366 2142 2380 2180 ε

369 2215 515 2281 unde
538 2214 699 2271 homo
725 2214 794 2271 ad
823 2224 1006 2273 actum
1035 2214 1345 2271 intellectus
1385 2215 1633 2287 adjuvari
1675 2222 1857 2287 potest
1885 2229 1918 2269 a
1946 2212 2188 2288 quolibet
2227 2220 2385 2269 exte-

369 2304 521 2370 riori,
555 2303 704 2377 quod
747 2309 833 2360 est
874 2304 1049 2375 magis
1075 2304 1376 2377 perfectum
1405 2304 1706 2361 secundum
1738 2318 1859 2360 esse
1883 2302 2243 2375 intelligibile,
2277 2320 2383 2360 non

369 2393 548 2449 solum
574 2409 609 2450 a
645 2394 779 2461 De0,
817 2393 916 2450 sed
952 2394 1120 2450 etiam
1158 2392 1230 2451 ab
1274 2394 1503 2466 Angelo,
1547 2400 1602 2451 et
1632 2394 1801 2451 etiam
1846 2394 1917 2449 ab
1961 2393 2179 2451 homine
2210 2394 2385 2466 magis

369 2482 661 2549 instructo,
693 2482 852 2539 aliter
881 2487 1064 2539 tamen
1089 2490 1143 2539 et
1173 2483 1352 2540 aliter.
1383 2485 1557 2541 Homo
1586 2484 1729 2540 enim
1754 2484 2048 2556 adjuvatur
2072 2484 2143 2539 ab
2166 2481 2383 2539 homine

371 2572 443 2627 ad
469 2571 880 2643 intelligendum
909 2589 1005 2645 per
1023 2570 1149 2641 hoc,
1189 2572 1335 2647 quod
1369 2589 1509 2630 unus
1531 2589 1720 2630 eorum
1749 2572 1910 2630 alteri
1940 2573 2192 2646 proponit
2216 2572 2385 2628 intel-

373 2660 598 2731 ligibile,
635 2661 782 2735 quod
808 2676 913 2716 non
937 2660 1339 2730 considerabat,
1368 2680 1474 2718 non
1512 2671 1698 2719 autem
1718 2662 1796 2717 ita
1835 2662 1982 2735 quod
2013 2662 2193 2719 lumen
2217 2660 2385 2717 intel-

373 2749 552 2806 lectus
577 2751 734 2806 unius
760 2750 993 2808 hominis
1022 2751 1094 2808 ab
1116 2751 1292 2808 altero
1319 2752 1537 2808 homine
1568 2750 1901 2823 perficiatur,
1932 2751 2061 2824 quia
2090 2758 2385 2823 utrumque

371 2838 561 2895 lumen
595 2840 841 2897 naturale
865 2846 948 2897 est
977 2841 1136 2897 unius
1161 2840 1383 2913 speciei.
1414 2839 1520 2896 Sed
1554 2840 1683 2911 quia
1708 2838 1887 2894 lumen
1913 2840 2163 2895 naturale
2191 2840 2384 2910 Angeli

371 2934 458 2985 est
499 2930 798 2987 secundum
828 2926 1394 3007 naturam-sublimius
1421 2927 1661 2984 naturali
1692 2927 1895 2982 lumine
1935 2927 2188 2995 hominiS,
2222 2925 2385 2982 homo

372 3017 446 3075 ab
466 3018 673 3090 Angelo
699 3025 878 3092 potest
899 3019 1081 3091 juvari
1125 3018 1193 3075 ad
1223 3017 1635 3090 intelligendum
1664 3032 1773 3072 non
1799 3014 1975 3071 solum
2005 3032 2072 3102 egr
2101 3022 2255 3088 parte
2285 3014 2386 3070 ob-

364 3106 522 3179 jecti,
563 3107 709 3181 quod
737 3108 788 3164 ei
817 3108 888 3166 ab
927 3107 1135 3180 Angelo
1161 3107 1502 3181 proponitur,
1530 3106 1626 3164 sed
1650 3106 1820 3161 etiam
1861 3121 1925 3161 ex
1957 3114 2112 3177 parte
2144 3102 2383 3171 luminiS,

370 3198 520 3271 quod
549 3214 648 3271 per
675 3196 858 3254 lumen
903 3197 1096 3271 Angeli
1124 3196 1486 3253 confortatur.
1516 3197 1638 3255 Non
1683 3202 1866 3251 tamen
1900 3190 2094 3250 ‘lumen
2135 3194 2386 3250 naturale

370 3286 612 3349 hominis
649 3287 720 3344 ab
763 3287 970 3360 Angelo
1012 3293 1116 3356 est,
1161 3302 1288 3344 cum
1329 3292 1525 3343 natura
1568 3283 1851 3342 rationalis
1880 3284 2096 3352 animae,
2128 3300 2252 3357 quae
2288 3300 2387 3357 per

369 3376 712 3433 creationem
739 3392 859 3434 esse
895 3378 1127 3451 accepit,
1159 3392 1270 3433 non
1292 3376 1396 3433 nisi
1422 3393 1455 3433 a
1482 3378 1597 3431 Deo
1625 3374 1877 3431 instituta
1907 3372 1999 3429 sit.
2026 3376 2174 3453 Deus
2202 3380 2403 3429 autem·

369 3465 444 3521 ad
465 3465 883 3537 intelligendum
911 3466 1185 3523 hominem
1206 3467 1366 3538 juvat
1384 3482 1495 3521 non
1512 3464 1687 3522 solum
1716 3482 1783 3519 ex
1804 3470 1960 3537 parte
1988 3463 2206 3535 objecti,
2238 3462 2385 3535 quod

370 3555 580 3611 homini
617 3558 939 3630 proponitur
967 3574 1000 3614 a
1027 3559 1161 3626 Deo,
1211 3555 1298 3612 vel
1337 3572 1433 3628 per
1461 3554 1796 3612 additionem
1826 3550 2062 3618 luminiS,
2094 3552 2189 3609 sed
2218 3552 2384 3606 etiam

372 3662 472 3720 per
497 3646 621 3713 hoc,
656 3648 804 3721 quod
856 3648 1039 3704 lumen
1085 3644 1331 3703 naturale
1359 3644 1613 3712 hominist,
1664 3661 1773 3718 quo
1804 3640 2187 3697 intellectualis
2217 3648 2321 3706 est,
2354 3655 2385 3695 a

370 3730 488 3791 Deo
519 3744 624 3803 est,
651 3742 708 3792 et
737 3754 834 3810 per
869 3736 974 3794 hoc
997 3737 1165 3793 etiam
1193 3735 1338 3810 quod
1363 3751 1489 3791 cum
1512 3733 1629 3807 ipse
1666 3735 1739 3790 sit
1760 3733 1965 3792 veritas
1990 3730 2183 3804 prima,
2217 3744 2249 3784 a
2276 3744 2386 3801 qua

369 3824 555 3882 omnis
583 3824 692 3882 alia
721 3828 926 3885 veritas
959 3825 1344 3884 certitudinem
1372 3824 1558 3894 habet,
1589 3823 1733 3880 sicut
1775 3821 2031 3881 secundae
2051 3818 2388 3893 propositio-

371 3928 474 3972 nes
502 3930 536 3971 a
571 3914 763 3988 primis
801 3916 862 3975 in
887 3916 1134 3975 scientiis
1160 3912 1625 3984 demonstrativis,
1674 3913 1807 3971 nibil
1835 3907 2139 3969 intellectui
2175 3917 2388 3967 certum
