2850 4517
562 276 684 385 160ο
1036 340 1088 384 s.
1133 340 1364 383 'mom-v.
1406 340 1731 390 sommus
1772 340 2084 387 oeuscuu

560 455 765 512 tionem
795 470 900 511 non
928 472 961 513 a
985 455 1253 529 principio
1277 456 1499 525 habent,
1528 456 1584 519 in
1607 463 1873 530 quantum
1900 457 2125 517 mobilia
2153 466 2301 530 sunt,
2323 462 2422 519 sod
2448 479 2577 525 eam

559 560 657 617 per
683 544 1084 603 successionem
1109 544 1374 618 temporis
1401 553 1786 613 assequuntur.
1812 547 2121 607 immobilia
2146 551 2361 607 veroin
2384 570 2576 627 qnan-

561 641 678 690 tum
707 633 1037 705 hujusmodi,
1067 648 1282 707 semper
1319 633 1567 691 obtinent
1602 649 1731 691 suas
1768 635 2152 709 perfectiones,
2184 655 2252 695 ex
2291 658 2402 715 quo
2449 659 2573 701 esse

559 722 845 795 incipiunt.
874 722 1212 779 Conveniens
1235 722 1403 795 igitur
1427 721 1531 779 ruit
1558 722 1833 780 Christum
1861 724 2115 784 humnnae
2143 727 2340 786 salutis
2372 739 2575 789 aucto·

557 826 673 869 rern
719 810 790 867 ab
835 811 957 882 ipso
1001 826 1118 868 sure
1159 810 1553 869 incarnationis
1594 812 1864 886 principio
1904 813 2121 887 plenam
2156 817 2256 873 Dei
2300 818 2572 879 visionem

559 900 884 976 possedisse,
917 915 1023 957 non
1058 908 1244 956 autern
1281 914 1377 972 per
1420 901 1684 974 temporis
1720 902 2123 961 successionem
2152 909 2468 978 pervenisse
2496 913 2572 969 ad

557 991 752 1063 ipsam,
784 995 843 1045 ut
883 988 1072 1045 Sancti
1113 987 1205 1045 alii
1245 990 1597 1062 proveniunt.
1624 990 1963 1047 Conveniens
1992 993 2161 1051 etiam
2200 994 2304 1053 fuit
2348 1006 2411 1055 ut
2455 1014 2575 1073 prae

451 1128 457 1133 .
557 1078 778 1136 caeteris
817 1076 1087 1133 creaturis
1123 1076 1216 1138 illa
1263 1076 1448 1135 anima
1501 1077 1689 1135 divina
1733 1079 1939 1136 visione
1980 1080 2409 1154 beatificaretur,
2444 1103 2573 1161 quae

556 1169 674 1224 Deo
717 1164 1076 1238 propinquius
1122 1166 1573 1238 conjungebatur,
1601 1168 1657 1223 in
1700 1182 1809 1239 qua
1850 1168 2075 1241 quidem
2108 1172 2322 1229 visione
2362 1177 2573 1247 gradus

559 1254 864 1315 attenditur
901 1253 1202 1309 secundum
1243 1254 1390 1327 quod
1420 1254 1591 1329 aliqui
1620 1254 1744 1313 aliis
1784 1255 1988 1317 clarius
2016 1261 2189 1317 Deum
2229 1262 2439 1330 vident,
2472 1268 2571 1339 qni

557 1350 645 1400 est
687 1342 934 1399 omnium
971 1356 1154 1399 rerum
1195 1358 1382 1400 causa.
1428 1344 1647 1413 Quanto
1684 1353 1869 1402 autem
1911 1346 2095 1421 aliqua
2138 1365 2306 1408 causa
2351 1353 2573 1425 plenius

557 1430 924 1504 cognoscitur,
957 1436 1110 1487 tanto
1145 1432 1201 1489 in
1231 1432 1350 1505 ipsa
1393 1432 1577 1505 plures
1604 1435 1725 1505 ejus
1764 1436 1993 1493 effectus
2030 1440 2265 1513 perspici
2314 1452 2567 1514 possunt.

452 1540 456 1543 ·
558 1521 681 1577 Non
703 1518 847 1575 enim
877 1519 1053 1591 magis
1089 1520 1436 1591 cognoscitur
1461 1536 1647 1589 causa,
1676 1523 1779 1579 nisi
1808 1524 1985 1581 virtus
2010 1528 2129 1598 ejus
2176 1528 2389 1601 plenius
2430 1548 2573 1605 cog-

560 1612 836 1674 noscatur,
860 1608 1018 1679 cujus
1053 1608 1273 1667 virtutis
1318 1610 1559 1681 cognitio
1606 1611 1723 1667 sine
1764 1614 2073 1685 cognitione
2110 1617 2407 1675 effectuum
2445 1634 2571 1678 esse

558 1711 664 1753 non
684 1701 885 1769 potest.
915 1696 1055 1753 Nam
1085 1698 1370 1771 quantitas
1408 1698 1631 1759 virtutis
1662 1702 1964 1760 secundum
2000 1704 2227 1763 effectus
2260 1710 2571 1767 mensurari

557 1784 717 1843 solet.
748 1784 817 1841 Et
852 1784 980 1841 inde
1020 1794 1103 1841 est
1146 1785 1291 1859 quod
1323 1801 1513 1843 eorum
1541 1789 1634 1861 qui
1674 1790 1968 1849 essentiam
2009 1793 2109 1851 Dei
2156 1793 2365 1865 vident,
2393 1798 2567 1873 aliqui

557 1874 744 1947 piures
770 1874 1016 1942 effectus,
1051 1874 1134 1931 vel
1162 1875 1406 1933 rationes
1438 1876 1749 1936 divinorum
1777 1896 2003 1954 operum
2032 1881 2087 1939 in
2134 1884 2253 1957 ipso
2290 1885 2406 1944 Deo
2447 1888 2571 1947 ins-

557 1962 788 2036 piciunt,
820 1978 986 2037 quam
1015 1963 1107 2021 alii
1132 1964 1227 2038 qui
1253 1965 1435 2023 minus
1462 1965 1611 2024 clare
1635 1967 1841 2038 vident,
1869 1976 1925 2025 et
1960 1972 2261 2031 secundum
2286 1975 2391 2034 hoc
2422 1978 2571 2037 infe-

557 2052 732 2111 riores
759 2052 952 2125 Angeli
981 2069 1012 2110 a
1040 2054 1412 2127 superioribus
1448 2056 1812 2125 instruuntur,
1844 2064 1907 2114 ut
1950 2074 2117 2133 snpra
2139 2063 2271 2132 jam‘
2300 2064 2567 2127 diximus.

558 2140 754 2201 Anima
780 2141 947 2211 igitur
972 2141 1173 2199 Christi
1202 2158 1473 2201 summam
1502 2144 1890 2217 perfectionem
1918 2148 2121 2207 divinae
2146 2152 2376 2211 visionis
2416 2156 2574 2214 obti-
2638 2154 2648 2169 ⁶

561 2243 695 2284 nens
733 2228 876 2283 inter
915 2235 1208 2295 creaturas⁴
1241 2237 1491 2299 caeteras,
1545 2234 1729 2291 omnin
1769 2234 1957 2295 divina
1996 2253 2181 2311 opera,
2227 2250 2284 2299 et
2325 2244 2572 2304 rationes

559 2316 802 2387 ipsorum
828 2328 1189 2390 quaecumque
1217 2324 1362 2385 sunt,
1391 2326 1571 2383 erunt,
1608 2322 1690 2377 vel
1716 2323 1955 2392 suerunt,
1984 2326 2039 2382 in
2081 2328 2201 2401 ipso
2236 2332 2358 2387 ‘Deo
2406 2334 2569 2409 plene

561 2402 824 2469 intuetur,
857 2410 917 2457 nt
944 2418 1048 2459 non
1073 2404 1249 2461 solum
1282 2406 1547 2480 homines,
1574 2411 1671 2467 sed
1700 2411 1867 2494 eliam
1910 2429 2195 2488 supremos
2234 2422 2569 2493 Angelorum

560 2482 853 2547 illuminet.
881 2490 950 2546 Et
974 2491 1097 2553 ideo
1125 2495 1417 2567 Apostolus
1441 2498 1573 2555 dicit
1596 2500 1662 2557 ad
1690 2502 1895 2559 Coloss.
1924 2519 1970 2559 n
1998 2521 2010 2557 τ
2042 2506 2179 2577 quod
2213 2508 2412 2583 iri-ipso
2440 2522 2570 2571 sunt

561 2590 738 2631 omnes
766 2576 1005 2639 thesauri
1038 2580 1340 2656 sapientire,
1369 2590 1421 2640 et
1460 2584 1693 2644 scientim
1735 2589 1837 2645 Dei
1882 2588 2193 2651 absconditi.
2226 2594 2295 2651 Et
2340 2598 2412 2654 ad
2452 2600 2571 2657 He-

562 2664 738 2721 braeos
764 2680 840 2721 ιν.
863 2665 1001 2739 quod
1021 2668 1202 2727 omnia
1229 2669 1396 2737 nuda,
1421 2678 1471 2729 et
1499 2682 1692 2745 aperta
1716 2684 1845 2734 sunt
1866 2679 2029 2736 oculis
2052 2683 2164 2753 ejus
2192 2700 2211 2741 .·
2241 2693 2347 2741 non
2380 2694 2567 2748 tamen

563 2752 744 2811 anima
772 2753 971 2835 Christi
1001 2757 1070 2816 ad
1107 2758 1646 2831 comprehensionem
1674 2764 1981 2825 divinitatis
2008 2771 2321 2844 pertingere
2358 2784 2567 2849 potest.

560 2842 701 2899 Nam
743 2849 806 2899 ut
841 2859 1007 2918 supra
1041 2844 1251 2906 dictum
1298 2858 1402 2919 est,
1456 2850 1591 2908 illud
1634 2857 2011 2929 cognoscendo
2060 2862 2565 2937 comprehenditur,

557 2930 706 3005 quod
737 2939 952 2991 tantum
977 2938 1343 3009 cognoscitur,
1375 2946 1645 3013 qnantum
1669 2944 2035 3015 cognoscibile
2060 2955 2163 3005 est.
2194 2950 2374 3009 Unum
2399 2957 2572 3027 quod·

557 3022 841 3093 queenim
871 3025 1236 3097 cognoscibile
1269 3034 1355 3084 est
1395 3029 1453 3085 in
1496 3036 1763 3103 quantum
1804 3039 1889 3089 est
1926 3050 2043 3103 ens,
2074 3044 2131 3093 et
2177 3055 2413 3100 verum:
2446 3060 2570 3103 esse

559 3113 746 3170 antem
787 3110 1033 3171 divinum
1078 3120 1164 3171 est
1205 3114 1499 3185 infinitum,
1536 3118 1881 3181 similiteret
1924 3126 2127 3182 veritas
2166 3129 2320 3200 ejus;
2352 3131 2572 3192 infinite

559 3196 732 3267 igitur
757 3200 904 3259 Deus
938 3202 1321 3275 cognoscibilis
1353 3211 1459 3263 est.
1492 3205 1653 3265 Nulla
1682 3219 1868 3267 autem
1895 3221 2149 3273 creatura
2190 3217 2407 3286 infinite
2434 3237 2571 3295 cog-

561 3300 789 3343 noscere
832 3295 1032 3361 potest,
1069 3298 1124 3347 et
1165 3290 1214 3349 si
1253 3293 1528 3352 infinitum
1566 3297 1638 3366 sit
1676 3298 1823 3371 quod
1860 3304 2171 3374 cognoscit;
2203 3305 2353 3365 nulla
2401 3310 2571 3382 igitur

559 3380 813 3432 creatura
834 3377 1005 3457 Deum
1035 3378 1270 3439 videndo
1298 3386 1759 3456 comprehendere
1787 3396 1989 3460 potest.
2023 3390 2121 3448 Est
2159 3402 2344 3460 autem
2382 3401 2570 3457 anima

558 3462 760 3543 Christi
796 3476 1068 3539 creatura,
1097 3479 1154 3525 et
1195 3469 1464 3543 quidquid
1494 3474 1551 3529 in
1592 3474 1809 3533 Christo
1849 3477 1920 3535 ad
1968 3478 2263 3541 humanam
2310 3494 2570 3545 naturam

552 3557 775 3629 >tunt-um
805 3556 1058 3626 pertinet,
1089 3565 1337 3632 creatum
1378 3570 1509 3632 est5
1534 3563 1775 3638 alioquin
1814 3582 1920 3623 non
1958 3570 2065 3626 erit
2108 3572 2163 3627 in
2210 3572 2429 3634 Christo
2458 3578 2571 3635 alia

556 3642 1149 3707 ‚naturahumenitatis
1179 3661 1212 3703 a
1241 3653 1442 3710 natura
1485 3650 1812 3722 divinitatiS,
1846 3671 1971 3727 quae
2006 3658 2123 3715 sola
2167 3660 2413 3721 increata
2460 3674 2569 3725 est.

557 3730 886 3803 Hypostasis
907 3738 1090 3791 autem
1115 3734 1216 3791 Dei
1248 3735 1433 3804 Verbi,
1460 3738 1577 3807 sive
1622 3756 1855 3812 persona
1884 3745 2131 3805 increata
2158 3756 2260 3816 est,
2292 3766 2421 3825 quoe
2460 3770 2573 3813 una

555 3824 642 3879 est
669 3819 725 3876 in
753 3818 966 3881 duabus
990 3822 1222 3891 naturis,
1253 3824 1466 3882 ratione
1496 3829 1652 3899 quus
1675 3830 1951 3891 Christum
1985 3850 2092 3907 non
2134 3837 2371 3897 dicimus
2406 3857 2575 3899 crea—

555 3910 758 3975 turam,
817 3905 1085 3982 loquendo
1133 3905 1479 3985 simpliciter,
1526 3915 1658 3987 quia
1708 3920 1925 3979 nomino
1974 3922 2175 3983 Christi
2236 3926 2575 4001 importatur
