2850 4517
494 360 617 435 41'0
966 390 1029 439 s.
1070 389 1305 437 ’rnonm
1345 390 1675 442 Aoumxris
1713 388 2025 434 oruseom

493 504 721 565 Christi.
756 505 849 563 Sia
876 522 1007 579 ergo
1048 513 1203 580 patet
1232 508 1444 565 utilitas
1485 524 1555 581 ex,
1587 514 1746 581 parte
1775 502 2025 571 remedii.
2057 504 2154 561 sed
2190 519 2300 561 non
2327 502 2513 560 minor

494 600 577 649 est
608 592 821 650 utilitas
843 602 1115 666 *quantum
1140 595 1211 655 ad
1238 595 1572 668 exemplum.
1596 595 1758 663 Nam,
1785 594 1932 651 siout
1957 591 2094 649 dicit
2117 592 2315 648 beatus
2337 595 2506 663 Aug„

494 682 681 738 Passio
708 681 913 739 Christi
948 680 1153 741 suffieit
1194 683 1261 741 ad
1304 684 1710 741 informandum
1747 682 1995 738 totaliter
2021 682 2193 737 vitam
2234 686 2507 737 nostram.

493 769 837 843 Quicumque
862 772 1011 828 enim
1037 765 1423 846 vult=perfeote
1454 774 1668 838 vivere‚-
1685 770 1822 827 nihil
1849 770 2000 827 aliud
2030 770 2198 827 faeiat
2223 770 2327 825 nisi
2355 768 2510 841 quod

493 865 809 917 contemnat
854 876 981 934 quae
1024 861 1273 918 Christus
1319 862 1378 917 in
1417 876 1582 918 cruoe
1620 858 1975 933 contempsit,
2017 866 2075 915 et
2113 863 2340 931 appetat
2379 872 2512 929 quae

493 946 741 1005 Christus
774 949 1027 1021 appetiit.
1058 949 1280 1005 Nullum
1312 950 1460 1005 enim
1489 948 1799 1022 exemplum
1823 948 2046 1004 virtutis
2074 946 2234 1003 abest
2259 962 2291 1001 a
2319 960 2506 1004 cruce,

493 1036 549 1092 Si
590 1036 737 1092 enim
766 1052 984 1109 quaeras
1010 1038 1320 1110 exemplum
1355 1037 1642 1094 eharitatis
1671 1054 1685 1091 t
1717 1037 1980 1109 Maiorem
2007 1033 2325 1091 charitatem
2357 1048 2509 1089 nemo

442 1148 447 1155 ·
495 1124 667 1191 babet,
696 1126 833 1200 quod
858 1132 919 1181 ut
946 1126 1182 1182 animam
1202 1142 1355 1182 suam
1375 1132 1546 1198 ponat
1568 1124 1685 1197 quis
1708 1140 1813 1197 pro
1838 1122 2027 1179 enticis
2051 1124 2188 1181 suis.
2217 1124 2375 1179 Joan.
2403 1136 2503 1187 xv,

496 1218 553 1268 et
578 1213 681 1270 hoc
709 1214 764 1269 in
787 1230 951 1271 cruce
978 1213 1108 1270 fecit
1132 1214 1380 1271 Christus
1420 1232 1436 1270 :
1465 1222 1520 1270 et
1550 1214 1674 1271 ideo
1697 1212 1745 1271 si
1773 1228 1872 1287 pro
1895 1212 2054 1269 nobis
2080 1211 2318 1267 animam
2347 1225 2509 1267 suam

496 1301 666 1369 dedit,
710 1318 820 1357 non
852 1302 1014 1358 debet
1058 1302 1217 1359 nobis
1260 1318 1383 1359 esse
1424 1318 1592 1375 grave
1639 1315 2000 1375 quaecumque
2044 1299 2188 1357 mala
2233 1298 2509 1355 sustinere

498 1404 595 1461 pro
635 1390 771 1461 ipso,
804 1392 893 1447 Ps.
942 1408 1054 1447 exv
1099 1408 1114 1446 t
1162 1392 1303 1457 Quid
1344 1392 1645 1448 retribuam
1689 1390 1919 1449 Domino
1960 1406 2068 1462 pro
2109 1387 2346 1444 omnibus
2387 1392 2509 1461 quai

494 1474 750 1533 retribuit
784 1477 961 1534 mibi?
998 1479 1068 1535 Si:
1097 1480 1317 1551 quaeris-
1345 1479 1654 1551 exemplum
1693 1478 1997 1552 patientiae,
2043 1476 2508 1533 excellentissima

498 1566 555 1621 in
590 1581 753 1623 cruce
780 1566 1079 1625 invenitur.
1118 1568 1387 1625 Patientia
1416 1568 1562 1624 enim
1599 1584 1667 1624 ex
1702 1566 1918 1624 duobus
1945 1582 2134 1637 magna
2163 1564 2501 1631 ostenditur,

498 1661 593 1709 aut
637 1670 764 1711 eum
792 1656 917 1729 quis
954 1644 1155 1729 magna
1196 1658 1473 1730 patienter
1497 1658 1707 1724 suffert,
1753 1664 1849 1713 aut
1887 1670 2016 1711 cum
2053 1669 2118 1710 ea
2159 1654 2347 1708 suffert
2373 1664 2512 1724 quas·

496 1742 673 1799 vitare
700 1752 903 1817 posset,
934 1752 991 1801 et
1022 1762 1129 1801 non
1156 1746 1299 1803 vitat
1332 1762 1345 1799 ι
1378 1745 1626 1802 Christus
1653 1752 1838 1801 autem
1868 1750 2065 1815 magna
2094 1742 2150 1797 in
2176 1756 2338 1797 cruce
2370 1756 2510 1812 >per-

499 1829 645 1887 tulit.
670 1832 1027 1889 Threnorum.
1060 1850 1082 1890 1
1114 1850 1129 1891 z
1160 1832 1206 1889 0
1232 1850 1322 1889 vos
1344 1850 1519 1890 omnes
1547 1832 1638 1905 qui
1667 1832 1915 1889 transitis
1935 1846 2040 1905 per
2060 1830 2224 1897 eiam,
2247 1828 2510 1886 attendite

490 1926 549 1975 'et
576 1920 747 1977 videte
772 1922 822 1977 ci
842 1928 918 1977 est
944 1922 1097 1979 dolor
1121 1922 1261 1980 sicut
1282 1922 1438 1979 dolor
1468 1938 1632 1979 meus.
1662 1923 1731 1978 Et
1757 1921 2051 1995 patienter,
2091 1919 2222 1992 quia
2261 1934 2374 1973 cum
2399 1933 2508 1990 pa-

502 2014 730 2076 teretur,
766 2026 877 2067 non
902 2010 1345 2069 comminabatur.
1374 2012 1397 2067 1
1440 2014 1585 2067 Pelr.
1618 2026 1681 2077 ιι,
1713 2016 1772 2066 et
1796 2010 1902 2066 lsa.
1935 2024 2038 2066 un
2071 2025 2086 2064 ι
2115 2006 2262 2064 Sicut
2287 2006 2398 2061 ovis
2437 2005 2512 2061 ad

500 2096 802 2155 occisionem
828 2100 1077 2167 ducetur,
1121 2105 1178 2156 et
1211 2099 1368 2173 quasi
1399 2116 1570 2173 ayn-uc
1605 2116 1785 2155 coram
1813 2098 2056 2155 tondente
2081 2114 2136 2153 ce
2177 2095 2511 2152 obmutescet.

500 2186 638 2242 Item
678 2187 856 2244 vitare
890 2188 1086 2259 potuit,
1128 2194 1184 2245 et
1213 2204 1319 2245 non
1346 2189 1565 2259 vitavit,
1588 2188 1783 2245 Matth.
1816 2198 1963 2244 xxvi
2011 2202 2026 2243 ι
2065 2186 2159 2243 An
2180 2192 2346 2259 putas
2381 2184 2515 2255 qaia

500 2291 605 2329 non
626 2292 839 2347 possum
864 2291 1057 2349 rogare
1076 2284 1290 2349 patrem
1313 2292 1502 2343 meum,
1527 2284 1577 2333 et
1606 2275 1866 2333 exhibebit
1891 2274 2026 2331 mihi
2051 2274 2204 2331 modo
2225 2274 2510 2347 plusquam

500 2360 769 2415 duodecim
806 2361 1029 2432 leqiones
1066 2366 1432 2434 Anqclorum?
1471 2365 1674 2436 Magna
1695 2370 1780 2420 est
1823 2378 1954 2435 ergo
1999 2362 2200 2419 Christi
2241 2359 2512 2434 patientia

385 2476 389 2479 >
501 2448 556 2502 in
584 2464 765 2514 crues,
794 2448 1070 2507 Hebraeor.
1112 2466 1249 2514 xn·
1278 2452 1389 2508 Per
1409 2452 1735 2537 patientiam
1758 2467 2046 2509 curramus
2079 2450 2150 2507 ad
2169 2456 2512 2523 propositum

498 2534 646 2591 nobis
682 2544 970 2605 certamen,
1010 2539 1321 2611 aspicientes
1361 2540 1423 2597 in
1461 2549 1732 2599 auctorem
1767 2540 1894 2614 fidei
1941 2546 1993 2597 et
2036 2545 2513 2596 consummatorem

500 2626 701 2692 Iesum,
730 2627 823 2699 qui
841 2628 1115 2700 proposito
1150 2629 1253 2685 sibi
1274 2630 1490 2703 pendia,
1519 2632 1780 2689 sustinuit
1819 2647 2024 2687 crucem
2052 2628 2354 2702 confusione
2379 2642 2514 2682 con-

500 2719 719 2787 tempta.
761 2716 817 2773 Si
869 2716 1076 2789 quaeris
1120 2720 1430 2791 exemplum
1471 2719 1817 2787 humilitatiS,
1868 2720 2078 2792 respice
2121 2716 2444 2773 crucifixum
2490 2730 2510 2770 ι

500 2813 627 2860 nam
666 2805 813 2861 Deus
833 2804 1071 2878 judicari
1098 2806 1273 2865 voluit
1296 2808 1403 2863 sub
1431 2809 1622 2865 Pontio
1659 2808 1833 2865 Pilato
1872 2813 1928 2863 et
1953 2806 2113 2863 mori.
2140 2804 2244 2861 tob
2268 2820 2510 2863 xxxvt-

505 2891 681 2948 Gausa
712 2898 804 2948 tua
839 2893 991 2964 quasi
1018 2892 1175 2965 impii
1193 2895 1441 2966 ,iudicata
1475 2902 1570 2951 est.
1609 2896 1750 2953 Vere
1786 2895 1960 2968 impii,
2002 2894 2132 2968 quia
2165 2900 2340 2950 morte
2381 2899 2514 2949 tur-

500 2978 723 3051 pissima
758 2976 1151 3036 condemnemus
1187 2998 1324 3038 eum.
1368 2984 1497 3055 Sap.
1539 2999 1603 3040 ιι.
1645 2984 1908 3039 Dominus
1946 2998 2046 3055 pro
2067 2996 2261 3048 servo,
2293 2988 2351 3035 et
2392 2980 2512 3037 vita

506 3066 835 3137 Angelorum
870 3082 969 3139 pro
998 3068 1213 3126 homine
1242 3071 1379 3127 mori
1404 3071 1599 3128 voluit.
1631 3072 1769 3128 Phil.
1817 3087 1914 3129 n:
1946 3071 2143 3128 Factus
2167 3074 2244 3125 est
2265 3067 2513 3124 obediens

506 3171 667 3225 usque
692 3154 763 3209 ad
791 3163 1036 3215 mortem.
1066 3158 1120 3216 Si
1156 3160 1357 3232 quaeris
1394 3160 1703 3234 exemplum
1738 3160 2083 3227 obedientiae,
2117 3172 2350 3231 sequere
2381 3172 2514 3212 eum

392 3247 397 3253 '
503 3244 597 3331 qni
625 3242 805 3300 faetus
830 3251 916 3301 est
944 3246 1205 3304 obediens
1238 3246 1385 3304 Patri
1422 3264 1600 3321 usque
1641 3238 1710 3305 ad
1741 3255 1991 3305 mortem.
2033 3251 2190 3304 Rom.
2221 3262 2262 3301 v
2301 3262 2316 3301 ε
2358 3243 2514 3301 Sicut

492 3348 594 3405 per
632 3332 1040 3391 inobedientiam
1060 3336 1496 3403 uniusibominie,
1524 3346 1820 3410 peccatores
1847 3336 2122 3393 constituti
2155 3341 2287 3391 sunt
2321 3331 2510 3398 multi,

500 3420 581 3475 ita
614 3438 719 3493 per
760 3421 927 3477 unius
968 3422 1333 3489 obedientiam,
1377 3424 1522 3496 justi
1565 3426 1953 3483 constituentur
1993 3422 2167 3481 multi.
2201 3421 2258 3479 Si
2301 3420 2513 3495 quaeris

498 3508 1209 3581 exemplumsscontemnendi
1239 3517 1476 3581 terrena,
1505 3530 1736 3587 sequere
1759 3530 1886 3569 eum
1910 3513 2004 3585 qui
2033 3521 2118 3567 est
2139 3512 2256 3567 Rex
2286 3526 2508 3581 regum,

500 3607 555 3656 et
578 3600 841 3656 Dominus
862 3600 1260 3657 dominantium
1289 3602 1341 3657 in
1367 3619 1476 3675 quo
1498 3609 1627 3659 sunt
1657 3592 1895 3659 thesauri
1925 3601 2229 3673 sapientiae,
2256 3598 2313 3654 in
2343 3614 2514 3654 eruce

502 3697 685 3745 tamen
716 3676 998 3757 nudatum,
1030 3678 1264 3758 illusum,
1297 3701 1642 3763 consentium,
1675 3692 1906 3758 hiesum,
1951 3690 2124 3761 spinis
2159 3696 2512 3755 coronatum,

502 3786 561 3834 et
596 3777 721 3833 felle
760 3786 816 3835 et
845 3788 1002 3836 aceto
1033 3786 1299 3852 potatum,
1344 3788 1399 3836 et
1442 3789 1737 3837 mortuum.
1779 3780 1951 3851 Igitur
1979 3794 2086 3835 non
2111 3777 2392 3834 afficiaris
2437 3777 2514 3833 ad

503 3870 781 3931 veste-set
816 3868 887 3922 ad
916 3867 1154 3936 divitiae,
1199 3869 1328 3941 quia
1368 3868 1669 3926 diviserunt
1708 3868 1812 3924 sibi
1839 3869 2149 3924 vestimenta
2187 3882 2307 3925 mea
2347 3881 2367 3923 .·
2397 3880 2514 3922 ιιοιι

505 3948 577 4005 ad
604 3950 855 4020 honores,
887 3956 1015 4026 quia
1040 3972 1140 4028 ego
1182 3957 1418 4017 ludibria
1459 3966 1514 4015 et
1543 3958 1769 4016 verbera
1797 3962 2054 4032 expertus
2081 3960 2210 4015 sum'
2242 3972 2260 4015 t
2297 3970 2410 4012 non
2437 3956 2514 4013 ad

2447 4296 2472 4347 (

2413 4350 2614 4431 laia*
