2850 4517
827 400 874 446 1.
905 418 985 433 -
1011 404 1414 453 couPRNDum
1466 410 1828 463 ‘rammam
1906 485 1911 489 .
2254 417 2337 477 49

315 512 441 585 gari
471 527 580 570 uon
614 515 806 587 possit.
840 517 1112 576 Ponamus
1151 520 1320 593 igitur
1347 527 1496 599 quod
1529 528 1619 587 bic
1650 531 1836 604 homo,
1864 546 2015 611 puta,
2048 544 2329 616 Socrates,

314 599 406 656 vel
450 599 624 667 Plato,
661 602 954 676 intelligat,
1005 608 1150 680 quod
1199 626 1400 682 negare
1445 631 1553 671 non
1602 628 1788 690 posset
1826 628 2176 699 respondens,
2224 632 2330 691 nisi

315 686 650 759 intelligeret
675 706 794 747 esse
824 694 1448 771 negandum.·Negando
1486 704 1654 776 igitur
1678 712 1853 781 ponit,
1887 730 2012 772 nam
2050 720 2326 780 affirmare

313 784 374 831 et
399 780 611 849 'negare
653 776 1008 854 intelligentis
1043 794 1148 841 est.
1176 788 1234 843 Si
1277 798 1464 847 autem
1493 792 1583 849 hic
1610 794 2075 877 homoiutellig1t‚
2108 819 2328 884 oportet

311 866 464 938 quod
502 866 566 921 id
595 883 706 941 quo
737 869 1038 930 formaliter
1066 875 1340 950 iutelligit,
1378 880 1454 937 sit
1490 882 1667 941 forma
1710 889 1849 960 ejus,
1874 890 2020 965 'quia
2049 894 2329 972 nihil‘agit

310 952 419 1009 nisi
464 956 766 1012 secundum
805 960 956 1031 qnod
993 969 1076 1018 est
1117 973 1264 1022 actu.
1313 968 1455 1025 Illud
1496 987 1625 1043 ergo
1667 978 1779 1049 quo
1829 981 1945 1051 agit
2001 1000 2188 1057 agens,
2238 998 2326 1046 est
2410 1012 2419 1020 ·

307 1046 471 1099 actus
489 1045 625 1115 ejus,
656 1046 800 1102 sicut
827 1048 975 1104 calor
1001 1066 1112 1124 quo
1132 1048 1669 1130 calidum‘calefacit‚
1688 1071 1772 1120 est
1796 1074 1957 1125 actus
1980 1074 2131 1145 ejus;
2158 1077 2327 1135 intel-

303 1128 488 1187 lectus
531 1132 711 1214 igitur·
745 1153 854 1210 quo
896 1136 1058 1195 homo
1101 1141 1375 1216 intelligit,
1419 1156 1503 1204 est
1545 1148 1720 1209 forma
1764 1154 1925 1229 hujus
1964 1159 2219 1234 hominis,
2268 1177 2325 1225 et

303 1220 505 1275 eadem
538 1223 752 1280 ratione
783 1224 948 1282 illius..
991 1228 1331 1301 Impossibile
1367 1242 1453 1291 est
1496 1244 1683 1296 autem
1720 1246 1867 1315 quod
1912 1248 2086 1307 forma
2130 1256 2323 1314 eadem
2412 1280 2419 1287 ·

301 1324 536 1366 numero
573 1312 647 1368 sit
691 1314 1034 1373 diversorum
1088 1322 1386 1381 secundum
1440 1336 1744 1399 numerum,
1791 1336 1921 1407 quia
1976 1339 2319 1403 diversorum

298 1400 608 1455 secundum
648 1418 936 1460 numerum
974 1422 1082 1463 non
1125 1416 1208 1465 est
1250 1412 1396 1469 idem
1436 1431 1557 1472 esse
1602 1434 1618 1473 ε
1664 1428 2092 1502 unumquodque
2133 1440 2318 1493 autem

295 1486 470 1543 habet
499 1504 620 1545 esse
642 1508 740 1564 per
768 1508 923 1550 suam
959 1494 1214 1554 formam.
1241 1501 1583 1574 Impossibile
1619 1516 1703 1565 est
1741 1512 1928 1585 igitur,
1956 1520 2105 1591 quod
2151 1522 2318 1580 intel·

295 1575 477 1633 lectus
503 1595 612 1650 quo
634 1578 796 1637 bomo
822 1582 1100 1657 intelligit,
1127 1587 1200 1643 sit
1228 1606 1369 1648 uuus
1393 1592 1449 1648 in
1487 1596 1759 1655 omnibus·
1790 1602 1964 1676 Hujus
2001 1619 2187 1667 autem
2222 1629 2319 1670 ra-

295 1665 469 1722 tionis
496 1666 876 1728 difficultatem
910 1674 1080 1749 aliqui
1117 1689 1531 1751 cognoscenteS,
1562 1698 1832 1747 conantur
1876 1694 2123 1753 invenire
2168 1698 2312 1759 viam

292 1754 588 1811 evadendi.
619 1759 824 1816 Dicunt
843 1762 1012 1830 euim,
1039 1767 1184 1837 quod
1219 1768 1531 1829 intellectus
1560 1776 1855 1850 possibilis,
1884 1782 1952 1839 de
1992 1802 2105 1858 quo
2146 1804 2313 1863 supra

290 1852 376 1899 est
407 1844 678 1912 habitum,
709 1849 905 1921 recipit
931 1854 1144 1923 species
1171 1854 1563 1929 intelligibiles,
1591 1866 1793 1937 quibus
1820 1869 1883 1927 fit
1912 1870 1967 1927 in
1996 1883 2145 1931 actu.
2172 1875 2313 1954 Spe-

287 1934 406 1987 cies
433 1941 630 1989 autem
666 1934 1038 2008 intelligibiles
1063 1948 1194 1996 sunt
1235 1946 1637 2015 quodammodo
1680 1952 1735 2008 in
1772 1956 2331 2028 phauthasmatibus.‘

287 2020 344 2076 In
383 2028 665 2094 quantum
694 2022 866 2094 igitur
893 2027 1108 2097 species
1134 2029 1495 2101 intelligibilis
1516 2042 1601 2092 est
1640 2038 1695 2094 in
1737 2042 2017 2119 intellectu
2044 2052 2307 2125 possibili,

286 2109 421 2165 etin
446 2108 928 2181 phantasmatibus
946 2131 1073 2187 quae
1094 2124 1222 2173 sunt
1245 2120 1304 2175 in
1333 2121 1581 2191 nobis,in
1602 2134 1819 2187 tantum
1846 2131 2164 2196 intellectus
2178 2158 2311 2215 pos·-

284 2196 466 2254 sibilis
494 2200 848 2257 continuatur
875 2208 935 2258 et
975 2204 1495 2281 uniturnobiscum,
1530 2216 1696 2273 ut‘sic
1738 2236 1839 2292 per
1880 2222 2059 2296 ipsum
2097 2228 2308 2288 intelli·
2374 2229 2387 2241 '

283 2302 418 2359 gere
467 2287 758 2359 possimus·
790 2292 921 2348 Haec
967 2301 1152 2351 autem
1192 2300 1477 2370 responsio
1512 2304 1734 2363 omnino
1778 2310 1925 2369 nulla
1970 2321 2075 2373 est.
2122 2319 2305 2379 Primo

282 2374 534 2448 quidem,
557 2378 688 2449 quia
715 2380 930 2451 species
959 2381 1318 2456 intelligibilis
1345 2392 1651 2450 secundum
1674 2400 1823 2469 quod
1842 2407 1927 2458 est
1954 2402 2011 2461 in
2037 2406 2316 2477 phantas-'

282 2462 546 2531 malibus,
591 2474 677 2522 est
717 2466 998 2527 intellecta
1038 2472 1094 2527 in
1138 2477 1386 2545 potentia
1443 2485 1657 2540 tantum
1697 2502 1714 2542 t
1758 2492 2060 2551 secundum
2114 2504 2301 2557 autem

279 2551 432 2627 quod
461 2553 627 2609 estin
655 2554 937 2615 intellectu
966 2561 1228 2635 possibili,
1259 2571 1348 2621 est
1386 2566 1665 2629 intellecta
1711 2574 1768 2640 in
1810 2585 1972 2650 actu;
1996 2586 2299 2644 secundum

277 2642 454 2715 igitur
483 2644 630 2713 quod
655 2648 740 2701 e'st
768 2647 822 2702 in
853 2647 1132 2707 intellectu
1159 2654 1424 2725 possibili,
1450 2674 1563 2715 non
1589 2670 1675 2720 est
1711 2664 1769 2721 in
1797 2667 2293 2747 phantasmatibus,

276 2730 594 2804 sed·magis
619 2750 652 2789 a
690 2734 1162 2807 phantasmatibus
1187 2743 1503 2813 abstractu
1532 2749 1679 2807 nulla
1704 2768 1833 2825 ergo
1866 2771 2114 2819 remanet
2165 2767 2296 2823 unio

275 2823 606 2882 intellectusv
624 2824 898 2898 possibilis
931 2826 1002 2883 ad
1027 2842 1148 2882 nos·
1174 2829 1401 2899 Deinde,
1433 2833 1565 2888 dato
1594 2838 1743 2906 quod
1785 2843 1859 2895 sit
1906 2846 2093 2918 aliqua
2141 2856 2291 2923 unio,

274 2929 386 2970 non
411 2920 598 2978 tamen
625 2912 902 2970 sufficeret
943 2914 1013 2971 ad
1060 2913 1351 2988 hoc·quod
1389 2918 1599 2975 faceret
1638 2936 1739 2977 nos
1783 2924 2170 3003 intelligentes.
2192 2942 2296 2997 Per

271 3002 384 3059 hoc
423 3003 572 3059 enim
613 3002 760 3076 quod
799 3003 1012 3075 species
1051 2998 1285 3076 alicujus
1321 3014 1406 3063 est
1449 3007 1505 3063 in
1546 3008 1848 3084 intellectu,
1879 3033 1986 3075 non
2019 3026 2289 3099 sequitur,

269 3093 423 3166 quod
468 3092 710 3166 seipsum
747 3092 1039 3164 intelligat,
1068 3094 1165 3149 sed
1207 3096 1355 3167 quod
1398 3097 1754 3171 intelligatur.
1798 3106 1919 3164 Non
1958 3110 2101 3169 euim
2152 3116 2293 3193 lapis

269 3181 557 3253 intelligit,
590 3182 759 3236 etiam
801 3181 847 3237 si
881 3182 999 3253 ejus
1027 3183 1239 3254 species
1273 3185 1348 3242 sit
1392 3186 1450 3243 in
1495 3188 1777 3250 intellectu
1802 3198 2070 3269 possibili.
2096 3204 2293 3281 Neque

265 3268 445 3341 igitur
484 3285 582 3342 per
617 3267 724 3325 hoc
763 3269 910 3342 quod
953 3272 1166 3341 species
1205 3272 1657 3347 phantasmatum
1688 3298 1817 3355 quae
1853 3295 1984 3345 sunt
2023 3292 2078 3347 in
2106 3296 2284 3365 nobis,

265 3366 401 3414 sunt
427 3357 486 3411 in
513 3356 796 3413 intellectu
823 3356 1090 3429 possibili,
1121 3363 1372 3434 sequitur
1397 3366 1544 3439 quod
1574 3384 1672 3426 nos
1694 3371 1869 3431 simus
1896 3376 2281 3457 intelligentes,

263 3448 366 3503 sed
398 3445 750 3519 magisquod
775 3461 872 3501 nos
896 3448 1070 3505 simus
1097 3448 1381 3520 intellecti,
1413 3455 1498 3513 vel
1523 3459 1707 3530 potius
1730 3462 2116 3535 phantasmata
2157 3490 2287 3548 quae

261 3540 400 3591 sunt
427 3528 689 3590 innubis.
720 3534 837 3590 Hoc
870 3541 1056 3593 autem
1084 3539 1393 3598 evidentius
1436 3554 1683 3618 apparet,
1711 3551 1759 3607 si
1804 3554 1931 3625 quis
1971 3560 2285 3620 consideret

259 3622 740 3697 comparationem
776 3641 944 3697 quam
987 3626 1120 3684 facit
1158 3630 1327 3686 Arist.
1358 3631 1412 3687 in
1459 3636 1513 3701 3,
1541 3636 1611 3693 de
1654 3640 1872 3709 Anima,
1908 3644 2099 3703 dicens
2132 3652 2283 3723 quod

258 3711 586 3769 intellectus
607 3727 668 3768 se
695 3711 861 3769 habet
886 3714 956 3771 ad
977 3716 1358 3787 phantasmata
1386 3720 1531 3778 sicut
1568 3725 1719 3785 visus
1742 3731 1812 3787 ad
1840 3731 2073 3791 colores.
2101 3738 2283 3795 Mani·
2340 3754 2349 3761 ·

256 3800 468 3857 festum
499 3806 586 3858 est
604 3810 790 3859 autem
819 3802 967 3876 quod
991 3821 1086 3878 per
1115 3805 1219 3863 hoc
1261 3810 1408 3881 quod
1458 3815 1671 3885 species
1710 3820 1979 3890 colorum,
2010 3825 2107 3898 qui
2148 3836 2279 3886 sunt

256 3890 312 3945 in
345 3890 588 3963 pariete,
615 3897 745 3947 sunt
773 3891 830 3948 in
858 3892 1000 3961 visu,
1023 3908 1135 3951 non
1161 3894 1329 3955 habet
1342 3900 1535 3971 paries
1559 3905 1941 3981 quod·videat,
1974 3912 2073 3970 sed
2100 3917 2280 3990 magis
2348 3994 2351 3999 Ι

251 3978 410 4055 quod
436 3977 716 4039 videatur.
746 3980 939 4053 Neque
965 3997 1068 4053 ego
1091 3985 1260 4041 etiam
1287 3998 1358 4042 ex
1377 3986 1484 4045 hoc
1510 3993 1661 4064 quod
1682 3998 1897 4071 speeies
1919 4000 2280 4077 phantasma-2

778 4096 832 4149 S.
865 4096 1018 4149 Tacit.
1051 4101 1138 4155 Λα.
1173 4100 1435 4153 Onusam
1466 4128 1528 4145 -
1554 4107 1596 4170 ι,
1614 4130 1684 4147 -
1700 4110 1737 4164 4
