2850 4517
823 387 874 441 ι.
899 405 982 425 -
1006 386 1408 437 commolunt
1458 385 1825 465 ‘rnnonoem
2246 373 2332 439 17

1031 604 1314 677 CAPUT
1358 588 1621 675 ΧΧΧι.
1686 588 1694 591 ’
1852 684 1857 689 ,

795 746 980 860 Quod
999 748 1168 817 Deus
1189 752 1280 811 est
1301 764 1483 811 suum
1508 745 1945 829 intelligere

391 883 624 957 Oportet
645 882 830 939 etiam
845 882 991 955 quod
1025 881 1144 955 ipse
1175 876 1317 937 Deus
1358 879 1433 939 sit
1468 862 1629 939 suum
1666 882 1992 957 intelligere
2014 884 2159 957 Cum
2184 884 2331 957 enim

321 972 626 1058 intelligere
654 971 726 1029 sit
768 977 924 1029 actus
953 970 1241 1042 secundos-³,
1277 976 1338 1027 ut
1363 969 1713 1043 considerare
1746 972 1981 1045 (primus
2000 975 2147 1032 enim
2172 985 2331 1045 actus

321 1071 405 1118 est
436 1061 766 1127 intellectus,
798 1060 886 1116 vel
913 1060 1159 1131 scientia)
1186 1060 1364 1117 omnis
1391 1056 1735 1129 intellectus,
1754 1062 1849 1135 qui
1889 1076 1995 1119 non
2042 1070 2128 1121 est
2170 1080 2330 1123 suum

322 1150 645 1222 intelligere,
693 1152 1048 1223 comparator
1075 1149 1158 1205 -ad
1206 1165 1364 1221 suum
1421 1148 1727 1221 intelligere
1772 1149 1917 1207 sicut
1962 1153 2209 1224 potentin
2261 1154 2330 1215 ad

323 1246 527 1305 actum.
550 1240 692 1306 Nam
718 1254 934 1311 semper
956 1238 1012 1293 in
1055 1238 1246 1294 ordine
1289 1238 1663 1311 potentiarum
1696 1246 1754 1295 et
1796 1246 2019 1297 actuum
2062 1241 2209 1315 quod
2238 1251 2335 1307 ,est

322 1330 498 1401 prins,
525 1318 608 1383 est
633 1327 932 1401 potentiale
959 1334 1213 1401 respectu
1243 1329 1545 1400 sequentis,
1570 1334 1627 1384 et
1654 1327 1905 1385 ultimum
1934 1336 2020 1385 est
2038 1318 2333 1405 completi-

321 1432 470 1485 vum,
498 1416 768 1489 loquendo
799 1418 852 1472 in
895 1433 1000 1472 uno
1026 1423 1084 1471 et
1109 1416 1322 1485 eodem,
1352 1415 1483 1472 licet
1523 1417 1577 1471 in
1620 1416 1853 1474 diversis
1880 1418 1952 1475 sit
1981 1435 2011 1476 e
2044 1435 2326 1488 converso,

322 1520 450 1561 nam
479 1519 703 1560 movens
721 1516 778 1560 et
800 1519 968 1575 agens
987 1512 1339 1575 comparatur
1362 1503 1431 1559 ad
1460 1510 1668 1559 motum
1693 1495 1750 1561 et
1773 1510 1975 1573 actum,
1994 1506 2139 1564 sicut
2164 1524 2335 1579 agens

321 1592 390 1649 ad
422 1593 742 1665 potentiam.
771 1593 831 1647 In
856 1593 971 1649 Deo
991 1598 1196 1667 autem,
1222 1607 1346 1647 cum
1376 1591 1450 1647 sit
1478 1598 1634 1649 actus
1659 1602 1846 1666 purae,
1875 1610 1980 1651 non
2011 1603 2097 1653 est
2120 1590 2329 1671 aliquid

322 1681 470 1755 quod
515 1689 864 1757 comparetur
901 1679 1250 1738 ad'alterum
1287 1679 1431 1737 sicut
1475 1682 1717 1753 potentia
1760 1684 1829 1739 ed
1868 1690 2072 1740 actum.
2100 1685 2333 1759 Oportet

323 1786 452 1842 ergo
493 1770 644 1841 quod
669 1770 804 1843 ipse
845 1771 992 1826 Deus
1022 1770 1096 1825 sit
1151 1784 1311 1825 suum
1339 1769 1684 1842 intelligere.
1720 1772 1899 1839 Item„
1926 1775 2329 1847 quodammodo

321 1868 676 1932 comparatur
702 1859 1012 1915 intellectus
1038 1857 1108 1915 ad
1138 1858 1462 1929 intelligere,
1488 1858 1633 1933 sicut
1662 1862 1900 1917 essentia
1924 1862 1994 1919 ad
2033 1872 2153 1921 esse
2186 1882 2199 1921 ι
2228 1864 2323 1921 sed

309 1948 476 2003 'Deus
499 1955 584 2002 est
611 1942 916 2019 intelligens
957 1962 1053 2020 per
1097 1945 1410 2011 essentiam,
1440 1948 1889 2005 essentia-autem
1918 1966 2018 2006 sua
2051 1957 2331 2008 est-snum

321 2052 464 2103 esse,
499 2051 632 2107 ergo
673 2036 790 2107 ejus
836 2034 1142 2092 intellectus
1187 2044 1270 2102 est
1312 2034 1471 2092 'suum
1517 2035 1840 2108 intelligere,
1874 2042 1931 2092 et
1968 2037 2050 2093 sic
2090 2054 2186 2111 per
2226 2038 2331 2096 hoo
2422 2036 2429 2042 “

321 2125 468 2201 quod
499 2130 585 2181 est
617 2122 944 2197 intelligenS‚
980 2123 1126 2180 nulla
1175 2124 1497 2197 compositio
1527 2122 1585 2181 in
1631 2140 1695 2181 eo
1726 2124 1962 2198 ponitur,
1996 2141 2121 2183 cum
2168 2126 2225 2183 in
2266 2128 2332 2183 e'o

321 2232 430 2271 non
471 2214 582 2270 sint
611 2212 760 2270 aliud
796 2211 1125 2281 intellectae,
1163 2213 1487 2286 intelligere,
1514 2220 1570 2270 et
1612 2214 1824 2288 species
1852 2214 2231 2288 intelligibilis.
2261 2214 2331 2273 Et

319 2297 454 2363 haec
463 2320 573 2361 non
595 2306 724 2361 sunt
741 2300 950 2376 aliquid
975 2316 1141 2376 quam
1166 2303 1285 2374 ejus
1313 2301 1571 2359 essentia.

1021 2468 1305 2541 CAPUT
1349 2471 1638 2541 XXXII.

771 2592 950 2691 Quod
971 2592 1202 2695 oportet
1222 2615 1417 2677 Deum
1441 2631 1560 2678 esso
1586 2614 1890 2679 volentem.

393 2744 639 2807 Ulterius
672 2753 856 2805 autem
899 2744 1248 2805 manifestum
1285 2754 1390 2817 est,
1418 2749 1567 2823 quod
1608 2766 1829 2807 necesse
1850 2744 1955 2806 'est
1988 2748 2162 2807 Deum
2212 2758 2335 2808 esse

322 2838 624 2895 volentem.
646 2838 766 2910 lpse
787 2837 933 2893 enim
967 2838 1209 2911 seipsum
1233 2838 1508 2909 intelligit,
1542 2837 1636 2909 qui
1658 2845 1751 2903 ,εει
1778 2838 1978 2893 bonum
2009 2838 2331 2910 perfectum,

314 2932 385 2981 ut
412 2942 482 2983 ex
509 2926 674 2983 dictis
698 2930 876 3000 patet.
907 2927 1116 2983 Bonum
1159 2934 1345 2983 autem
1374 2914 1713 2981 intellectum
1754 2940 1820 2979 ex
1850 2926 2175 2981 necessitate
2203 2924 2335 2979 dili-

323 3016 473 3087 gitur
503 3032 519 3073 :
550 3016 656 3073 hoc
706 3024 893 3073 autem
941 3015 1001 3072 fit
1042 3032 1140 3089 per
1177 3014 1537 3081 voluntatem,
1564 3028 1787 3071 necesse
1823 3020 1909 3071 est
1946 3012 2114 3085 igitur
2160 3012 2335 3068 Deum
2383 3001 2387 3005 ’

321 3105 600 3163 volentem
641 3121 784 3163 esse.
813 3106 970 3174 Item,
1000 3113 1282 3161 ostensum
1321 3110 1408 3161 est
1452 3119 1618 3177 supra
1640 3103 1788 3203 quocl
1814 3103 2069 3159 Deusest
2096 3101 2332 3176 primum

323 3210 588 3252 movens·
616 3194 927 3253 intellectus
955 3202 1142 3252 autem
1170 3210 1275 3251 non
1305 3195 1497 3268 utique
1524 3198 1709 3251 movet
1735 3191 1841 3249 nisi
1874 3190 2149 3247 mediante
2178 3208 2337 3265 appe

307 3285 452 3353 tito,
479 3285 760 3358 appetitus
803 3291 988 3341 autem
1029 3299 1264 3358 sequens
1297 3282 1653 3355 intellectum,
1684 3287 1768 3341 est
1807 3278 2093 3353 veluntas3
2120 3287 2337 3358 oportet

325 3372 494 3446 igitur
517 3374 694 3431 Deum
721 3387 844 3431 esse
869 3374 1168 3439 volentem.

1005 3538 1290 3611 CAPUT
1333 3536 1657 3607 XXXIII.

471 3680 652 3763 Quod
673 3684 872 3767 ipsam
899 3683 1020 3749 Dei
1045 3683 1412 3747 voluntatem
1437 3684 1669 3761 oportet
1688 3676 1849 3745 nihil
1876 3678 2053 3746 aliud
2077 3695 2199 3747 mo
2270 3697 2274 3702 ·

375 3789 384 3797 ·
953 3790 1134 3856 quam
1161 3772 1294 3853 ejus
1319 3771 1943 3836 intellectum·
2294 3766 2301 3775 ’

309 3968 318 3974 ,
365 3908 556 3971 Patet
593 3915 781 3965 autem
833 3908 978 3982 quod
1024 3913 1242 3979 oportet
1280 3870 1589 3978 ipsannDei
1631 3903 1973 3962 voluntatem
2013 3902 2171 3961 nihit
2188 3891 2339 3963 aliud

327 4011 666 4069 essequam
706 4000 830 4071 ejus
868 3996 1235 4077 intellectum.
1268 3995 1476 4052 Bonum
1519 3994 1666 4051 enim
1702 3993 2063 4063 intellectum,
2093 4009 2223 4053 cnm
2264 3994 2340 4051 sit
2449 4036 2454 4042 .

845 4114 896 4164 S.
929 4114 1080 4166 Τιιοιι.
1119 4115 1200 4167 Ao·
1239 4111 1500 4161 Oruscum.
1535 4132 1593 4147 --
1624 4108 1661 4171 1,
1684 4133 1747 4148 -
1772 4108 1803 4161 2
