2850 4517
533 292 655 357 202
1011 306 1067 354 a.
1108 306 1343 353 raons
1381 306 1708 357 mumma
1747 304 2059 351 croscum

534 425 711 483 solum
745 420 1027 480 cultellum
1052 422 1306 491 fabricat,
1331 422 1430 479 sed
1456 422 1626 480 etiam
1665 420 1905 497 disponit
1944 421 2014 476 de
2051 420 2317 477 incisione
2346 418 2542 494 ipsius.

534 514 707 569 Homo
730 517 917 569 autem
942 527 975 570 a
1002 512 1117 569 Deo
1139 518 1224 569 est
1247 512 1547 584 productus
1572 518 1632 567 ιιι
1655 510 2007 567 artificiatum
2035 508 2106 565 ab
2127 508 2363 566 artifice.
2386 507 2544 566 Unde

535 600 737 659 dieitur
778 600 887 658 Isa.
918 616 1101 665 mxiv:
1133 601 1208 658 Et
1250 616 1395 657 nunc
1429 600 1654 656 Domine
1679 599 1856 673 factor
1885 606 2066 655 noster
2101 614 2154 654 es
2181 604 2264 665 tu,
2301 612 2400 654 nos
2419 614 2545 654 uero

533 690 707 747 lutum
744 704 765 748 .·
807 695 865 745 et
906 686 1033 745 ideo
1072 690 1213 745 sicut
1242 705 1339 745 vas
1380 688 1547 745 fictile
1589 690 1636 744 si
1679 703 1899 746 sensum
1936 686 2178 754 haberet,
2222 702 2449 762 sperare
2477 688 2546 742 de

535 777 700 851 figulo
728 784 913 852 posset
940 783 1002 833 ut
1030 774 1168 834 bene
1207 778 1607 851 disponeretur,
1640 778 1718 835 ita
1747 778 1912 834 etiam
1951 777 2112 834 homo
2148 774 2313 833 debet
2341 775 2546 833 habere

535 883 689 941 spem
725 867 861 934 Deo,
902 872 967 923 ut
1000 871 1149 921 recte
1180 865 1513 937 gubernetur
1549 864 1621 923 ab
1669 880 1753 933 eo,
1791 865 1936 921 unde
1970 865 2176 922 dicitur
2213 864 2360 920 Jere.
2391 878 2497 922 xlx
2529 881 2542 919 ι

534 956 684 1013 Siout
711 956 885 1013 lutum
928 953 987 1011 in
1014 970 1181 1011 manu
1228 954 1401 1027 fiyuli,
1429 954 1506 1010 sic
1533 970 1622 1010 vos
1667 953 1852 1011 domus
1895 953 2068 1011 Israel
2097 951 2158 1008 in
2197 968 2366 1009 manu
2404 968 2543 1009 mea.

537 1046 667 1101 Haec
708 1051 891 1101 autem
936 1042 1155 1110 fiducia,
1188 1058 1354 1117 quam
1382 1042 1546 1099 homo
1571 1040 1736 1099 habet
1776 1041 1846 1099 de
1884 1042 2018 1106 Deo,
2059 1041 2226 1106 debet
2253 1056 2378 1099 esse
2419 1058 2546 1099 cer-

538 1132 769 1190 tissima.
800 1132 1019 1188 Dictum
1043 1129 1189 1187 enim
1216 1138 1321 1200 est,
1348 1131 1494 1203 quod
1536 1145 1704 1203 agens
1726 1146 1761 1187 a
1787 1136 1940 1187 recta
1967 1128 2051 1185 sui
2089 1129 2273 1203 operis
2303 1130 2545 1203 disposi-

538 1221 685 1277 tione
718 1236 825 1277 non
866 1218 1093 1285 recedit,
1138 1219 1241 1275 nisi
1271 1228 1496 1293 propter
1538 1220 1776 1292 aliquem
1805 1220 1923 1292 ejus
1965 1218 2238 1275 defectum
2286 1236 2300 1273 ι
2345 1219 2403 1275 in
2431 1220 2543 1275 Deo

537 1316 723 1365 autem
746 1306 927 1365 nullus
946 1307 1193 1365 defectus
1209 1309 1407 1365 cadere
1435 1314 1634 1382 potest,
1661 1323 1836 1381 neque
1862 1308 2188 1379 ignorantia,
2208 1307 2338 1382 quia
2363 1308 2542 1363 omniu

536 1397 682 1453 nuda
708 1404 759 1453 et
784 1403 976 1469 aperta
1016 1403 1143 1453 sunt
1176 1397 1341 1453 oculis
1367 1391 1512 1468 ejus,
1534 1403 1597 1453 ut
1618 1396 1822 1455 dicitur
1862 1395 1998 1452 Heb.
2033 1412 2110 1463 iv,
2155 1412 2334 1470 neque
2363 1397 2539 1469 impo-

538 1486 729 1553 tentia,
770 1486 899 1559 quia
940 1502 1047 1541 non
1091 1493 1169 1549 est
1194 1484 1504 1544 abbreviata
1531 1501 1721 1548 manus
1759 1486 1874 1558 ejus
1898 1491 1959 1543 ut
1984 1485 2196 1541 salvare
2223 1502 2330 1540 non
2351 1488 2537 1557 possit,

539 1583 598 1632 ut
630 1576 831 1632 dicitur
857 1576 985 1632 Bsa.
1015 1591 1133 1644 ux,
1165 1592 1343 1649 neque
1371 1575 1573 1632 iterum
1601 1573 1848 1631 defectus
1871 1574 2028 1631 bonae
2056 1573 2372 1642 voluntatis,
2415 1576 2537 1647 quia

438 1736 442 1741 Ι
538 1664 701 1720 bonus
742 1669 817 1720 est
862 1664 1123 1720 Dominus
1166 1663 1506 1737 sperantibus
1546 1662 1608 1718 in
1639 1679 1777 1729 eum,
1826 1663 2022 1719 animoe
2067 1663 2331 1735 quaerenti
2371 1663 2535 1727 illum,

539 1759 600 1809 ut
620 1752 823 1809 dicitur
842 1752 1041 1809 Thren.
1068 1769 1156 1810 ιιι.
1174 1754 1243 1808 Ει
1272 1753 1395 1809 ideo
1416 1768 1532 1825 spes
1559 1768 1668 1825 qua
1691 1752 1892 1825 aliquis
1913 1751 1982 1808 de
2007 1753 2120 1807 Deo
2143 1752 2392 1817 confidit,
2413 1768 2536 1824 spe-

538 1848 751 1896 rantem
785 1855 895 1895 uon
922 1838 1223 1911 confundit,
1253 1846 1315 1896 ut
1337 1839 1540 1895 dicitur
1562 1839 1724 1895 Rom.
1748 1854 1806 1895 v.
1835 1839 1934 1895 Est
1969 1843 2154 1895 autem
2185 1839 2536 1900 consideran-

538 1927 667 1984 dum
689 1929 937 2000 ulterius,
954 1929 1100 2003 quod
1116 1937 1172 1985 et
1195 1929 1241 1985 si
1267 1937 1520 2001 respectu
1541 1928 1782 1985 omnium
1805 1934 2179 1985 creaturarum
2198 1927 2535 2000 providentia

537 2018 911 2091 dispositionis
954 2016 1233 2090 invigilet,
1280 2017 1505 2091 speciali
1551 2023 1732 2074 tamen
1783 2017 2229 2074 ratione-curam
2267 2016 2435 2073 habet
2472 2017 2536 2071 de

539 2105 971 2174 rationabilibus,
990 2120 1113 2180 quae
1127 2105 1337 2162 scilicet
1356 2104 1622 2177 dignitate
1643 2104 1896 2176 imaginis
1917 2104 2088 2178 ipsius
2103 2110 2232 2161 sunt
2245 2104 2532 2175 insignitae,

538 2198 591 2249 et
618 2193 687 2249 ad
712 2208 837 2249 eum
860 2191 1295 2265 cognoscendum
1324 2200 1379 2250 et
1404 2192 1700 2249 amandum
1721 2200 1950 2267 possunt
1976 2193 2306 2264 pertingere,
2333 2199 2390 2247 et
2427 2207 2537 2247 suo·

539 2297 660 2337 rum
689 2288 911 2339 actuum
939 2281 1240 2339 dominium
1278 2281 1482 2339 habent
1511 2287 1570 2337 ut
1604 2280 1731 2337 boni
1769 2287 1829 2337 et·
1860 2280 1990 2338 mali
2017 2281 2405 2339 discretionem
2439 2273 2536 2338 hass

536 2368 728 2425 bentes
754 2386 767 2425 ι
795 2370 938 2426 unde
975 2372 1236 2443 competit
1264 2370 1345 2425 eis
1368 2370 1624 2426 fiduciam
1651 2369 1854 2426 habere
1885 2372 1954 2425 de
1977 2370 2111 2433 Deo,
2143 2386 2249 2425 non
2279 2371 2452 2426 solum
2479 2382 2534 2427 ιιι

537 2465 926 2515 conserventur
967 2458 1023 2515 in
1064 2474 1186 2517 esse
1226 2459 1524 2531 secundum
1551 2457 1918 2516 conditionem
1962 2473 2078 2516 suae
2121 2474 2348 2525 naturae,
2393 2460 2534 2533 quod

537 2547 799 2621 competit
822 2550 1040 2605 caeteris
1066 2549 1353 2615 creaturis,
1370 2548 1470 2605 sed
1496 2547 1663 2604 etiam
1688 2556 1747 2605 ut
1766 2548 2071 2605 recedendo
2098 2564 2130 2604 a
2152 2548 2312 2615 malo,
2333 2554 2387 2603 et
2407 2564 2536 2621 ope-

536 2636 709 2693 rando
736 2634 957 2704 bonum,
984 2630 1191 2711 aliquid
1214 2642 1630 2711 promereantur
1654 2635 1725 2693 ab
1749 2636 2057 2710 ipso.Unde
2077 2636 2132 2692 in
2151 2635 2293 2692 Psal.
2321 2651 2534 2703 cxxxv,

537 2726 742 2783 dicitur
771 2742 786 2781 ι
828 2725 1078 2783 Homines
1115 2733 1163 2781 et
1184 2727 1433 2799 jumenta
1453 2724 1702 2791 salvabis,
1733 2724 1788 2781 in
1815 2730 2084 2798 quantum
2119 2724 2329 2781 scilicet
2361 2725 2537 2781 bomi-

537 2816 697 2872 nibus
736 2814 896 2872 simul
920 2831 1047 2872 cum
1080 2814 1545 2873 irrationabilibus
1579 2813 1847 2871 creaturis
1882 2812 2095 2871 confert
2129 2828 2194 2869 ea
2227 2828 2352 2897 quae
2383 2814 2538 2887 perti·

539 2913 669 2962 nent
698 2904 767 2962 ad
792 2904 1095 2961 subsidium
1121 2905 1251 2963 vitae
1277 2922 1290 2960 ι
1322 2903 1419 2961 sed
1447 2910 1636 2978 postea
1656 2902 1843 2961 subdit
1873 2918 1886 2958 ι
1913 2901 2055 2959 Filii
2075 2910 2250 2961 autem
2271 2902 2538 2959 hominum

537 2996 599 3049 in
625 2994 848 3067 teymine
878 2994 1093 3051 alarum
1120 3000 1339 3050 tuarum
1364 2992 1677 3066 sperabunt,
1703 2991 1860 3065 quasi
1883 2992 2109 3065 speciali
2132 2992 2370 3065 quadam
2407 3008 2538 3051 cura

538 3082 772 3155 protecti
800 3082 880 3138 ab
908 3082 1045 3155 ipsc.
1082 3081 1323 3139 Ulterius
1362 3081 1924 3139 autemconsiderare
1963 3087 2199 3154 oportet,
2231 3081 2378 3155 quod
2413 3098 2540 3153 per-

538 3170 773 3227 fectione
844 3183 1189 3244 quacumque
1253 3169 1568 3238 accedente,
1619 3169 2005 3243 superadditur
2055 3168 2286 3226 facultas
2331 3170 2536 3243 aliquid

538 3257 793 3325 faciendi,
825 3258 909 3315 vel
951 3258 1307 3333 adipiscendi,
1338 3259 1484 3315 sicut
1510 3273 1604 3315 aer
1650 3258 1989 3315 illuminatus
2014 3275 2048 3316 a
2075 3259 2188 3316 sole
2223 3258 2536 3316 facultatem

537 3348 702 3405 habet
729 3357 789 3404 ut
825 3348 997 3421 possit
1030 3362 1149 3403 esse
1190 3347 1430 3404 medium
1459 3348 1703 3415 visionis,
1737 3354 1793 3404 et
1822 3363 1965 3421 aqua
2006 3348 2273 3405 calefacta
2319 3347 2389 3403 ab
2418 3350 2538 3420 igne

540 3436 857 3494 facultatem
900 3435 1064 3493 habet
1110 3436 1473 3510 decoquendi,
1511 3443 1568 3493 et
1604 3436 1710 3493 hoc
1748 3452 1969 3511 sperare
2007 3445 2193 3509 posset
2236 3436 2283 3492 si
2319 3452 2538 3494 sensum

538 3524 784 3581 haberet.
822 3524 1039 3580 Homini
1082 3534 1267 3582 autem
1282 3541 1460 3599 supra
1487 3526 1685 3584 animae
1727 3532 1979 3583 naturam
2019 3524 2241 3582 additur
2277 3524 2538 3600 perfectio

540 3615 754 3685 gratiae,
791 3628 889 3686 per
925 3627 1091 3685 quam
1127 3614 1360 3671 efficitur
1398 3614 1595 3671 diuinoe
1633 3616 1844 3670 consors
1869 3621 2106 3680 natm-m,
2143 3622 2203 3670 ut
2234 3614 2437 3670 dicitur
2471 3631 2536 3671 ιι.

540 3702 655 3757 Pet.
699 3718 739 3759 1.
773 3701 928 3758 Unde
954 3709 1011 3758 et
1050 3702 1349 3759 secundum
1387 3702 1492 3759 hoc
1531 3704 1765 3767 dicimur
1804 3704 2112 3777 regenerari
2154 3702 2209 3769 in
2246 3702 2388 3759 filios
2415 3703 2536 3774 Dei,

540 3788 840 3847 secundum
876 3787 1009 3844 illud
1041 3788 1199 3845 Joan.
1231 3805 1252 3846 ι
1276 3806 1294 3846 ι
1321 3789 1482 3847 Dedit
1509 3791 1584 3846 eis
1604 3798 1914 3863 potestatem
1940 3791 2079 3863 filios
2105 3790 2208 3847 Dei
2228 3790 2389 3863 fieri3
2416 3791 2538 3849 Filii

541 3878 727 3927 autem
759 3874 940 3931 effecti
967 3876 1353 3935 convenienter
1386 3887 1615 3953 possunt
1642 3880 2019 3939 haereditatem
2058 3896 2299 3955 sperare,
2336 3896 2538 3941 secun-
