2850 4517
802 362 854 409 ι.
883 378 965 395 --
991 364 1403 411 conrnunmu-
1444 348 1840 413 τιιιιοιόεὶᾼεέ-
2232 328 2319 415 25

296 480 449 557 quod
476 486 564 537 est
592 484 835 537 amatum
860 496 982 539 esse
1014 482 1070 537 in
1107 489 1348 551 amante,
1377 498 1444 538 ex
1472 482 1684 539 duobus
1711 484 1976 558 procedit,
2006 486 2215 543 scilieet
2242 502 2311 543 ex

297 570 572 645 principio
595 570 856 637 amative,
879 576 936 625 ει
959 584 1033 628 ex
1056 569 1385 645 intelligibili
1411 572 1769 644 apprehenso,
1791 573 1939 647 quod
1966 583 2052 632 est
2068 573 2308 633 Verbum

299 667 631 734 eoneeptum
668 660 736 716 de
775 658 1020 716 amabili.
1047 661 1183 717 Cum
1207 660 1376 732 igitur
1401 660 1456 715 iu
1484 661 1599 717 Deo
1628 661 2225 738 seipsumintelljgente
2254 672 2308 721 et

299 756 523 806 amante
549 740 788 805 Verbum
815 749 892 805 sit
921 748 1090 829 Filius
1119 762 1141 806 ἰ
1168 748 1216 805 i's
1240 757 1428 806 autem
1457 748 1617 823 eujus
1644 758 1727 807 est
1757 743 2014 821 Verbum,
2044 755 2116 810 sit
2143 753 2311 812 Verbi

299 839 484 905 Pater,
514 845 577 894 ut
605 853 672 892 ex
707 836 870 893 dictis
895 844 1069 911 patet,
1101 852 1324 895 neeesse
1351 843 1457 905 est,
1490 838 1639 911 quod
1676 838 1917 913 Spiritus
1954 849 2177 899 sanetus
2212 844 2309 917 qui

299 927 544 1001 pertinet
569 926 638 996 ad
667 941 908 983 amorem
929 926 1229 989 secundum
1252 926 1400 1006 quod
1430 927 1579 984 Deus
1598 928 1656 984 in
1672 928 1855 1002 seipso
1875 936 1961 985 est
1979 938 2048 1007 ut
2068 937 2311 1003 amatum

297 1016 356 1072 in
385 1023 625 1082 amante,
653 1030 722 1072 ex
751 1017 910 1073 Patre
939 1015 1204 1090 procedat
1231 1024 1288 1073 et
1314 1016 1453 1074 Filio
1481 1033 1500 1074 ι
1532 1016 1683 1096 uude·
1700 1024 1757 1077 et
1793 1020 1851 1077 in
1885 1020 2147 1095 Symbolo
2167 1021 2311 1079 dici-

297 1112 420 1183 tur:
458 1102 565 1175 Qui
587 1120 655 1159 ew
681 1102 850 1164 Patre
871 1103 1115 1179 Filioque
1131 1104 1451 1180 procedit..

1093 1278 1379 1349 CAPUT
1431 1280 1512 1352 L.

427 1420 607 1501 Quod
630 1421 700 1485 in
725 1421 954 1485 divinis
984 1421 1273 1487 Trinitas
1315 1423 1728 1488 Personarum
1748 1439 1869 1487 non
1890 1428 2193 1505 repuqvat

664 1568 692 1577 s
1015 1512 1254 1575 unitati
1277 1512 1633 1577 Ecclesioef

365 1645 450 1703 Ex
479 1646 732 1703 omnibus
765 1651 952 1704 autem
989 1662 1116 1721 quae
1143 1645 1292 1705 dieta
1329 1653 1477 1715 sunt,
1504 1613 1688 1719 colligi
1717 1651 1933 1719 oportet
1960 1646 2108 1721 quod
2144 1647 2196 1702 in
2220 1645 2311 1703 di·-

293 1734 534 1793 vinitate
561 1734 854 1809 quemdam
887 1734 1184 1791 trinarium
1214 1734 1487 1809 ponimuS,
1518 1736 1613 1809 qui
1642 1741 1825 1792 tamen
1856 1734 2055 1792 unitati
2082 1742 2144 1791 et
2173 1736 2313 1801 sime

294 1820 538 1894 plicitati
562 1820 816 1889 essentiae
842 1838 952 1879 non
979 1829 1269 1896 repugnat.
1295 1823 1527 1896 Oportet
1549 1823 1695 1881 enim
1726 1823 1954 1881 concedi
1987 1823 2161 1881 Deum
2188 1838 2309 1891 esse

293 1919 356 1968 ut
381 1911 720 1967 existentem
756 1908 811 1964 in
834 1925 934 1965 sua
971 1919 1189 1975 natura,
1219 1919 1277 1968 et
1304 1910 1663 1978 intellectum,
1695 1918 1751 1967 et
1780 1917 2023 1968 amatum
2049 1928 2082 1968 a
2105 1912 2305 1987 seipso·

295 1999 479 2057 Aliter
507 2001 692 2054 autem
719 1996 826 2053 hoo
853 1995 1054 2053 accidit
1090 1996 1146 2053 in
1173 1999 1290 2054 Deo
1317 2006 1373 2055 et
1418 2000 1477 2053 in
1512 1995 1671 2054 nobis
1701 2016 1716 2055 ε
1756 1999 1887 2072 quia
1928 2000 2072 2056 enim
2113 2002 2170 2056 in
2212 2017 2311 2059 sue

294 2095 502 2146 natura
529 2079 1032 2143 homo‘subslantia
1060 2092 1164 2153 est,
1198 2072 1504 2159 intelligere
1538 2092 1720 2143 autem
1749 2092 1805 2142 et
1846 2102 2031 2144 amare
2060 2088 2179 2161 ejus
2206 2104 2311 2147 non

293 2182 430 2236 sunt
452 2177 574 2249 ejus
599 2174 929 2241 substantia,
953 2176 1114 2231 homo
1137 2174 1366 2249 quidem
1399 2173 1877 2248 secundum-quod
1907 2176 1963 2246 iu
1996 2184 2191 2235 natura
2214 2193 2312 2235 sua

293 2266 683 2327 consideratur
709 2264 966 2337 quaedam
1001 2280 1092 2320 res
1127 2263 1433 2337 subsistens
1458 2268 1591 2320 εει.
1618 2264 1917 2321 secuudum
1955 2273 2141 2323 autem
2165 2268 2310 2341 quod

295 2365 388 2415 est
413 2357 469 2413 in
496 2370 596 2411 suo
618 2354 920 2423 intellectu,
953 2368 1062 2410 non
1089 2360 1174 2409 est
1202 2368 1292 2409 res
1316 2331 1641 2421 subsistens,
1667 2353 1763 2411 sed
1797 2352 2027 2411 intentio
2056 2357 2309 2431 quaedam

296 2446 382 2503 rei
429 2442 794 2510 subsistentis,
845 2449 902 2498 et
942 2440 1194 2498 similiter
1243 2427 1545 2498 secundum
1598 2442 1747 2515 quod
1792 2449 1878 2499 est
1929 2443 1986 2501 in
2029 2446 2210 2519 seipso
2241 2450 2312 2501 ut

297 2539 550 2593 amatum
565 2534 631 2590 in
651 2539 888 2590 amante.
914 2532 984 2587 Et
1002 2531 1083 2588 sie
1100 2548 1230 2603 ergo
1253 2532 1310 2587 in
1332 2531 1551 2588 homine
1570 2528 1678 2589 tria
1698 2532 1955 2605 quaedam
1974 2534 2310 2591 considerari

295 2629 552 2700 possunt,
580 2621 637 2678 id
655 2628 759 2691 εει,
776 2619 1013 2677 bomo‘in
1040 2624 1239 2678 natura
1260 2636 1361 2677 sua
1390 2620 1650 2687 existens,
1679 2619 1960 2697 ethome
1946 2638 2003 2677 m
2031 2602 2313 2695 intellectu

226 2730 234 2737 ·
297 2712 566 2777 existens,
600 2716 655 2766 et
681 2708 852 2765 homo·
887 2708 942 2763 in
971 2723 1156 2765 amore
1192 2707 1455 2778 existens,
1489 2716 1547 2765 et
1575 2714 1761 2765 tamen
1804 2708 1860 2763 hi
1893 2717 2151 2765 tres-non·
2187 2715 2314 2765 sunt

300 2817 494 2867 unum,
525 2800 657 2872 quia
695 2798 998 2869 intelligere
1022 2799 1148 2872 *ejus
1184 2812 1291 2851 ιιοιι
1318 2802 1404 2852 εει
1432 2798 1551 2867 ejus
1578 2810 1718 2863 esse,
1750 2796 2011 2853 similiter·
2040 2805 2226 2855 autem
2257 2804 2313 2853 et

299 2904 512 2957 amare,
543 2894 600 2944 et
643 2886 836 2943 horum
879 2886 1048 2943 trium
1079 2898 1219 2939 unus
1257 2882 1406 2939 solus
1448 2890 1533 2938 est
1562 2898 1651 2938 res
1688 2884 1941 2954 quaedam
1988 2884 2309 2953 subsistenti,

297 2978 518 3035 scilieet
563 2975 726 3033 homo
771 2976 825 3031 in
871 2980 1068 3032 natura
1109 2988 1210 3029 sua
1246 2971 1510 3029 existens.
1554 2970 1616 3026 In
1659 2969 1774 3047 Deo
1803 2974 1989 3025 autem
2034 2970 2183 3028 idem
2228 2982 2329 3030 est·

297 3083 455 3133 esse,
511 3065 850 3137 intelligere,
893 3070 966 3119 et‘
1002 3077 1208 3119 amare.
1266 3060 1413 3116 Deus
1468 3074 1600 3132 ergo
1649 3058 1704 3116 in
1754 3074 1875 3117 esse
1923 3074 2024 3115 suo
2078 3060 2314 3134 naturali

297 3155 550 3213 existens
601 3160 658 3209 et
706 3154 853 3209 Deus
898 3152 1138 3208 existens
1193 3151 1251 3207 in
1296 3148 1601 3217 intellectu,
1650 3158 1707 3207 et
1761 3149 1909 3207 Deus
1964 3144 2314 3209 existens'in

298 3260 494 3301 amere
514 3258 616 3299 suo
649 3258 817 3299 uuum
855 3246 1002 3308 sunt,
1033 3240 1408 3315 unusquisque
1438 3245 1623 3296 tamen
1646 3254 1834 3300 eorum
1870 3246 1955 3297 est
1988 3240 2311 3300 subsistens.

296 3334 372 3390 Et
413 3332 544 3405 quia
590 3345 682 3387 res
725 3330 1128 3387 subsistentes
1113 3346 1172 3386 ιιι
1209 3314 1567 3385 intellectuali
1601 3336 1799 3405 natura
1835 3344 2093 3401 personas
2132 3332 2313 3389 Latini

298 3422 594 3480 nominare
625 3426 1048 3487 consueverunt,
1075 3418 1262 3476 Graeci
1300 3433 1433 3475 vero
1472 3406 1816 3492 hypostases,
1847 3424 2071 3491 propter
2114 3418 2219 3476 hoe
2258 3422 2313 3477 in

299 3505 510 3569 divinis
539 3508 722 3567 Latini
763 3504 972 3565 dieunt
983 3514 1095 3565 tres
1135 3522 1428 3585 personae,
1444 3507 1625 3564 Graeci
1656 3521 1788 3565 vero
1812 3512 1926 3564 tres
1965 3506 2311 3583 hypostases,

299 3596 550 3669 Patrem,
577 3588 810 3667 scilieet,
842 3596 1138 3668 etFilium,
1169 3598 1230 3653 ει
1252 3595 1517 3669 Spiritum
1539 3594 1835 3654 sanetum.
