2850 4517
519 375 630 447 292
1027 389 1080 436 s.
1125 387 1356 432 ¹1·quAE
1395 386 1725 436 Aonium-ts
1766 385 2075 431 croscum

416 506 422 511 “
520 541 522 544 >
553 507 620 562 tit
655 504 980 572 aeternitas:
1012 481 1523 566 ιιιιςίθ·1“ιιιιιι·οιιιιιι
1548 501 1941 574 praenuntiatio
1977 505 2131 556 heria
2172 500 2397 572 ponitur
2436 501 2553 559 esse

547 593 856 660 ,divinitatis
891 592 1126 664 signum,
1163 592 1461 650 secundum
1499 591 1635 646 illud
1672 591 1857 648 Esaiae
1891 591 1995 646 4⁴:
2020 588 2405 646 Annuntiante
2444 605 2555 661 qma

549 690 791 745 ventura,
811 687 934 738 sunt
977 681 1040 736 in
1066 675 1338 752 futurum,
1369 687 1420 736 et
1456 680 1679 756 sciemus
1706 678 1834 751 quia
1868 677 2105 736 'dii‘astis
2132 681 2239 735 iios.
2268 670 2556 750 Sedxcog-

549 788 774 831 noscere
810 771 994 836 futura
1030 770 1086 826 in
1120 770 1234 828 suis
1280 769 1463 829 causis
1504 769 1673 824 etiam
1714 768 2193 840 aiiis‘competere
2224 773 2426 838 potest.
2452 765 2552 824 Sed

547 862 668 918 baec
703 859 942 932 cognitio
971 875 1078 920 ιιοιι
1117 867 1201 916 est
1233 846 1403 922 certa,
1437 857 1535 914 sed
1574 855 1960 929 conjecturalis
2005 855 2200 926 magiS‚
2251 855 2358 911 nisi
2410 856 2556 913 circa

547 947 792 1013 effectus,
821 946 913 1018 qui
946 945 1016 1001 de
1038 944 1368 1006 necessitate
1395 961 1463 1000 ex
1490 944 1605 1002 suis
1632 945 1815 1002 causis
1842 950 2165 1016 sequuntur.
2191 942 2260 998 Et
2290 959 2391 1014 per
2418 942 2556 1002 hunc

518 1037 768 1102 ⁷modum
811 1034 1056 1100 medicus
1093 1032 1408 1105 pronuntiat
1450 1033 1799 1140 infirmitates
1834 1031 2065 1138 futuras3
2107 1038 2181 1088 et
2198 1037 2370 1133 nauta
2414 1037 2555 1088 tem-

549 1130 813 1196 pestateS.
2098 1146 2105 1152 ·
2484 1143 2489 1150 ·

1213 1293 1497 1365 CAPUT
1552 1281 1889 1360 CXXXV.

497 1411 532 1504 ’.-
561 1408 737 1512 Ωιιοιῑ
759 1437 924 1498 Deus
953 1433 1222 1502 omnibus
1249 1433 1416 1497 adest
1435 1450 1545 1512 per
1561 1431 1934 1512 potentiam,
1950 1431 2283 1510 essentiam,
2295 1397 2370 1494 'et
2392 1445 2552 1510 prce·

920 1523 1194 1606 sentiam,
1226 1528 1284 1586 et
1305 1521 1505 1588 omnia
1528 1517 1863 1590 immediate
1890 1519 2273 1600 disponit..

552 1689 558 1694 ·
621 1659 711 1718 Sic
739 1656 906 1728 igitur
930 1656 1061 1714 nibil
1084 1655 1331 1728 impedit,
1359 1656 1491 1736 quin
1516 1648 1663 1712 Deus
1691 1655 1857 1712 etiam
1878 1653 2237 1725 singularium
2262 1655 2555 1710 effectuum

551 1747 916 1820 cognitionem
946 1744 1170 1814 habeat,
1189 1750 1247 1800 et
1269 1759 1362 1801 eos
1404 1744 1723 1802 immediate
1755 1744 1996 1800 ordinat
2016 1759 2113 1815 per
2137 1743 2399 1814 seipsum,
2428 1741 2555 1798 licet

555 1850 652 1907 per
679 1849 876 1890 causas
903 1833 1113 1889 medias
1149 1837 1475 1905 exequatur.
1500 1829 1639 1895 Sed
1644 1831 1811 1892 etiam
1840 1831 1894 1890 in
1922 1831 2042 1903 ipsa
2068 1831 2391 1888 executione
2412 1845 2558 1902 quo·-

551 1923 842 1985 dammodo
859 1920 1172 1980 immediate
1190 1935 1250 1976 se
1263 1920 1429 1982 habet
1446 1920 1516 1976 ad
1532 1933 1722 1980 omnes.
1736 1921 1983 1987 effectae,
2002 1919 2059 1976 in
2074 1925 2343 1994 quantum
2368 1933 2557 1978 omnes

551 2027 736 2070 causae
775 2012 970 2069 mediae
1012 2017 1182 2082 agunt
1221 2011 1276 2065 in
1319 2010 1525 2066 virtute
1570 2023 1755 2068 causae
1803 2009 2011 2082 primae,
2043 2014 2107 2066 ut
2150 2009 2557 2082 quodammodo

549 2101 668 2172 ipse
695 2101 752 2156 in
777 2101 1026 2158 omnibus
1055 2115 1216 2170 agere
1243 2099 1511 2166 videatur,
1546 2108 1601 2154 et
1631 2097 1813 2154 omnia
1842 2113 2009 2170 opera
2032 2097 2396 2154 secundarum
2421 2113 2559 2154 nau·

551 2205 738 2246 sarum
765 2191 816 2246 ei
855 2196 1082 2261 possunt
1111 2187 1359 2254 attribui,
1401 2187 1545 2243 sicut
1574 2187 1772 2247 artifici
1814 2185 2133 2246 attribuitur
2169 2201 2306 2259 opus
2348 2187 2559 2244 instru-

553 2277 743 2334 menti.
784 2276 1210 2335 Gonvenientius
1249 2275 1394 2330 enim
1440 2274 1643 2330 dicitur
1688 2274 1834 2347 quod
1879 2273 2031 2332 faber
2072 2273 2203 2332 facit
2252 2275 2554 2342 cultellum,

553 2364 1046 2438 quammartelluS.
1086 2363 1264 2422 Habet
1305 2364 1473 2420 etiam
1512 2379 1571 2420 se
1610 2363 1925 2421 immediate
1952 2363 2041 2420 ,ad
2078 2379 2267 2420 omnes
2304 2365 2556 2432 effectus,

553 2455 610 2510 in
633 2461 899 2526 quantum
926 2453 1044 2524 ipse,
1069 2459 1152 2509 est
1191 2467 1368 2525 per-se
1402 2467 1571 2512 causa
1594 2452 1825 2520 essendi,
1858 2459 1915 2508 et
1940 2452 2123 2510 omnia
2166 2452 2237 2511 ab
2275 2452 2393 2526 ipso
2436 2469 2561 2509 ser-

551 2549 750 2608 vantur
775 2543 833 2596 in
861 2558 980 2598 esse
1012 2558 1026 2596 ι
1057 2549 1114 2598 et
1143 2541 1445 2598 secundum
1466 2541 1565 2598 bos
1602 2549 1713 2596 tres
1753 2541 2099 2611 immediatos
2125 2541 2317 2598 modos
2356 2541 2561 2598 dicitur

553 2632 700 2687 Deus
725 2631 784 2694 in
811 2631 1062 2690 omnibus
1103 2646 1224 2688 esse
1251 2647 1350 2704 per
1386 2631 1709 2710 essentiam,
1736 2631 2056 2703 potentiam,
2086 2638 2143 2688 et
2182 2631 2555 2703 praesentiam.

553 2710 654 2774 Per
691 2720 982 2782 essentiam
1013 2719 1254 2792 quidem,
1285 2721 1340 2779 in
1377 2727 1645 2792 quantum
1686 2733 1807 2775 esse
1844 2719 2135 2792 cujuslibet
2175 2726 2261 2776 est
2303 2720 2559 2793 quaedam

551 2808 914 2881 participatio·
945 2807 1116 2864 divini
1145 2825 1286 2876 esse,
1319 2815 1375 2868 et
1411 2809 1493 2866 sic
1534 2809 1773 2866 essentia
1813 2808 1999 2868 divina
2033 2807 2259 2864 cuilibet
2281 2809 2561 2866 ‚existenti

554 2896 730 2963 adest,
763 2897 817 2952 in
849 2905 1122 2970 quantum
1159 2896 1324 2954 habet
1359 2914 1481 2963 esse
1516 2899 1667 2957 sicut'
1704 2913 1871 2956 causa
1912 2896 2133 2971 proprio
2171 2899 2389 2957 effectui
2418 2915 2433 2952 :
2463 2914 2559 2971 per

555 2985 860 3057 potentiam
889 3001 1038 3053 vere,
1067 2985 1122 3042 in
1155 2995 1420 3060 quantum
1456 2988 1639 3045 omnia
1662 2989 1720 3043 in
1756 2987 1962 3044 virtute
2004 2987 2175 3060 ipsius
2218 2995 2433 3060 agunt:
2462 3005 2562 3060 per

553 3075 901 3146 praesentiam
931 3091 1079 3144 vero,
1101 3075 1169 3136 in
1201 3082 1471 3154 quantum
1501 3076 1619 3148 ipse
1654 3076 1969 3135 immediate
2012 3077 2199 3134 omnia
2242 3076 2461 3134 ordinat
2502 3085 2561 3135 et

555 3161 815 3232 disponit.
1780 3195 1783 3197 Δ

1163 3315 1488 3404 'CAPUT
1534 3337 1901 3406 CXXXVI.

893 3477 1069 3552 Quod
1094 3477 1222 3539 soli.
1233 3477 1360 3550 Deo
1385 3478 1655 3542 convenit
1680 3477 1982 3546 miracula
2008 3482 2222 3558 faeere.

598 3610 764 3680 Quia
795 3609 960 3683 igitur
988 3615 1137 3666 totus
1160 3611 1293 3667 ordo
1335 3584 1628 3672 causarum
1648 3613 2035 3684 secundarum,
2060 3623 2115 3673 et
2158 3612 2352 3672 virtus
2369 3629 2561 3672 earum

557 3693 642 3756 est
665 3715 703 3756 a
723 3698 890 3770 Deo,
879 3715 992 3772 ipso
1008 3709 1193 3756 autem
1213 3717 1318 3757 non
1350 3703 1601 3775 producit
1624 3719 1751 3760 suos
1780 3702 2003 3761 effectus
2026 3719 2123 3777 per
2146 3703 2557 3772 necessitatem,

487 3819 497 3827 «
557 3788 649 3844 sed
690 3787 917 3844 liberam
947 3787 1302 3856 voluntatem,
1335 3799 1396 3846 ιιι.
1437 3805 1604 3862 supra
1638 3799 1917 3849 ostensum
1958 3802 2067 3861 est,
2098 3793 2454 3851 manifestum
2473 3801 2562 3848 est

556 3875 700 3946 quod
735 3885 938 3949 proeter
961 3877 1211 3936 ordinem
1243 3893 1535 3936 causarum
1578 3880 1951 3940 secundarum.
1977 3897 2139 3954 agere
2182 3887 2383 3954 potest,
2414 3879 2564 3938 sicut

531 3963 701 4052 ,quod
737 3974 897 4022 sanet
930 3965 1071 4036 iiloS,
1095 3967 1190 4052 qui
1217 3968 1529 4054 'secuudum
1569 3970 1956 4056 operationem-
1981 3977 2195 4030 naturae
2212 3970 2407 4030 sanari
2432 3975 2561 4048 'noh
