2850 4517
491 355 607 415 384
966 364 1016 405 s,
1062 359 1315 404 TnouAE.
1336 355 1662 406 Aommms
1703 353 2012 396 croscum

493 493 621 542 runt
649 483 859 549 officiiS,
893 495 988 553 pro
1015 474 1257 550 qualibet
1288 475 1528 544 ipsarum
1550 469 1933 544 quadraginta.
1961 467 2073 522 Illis
2115 455 2245 520 ve'ro
2274 466 2367 537 qui
2398 483 2500 539 per

495 573 666 645 ipsius
694 571 814 627 festi
840 578 1063 625 octavas
1083 567 1138 621 in
1161 554 1574 619 matutinalibus
1595 557 1922 630 vespertinis
1943 555 2122 611 Missae
2149 571 2216 611 ac
2238 555 2497 610 horarum

496 662 880 736 praedictarum
917 655 1109 712 officiis
1153 657 1452 724 praesentes
1497 647 1794 709 extiterint,
1841 644 2070 714 singulis
2106 643 2298 700 diebus
2340 651 2497 700 octa-

499 764 689 806 varum
714 749 955 820 ipsarum
972 749 1192 799 centum
1210 739 1330 794 dies
1348 736 1417 793 de
1441 734 1699 807 injunctis
1719 729 1821 788 sibi
1844 733 2180 804 poenitentiis
2204 732 2498 788 relaxando

500 836 894 908 indulgentiam
922 831 1113 888 tribuit
1141 827 1419 900 perpetuis
1447 823 1783 895 temporibus
1810 821 2151 876 duraturam.

575 927 725 998 Raep.
748 923 960 992 Accipit
978 920 1134 975 Jesus
1157 915 1385 972 calicem
1412 919 1704 986 postquam
1727 909 1964 966 coenavit
1985 909 2174 964 dicens
2198 926 2212 964 ι
2233 909 2336 966 Hic
2361 909 2502 964 calix

503 1031 704 1074 novum
753 1017 1139 1068 testamentum
1181 1013 1264 1062 est
1303 1005 1355 1060 in
1387 1017 1511 1058 meo
1545 1015 1824 1072 sanguine,
1854 999 1970 1053 Hoc
2012 997 2176 1053 facite
2222 998 2277 1053 in
2309 1014 2503 1054 ·meam

506 1101 1101 1161 commemorationem.
2297 1131 2304 1140 ,

582 1194 733 1254 νινε.
762 1189 1021 1246 Memoria
1046 1199 1251 1240 memor
1280 1195 1393 1249 er0,
1418 1187 1474 1237 et
1500 1174 1834 1249 tabescemn
1864 1191 1949 1230 me
1984 1175 2166 1230 anima
2194 1190 2340 1230 mea.
2365 1175 2506 1232 Hoc.

510 1283 717 1340 Gloria.
744 1281 881 1336 Hoc.
2049 1274 2058 1283 ’

580 1371 647 1426 In
673 1367 833 1425 tertio
852 1366 1081 1423 Noctur.
1108 1361 1332 1432 Antiph.
1356 1357 1600 1414 Introibo
1629 1355 1699 1412 ad
1729 1353 1914 1411 Altare
1938 1352 2058 1419 Dei,
2089 1367 2303 1409 sumam
2319 1352 2509 1409 Chris-

512 1455 627 1514 tum
650 1458 745 1530 qui
776 1461 1003 1512 renovat
1023 1454 1364 1523 juventutem
1388 1461 1589 1501 meam.

581 1546 781 1602 Psalm.
809 1543 1002 1598 Judica
1031 1556 1118 1594 me
1145 1538 1313 1593 Deus.

584 1634 809 1706 Antiph.
841 1631 1056 1687 Cibavit
1098 1643 1197 1684 nos
1238 1623 1502 1680 Dominus
1539 1637 1604 1676 ex
1647 1621 1808 1694 adipe
1848 1619 2124 1688 frumenti,
2154 1624 2209 1674 et
2243 1618 2314 1674 de
2349 1626 2515 1692 petra

518 1724 675 1780 melle
702 1721 973 1778 saturavit
998 1733 1117 1773 noe.

585 1811 776 1869 Psalm.
810 1808 1064 1864 Exultate
1084 1807 1218 1860 Deo.

586 1897 814 1971 Antiph.
862 1897 942 1952 Ex
984 1893 1146 1950 altari
1192 1897 1303 1956 tuo,
1337 1887 1585 1955 Domine,
1624 1887 1898 1943 Christum
1937 1883 2225 1951 sumimuS,
2260 1883 2314 1937 in
2355 1899 2520 1955 quem

519 2004 613 2044 cor
636 1995 691 2042 et
714 2001 844 2042 caro
874 1993 1058 2039 nostra
1087 1981 1356 2036 exultant.

591 2074 787 2130 Psalm.
819 2072 993 2141 Quam
1017 2070 1239 2125 dilecta.
1402 2059 1407 2066 ’

598 2162 748 2219 Vera.
778 2161 989 2215 Educas
1014 2173 1209 2230 panem
1232 2155 1300 2210 de
1330 2159 1498 2209 terra.

594 2250 752 2320 Ressp.
778 2250 845 2304 Et
878 2248 1060 2304 vinum
1085 2245 1325 2302 laetificet
1349 2256 1445 2298 cor
1473 2239 1724 2296 hominis.

1272 2419 1581 2490 LEGTIO
1629 2417 1771 2484 VII.

1123 2587 1522 2646 SECUNDUM
1563 2583 1929 2638 JOANNEM.

604 2732 663 2786 In
694 2730 784 2786 illo
812 2734 1073 2800 tempore,
1090 2725 1227 2781 dixit
1252 2725 1409 2780 Jesus
1432 2720 1713 2794 discipulis
1735 2721 1868 2787 suis,
1891 2725 1945 2775 et
1975 2719 2152 2774 turbis
2178 2719 2537 2776 Judaeorum:

536 2822 674 2877 Caro
725 2833 845 2875 mea
882 2830 1011 2874 vere
1053 2818 1137 2870 est
1178 2813 1351 2879 cibus,
1388 2818 1444 2867 et
1489 2810 1710 2880 sanguis
1752 2823 1904 2864 meus
1942 2823 2068 2863 vere
2105 2813 2190 2862 est
2228 2816 2409 2880 potuS.
2465 2809 2544 2868 Et

536 2908 767 2980 reliqua.

846 3095 1156 3150 HOMILIA
1202 3093 1413 3148 BEA'rl
1452 3058 1856 3143 'AUGUSTIN‘I
1900 3084 2230 3139 EPISCOPI

613 3224 747 3276 Cum
777 3221 922 3276 enim
946 3220 1067 3276 cibo
1091 3228 1148 3277 et
1173 3228 1301 3292 potu
1344 3218 1398 3272 id
1439 3219 1698 3289 appetant
1735 3213 2002 3278 homines„
2030 3219 2093 3268 ut
2127 3227 2234 3268 non
2273 3212 2550 3280 esuriant,

546 3321 719 3377 neque
747 3305 957 3372 sitiant,
984 3305 1088 3360 hoc
1112 3305 1379 3359 veraciter
1403 3318 1508 3358 non
1539 3307 1766 3374 praestat
1794 3300 1900 3356 nisi
1939 3302 2044 3356 iste
2063 3299 2234 3356 'cibus
2273 3309 2332 3356 et
2359 3309 2551 3372 potuS,

545 3393 638 3465 qui
668 3408 779 3459 ece,
808 3407 840 3448 a
874 3393 1071 3464 quibus
1116 3392 1367 3452 sumitur,
1394 3390 1733 3447 immortales
1754 3395 1810 3444 et
1847 3387 2290 3461 incorruptibiles
2313 3389 2468 3454 facit,
2493 3386 2556 3441 id

546 3488 647 3547 est,
680 3481 795 3553 ipsa
820 3481 1055 3537 societas
1078 3481 1419 3547 Sanctorum,
1448 3478 1538 3534 ubi
1565 3495 1672 3551 pax
1711 3479 1817 3534 erit
1869 3486 1925 3533 et
1959 3479 2143 3534 unitas
2185 3476 2345 3550 plena
2381 3483 2558 3548 atque

545 3568 805 3642 perfecta.
835 3570 1128 3641 Propterea
1169 3567 1388 3640 quippe,
1416 3568 1560 3623 sicut
1591 3573 1718 3623 ante
1755 3583 1855 3622 nos
1885 3566 2270 3621 intellexerunt
2301 3565 2560 3619 homines

549 3658 667 3719 Dei,
699 3657 961 3712 Dominus
1000 3663 1181 3711 noster
1222 3655 1380 3710 Jesus
1423 3656 1670 3712 Christus
1713 3670 1911 3726 corpus
1943 3660 2000 3710 et
2042 3655 2362 3724 sanguinem
2391 3667 2562 3707 suum

551 3743 605 3796 in
635 3744 713 3797 eis
736 3744 895 3799 rebus
919 3744 1336 3808 commendavit,
1367 3760 1492 3817 quae
1531 3745 1600 3800 ad
1651 3758 1816 3798 unum
1846 3743 2053 3814 aliquid
2099 3742 2444 3812 rediguntur.
2479 3741 2562 3794 Ex

552 3829 737 3924 multis
763 3847 996 3970 namgue
1021 3834 1205 3904 granis
1230 3848 1368 3888 unus
1390 3833 1545 3906 panis
1572 3831 1881 3900 conficitur,
1909 3837 1969 3888 et
1989 3847 2056 3886 ex
2097 3830 2286 3887 multis
2323 3829 2564 3884 racemis

556 3927 741 3966 vinum
768 3931 868 3970 con
909 3919 1009 3972 uit.
