2850 4517
517 293 635 354 482
986 312 1044 355 s.
1089 305 1326 355 '1¹quAE
1366 304 1693 361 Aoumxris
1736 303 2044 356 causeum

443 453 450 461 ·
515 427 624 484 tias
645 427 804 502 plene
832 425 1198 494 nesciverunt,
1227 425 1493 499 quamdiu
1534 432 1689 482 erant
1724 425 1941 491 futuras,
1970 426 2067 482 sed
2106 425 2186 482 eis
2210 425 2540 500 completiS‚·

516 531 704 572 eorum
747 515 1000 572 notitiam
1040 516 1388 590 acceperunt,
1437 514 1583 572 sicut
1629 514 1862 572 aliorum
1916 531 2042 588 quae
2100 515 2529 588 praesentialiter

519 605 674 661 liunt.
705 605 824 661 Non
851 619 980 679 ergo
1009 604 1090 661 sic
1119 603 1533 678 intelligendum
1562 612 1667 672 est,
1700 605 1868 677 quod,
1894 603 2125 660 docente
2152 603 2336 669 Paulo,
2373 619 2533 680 mys-

514 693 658 750 'teria
685 693 872 750 divina
895 693 1146 767 supernis
1185 693 1469 768 Seraphim
1498 692 1900 764 sint—revalata,
1930 693 2087 766 quasi
2138 693 2239 766 ipsi
2282 709 2314 749 a
2359 694 2531 751 Paulo

517 781 829 852 didicerint,
851 782 948 838 sed
969 782 1117 856 quia,
1142 782 1310 840 Paulo
1333 783 1687 856 praedicante,
1710 789 1765 838 et
1796 781 1919 838 aliis
1944 781 2239 854 Apostolis,
2270 774 2533 855 perficie-

517 871 718 928 bantur
757 887 822 928 ea
875 887 998 946 quae
1048 871 1470 945 praesentialiter
1509 869 1699 943 Angeli
1754 869 2174 943 cognoscebant,
2228 877 2288 928 et
2339 871 2533 930 futura

517 962 922 1032 ignoraverant.
951 961 1018 1018 Et
1045 960 1149 1018 hoc
1183 969 1378 1018 sonant
1417 959 1584 1018 verba
1618 960 1853 1017 dicentis
1894 959 2185 1032 Angelicas
2228 959 2534 1032 dignitates

518 1051 810 1124 praesatum
840 1043 1162 1124 mysterium
1193 1051 1262 1108 ad
1287 1067 1484 1124 purum
1513 1065 1623 1112 non
1647 1047 2003 1114 intellexisse,
2036 1048 2211 1106 donec
2253 1048 2532 1123 completa

519 1143 604 1197 est
631 1139 813 1214 passio
837 1139 1056 1209 Christi,
1072 1145 1144 1204 ,et
1171 1140 1554 1214 Apostolorum
1580 1141 1901 1213 praedicatio
1927 1155 2025 1228 per
2051 1147 2243 1212 gentes
2269 1139 2528 1198 dilatata.

1217 1296 1503 1366 CAPUT
1548 1295 1829 1364 XXVII.

528 1419 832 1496 Quomodo
876 1419 1254 1500 intelligitur
1287 1419 1450 1499 quod
1491 1419 1744 1493 dicitur,
1791 1418 1953 1500 quod
1994 1412 2320 1498 spiramen,
2364 1421 2535 1502 quod

597 1509 928 1588 inspiravit
953 1509 1168 1572 Bou-5⁹
1142 1527 1211 1572 in
1241 1508 1458 1586 faeiem
1497 1507 1778 1584 hominia,
1816 1526 1935 1572 non
1960 1513 2047 1572 est
2082 1510 2286 1572 anima
2324 1513 2531 1573 ratio-

519 1647 524 1652 .
597 1599 782 1675 walia,
813 1599 916 1662 sed
939 1599 1140 1662 sancti
1151 1597 1429 1679 spiritus
1456 1598 1697 1680 effusio.

520 1749 524 1752 ·
590 1725 726 1780 ltem
753 1721 981 1779 dubium
999 1723 1247 1795 estquod
1273 1722 1511 1796 Cyrillus
1530 1721 1685 1790 dicit,
1700 1722 1844 1796 quod
1870 1738 1996 1779 cum
2010 1721 2215 1780 dicitur
2236 1723 2443 1781 Genes.
2460 1738 2525 1792 ιι,

521 1811 668 1885 quod
693 1809 982 1883 inspiravit
1005 1811 1149 1867 Deus
1173 1811 1229 1866 in
1253 1809 1451 1870 faciem
1480 1809 1715 1868 hominis
1740 1809 2073 1882 spiraculum
2102 1809 2251 1878 vitae,
2280 1819 2342 1867 ut
2372 1811 2530 1868 fieret

521 1899 684 1956 homo
713 1901 767 1954 in
797 1899 1034 1956 animam
1065 1899 1554 1972 viventem,ipsum
1574 1899 1847 1973 spiramen
1875 1915 1981 1954 non
2004 1899 2239 1955 dicimus
2264 1900 2525 1957 animam.

522 1988 612 2045 Sic
647 1987 792 2044 enim
829 1995 976 2044 esset
1019 1989 1202 2045 anima
1234 1987 1690 2055 inconvertibilis,
1735 1993 1791 2044 et
1832 2002 1938 2043 non
1981 1994 2257 2061 peccaret,
2289 1988 2419 2061 quia
2461 1990 2531 2045 de

522 2075 760 2132 essentia
787 2083 934 2133 esset
959 2077 1145 2135 divina
1169 2077 1296 2134 :sed
1326 2077 1500 2134 sancti
1530 2077 1765 2150 Spiritus
1794 2076 2113 2132 effusionem
2140 2077 2198 2132 in
2226 2076 2345 2149 ipso
2372 2077 2534 2149 prin-

522 2165 666 2238 cipio
693 2167 1032 2240 suppositam
1061 2167 1261 2224 animae
1295 2166 1549 2224 humanae
1589 2166 1729 2223 dixit
1764 2164 1997 2240 MoyseS,
2025 2166 2171 2240 quod
2208 2175 2293 2223 est
2336 2173 2533 2223 contra

523 2255 918 2326 expositionem
973 2259 1112 2328 Aug.
1154 2256 1248 2329 qui
1290 2257 1530 2313 animam
1582 2255 1876 2312 humanam
1927 2271 2023 2328 per
2067 2253 2199 2312 illud
2250 2256 2531 2329 spiramen

523 2342 676 2415 ponit
718 2349 773 2398 et
816 2344 1056 2400 ostendit
1099 2345 1246 2417 quod
1289 2337 1410 2401 non⁴
1440 2354 1659 2418 propter
1700 2345 1803 2401 hoc
1850 2346 2119 2418 sequitur,
2151 2344 2297 2417 quod
2347 2345 2424 2400 sit
2462 2345 2532 2402 de

523 2429 1063 2496 substantiadivina.
1095 2431 1193 2486 Est
1220 2432 1365 2487 enim
1391 2433 1601 2504 tropica
1625 2432 1933 2501 locuti0,.ut
1970 2433 2182 2489 dicatur
2222 2432 2533 2510 inspirasse

524 2533 630 2574 non
659 2513 1036 2591 corporaliter,
1061 2519 1158 2577 sed
1197 2512 1326 2593 quia
1369 2521 1642 2594 spiritum,
1671 2521 1729 2578 id
1766 2527 1871 2591 est,
1898 2523 2134 2580 animam
2172 2519 2303 2576 fecit
2334 2537 2404 2576 ex
2435 2522 2535 2578 ni-

521 2603 652 2662 hilo.
684 2605 752 2662 Et
779 2607 924 2680 quod
954 2613 1038 2664 est
1067 2609 1320 2682 amplius,
1337 2610 1555 2668 videtur
1582 2627 1701 2668 esse
1730 2627 2039 2686 repugnans
2062 2610 2227 2667 dictis
2252 2610 2527 2682 Apostoli,

524 2695 617 2768 qui
660 2697 684 2752 1
720 2696 789 2752 ad
831 2698 1074 2755 Corinth.
1102 2715 1201 2766 xv,
1233 2699 1369 2756 dicit
1404 2716 1418 2755 ε
1456 2699 1655 2756 Factus
1685 2707 1769 2776 *est
1808 2700 2021 2772 primus
2057 2700 2209 2756 homo
2248 2698 2439 2756 Adam·
2469 2699 2532 2754 in

523 2784 760 2842 animam
784 2787 1060 2854 viventem,
1087 2788 1400 2845 novissimus
1428 2789 1604 2846 Adam
1628 2789 1685 2845 in
1708 2789 1964 2862 spiritam
1990 2789 2350 2861 vivificantem
2378 2805 2399 2846 .-
2430 2789 2531 2846 sed

523 2889 630 2930 non
669 2875 820 2948 prius
861 2877 1004 2950 quod
1045 2879 1330 2950 spirituale
1373 2885 1477 2946 est,
1510 2879 1606 2935 sed
1653 2879 1797 2952 quod
1840 2878 2095 2935 animale.
2131 2879 2235 2936 Ubi
2273 2893 2533 2949 expresse

525 2955 675 3020 illam
701 2964 867 3021 vitam
892 2967 1089 3024 animae
1112 2967 1247 3024 dicit
1275 2984 1394 3024 esse
1432 2968 1595 3024 aliam
1624 2983 1665 3026 a
1685 2968 1819 3034 vita,
1849 2983 1977 3041 quae
2008 2976 2094 3024 est
2127 2984 2222 3040 per
2262 2967 2531 3040 Spiritum

523 3059 773 3108 sanctum
802 3071 816 3110 ε
850 3055 993 3111 unde
1023 3055 1114 3112 illa
1160 3056 1445 3130 inspiratio
1489 3073 1585 3131 per
1632 3073 1798 3131 quam
1830 3057 2035 3112 dicitur
2064 3056 2227 3112 homo
2253 3055 2429 3113 factus
2472 3055 2532 3112 in

524 3141 763 3196 animam
790 3141 1082 3211 viventem,
1115 3157 1223 3200 non
1263 3152 1444 3218 potest
1480 3146 1549 3202 de
1572 3146 1751 3217 gratia
1795 3144 2031 3218 Spiritus
2064 3145 2240 3200 sancti
2270 3143 2529 3223 intelli-gi.

523 3229 679 3286 Unde
697 3229 988 3288 dicendum
1003 3227 1107 3302 est,
1127 3234 1272 3308 quod
1289 3234 1556 3307 expositio
1570 3233 1759 3306 Cyrilli
1778 3249 1883 3292 non
1899 3241 2081 3308 potest
2102 3249 2225 3290 esse
2241 3232 2529 3290 litteralis:

523 3317 618 3372 sed
647 3315 822 3374 solum
846 3316 1157 3390 allegorica.
2325 3343 2331 3349 ·

1203 3473 1486 3545 CAPUT
1530 3473 1846 3552 XXVIII.

573 3593 875 3673 Quomodo
903 3599 1298 3680 intelligitur,
1329 3601 1490 3680 quod
1518 3618 1649 3663 mm
1683 3600 1793 3681 qui
1817 3599 1993 3663 semel
2030 3597 2488 3680 blasphemavit,

977 3687 1339 3770 impossibile
1363 3695 1593 3754 estnon
1619 3684 2045 3770 blasphemare.

596 3812 732 3870 item
759 3763 984 3871 dubium
1006 3821 1189 3887 potest
1211 3829 1332 3872 esse
1354 3813 1424 3870 de
1450 3815 1569 3882 hoc,
1604 3813 1749 3888 quod
1780 3813 1982 3872 Athan.
2010 3811 2189 3869 dicit
2175 3828 2232 3868 in
2260 3811 2429 3887 epist.
2462 3811 2531 3868 ad

525 3897 893 3968 Serapionem,
939 3901 1084 3975 quod
1121 3901 1350 3961 Arianos
1387 3903 1481 3978 qui
1520 3917 1633 3963 non
1685 3902 1851 3962 semel
1906 3908 2141 3971 tantum,
2184 3901 2279 3960 sed
2326 3900 2538 3976 pluries
