2850 4517
519 368 637 429 458
995 388 1046 433 s.
1091 387 1324 431 monae
1366 382 1695 438 Aomumrs
1735 344 2055 431 opuscuna'

519 500 826 574 exemplum
852 501 1208 562 humilitatis.
1239 504 1372 560 Luc.
1409 519 1430 559 1
1477 520 1490 558 z
1542 502 1670 559 Ecce
1697 502 1915 558 aneilla.
1960 501 2029 557 Et
2065 506 2190 573 post
2222 517 2237 555 ε
2286 501 2542 572 Respexit

519 588 872 648 humilitatem
901 591 1109 648 ancilloe
1131 608 1262 648 suoe.
1304 592 1609 658 castitatis,
1650 591 1901 663 quoniam
1928 588 2107 646 virum
2133 605 2243 646 non
2270 606 2543 662 cognosco,

519 684 577 734 et
617 680 860 736 omnium
901 681 1186 750 virtutum,
1235 687 1294 737 ut
1335 681 1473 738 satis
1512 688 1685 754 patet.
1725 680 1817 737 Sic
1858 695 1988 751 ergo
2026 678 2189 752 plena
2228 672 2316 735 est
2360 680 2545 749 gratia

521 767 687 824 Beata
730 768 894 841 Virgo
936 778 993 826 et
1021 779 1288 845 quantum
1329 770 1399 828 ad
1446 769 1573 826 boni
1620 762 2013 843 onerationem,
2054 775 2111 824 et
2152 774 2423 842 quantum
2472 767 2545 823 ad

523 853 653 911 mali
680 856 1022 915 vitationem.
1061 857 1328 925 Secunde,
1372 857 1532 930 plena
1569 857 1672 913 suit
1700 858 1881 929 gratia
1919 862 2189 930 quantum
2230 854 2301 912 ad
2332 855 2561 915 redun·.

526 942 770 999 dantium
811 945 1008 1001 animae
1055 943 1124 1002 ad
1169 961 1409 1012 caruem,
1455 945 1544 1003 vel
1589 960 1808 1018 corpus.
1859 944 2001 1001 Nam
2050 959 2309 1016 magnum
2352 950 2440 1000 est
2486 944 2549 998 in

525 1032 731 1087 sanctis
759 1031 957 1089 habere
996 1039 1208 1113 tantum
1246 1034 1314 1090 de
1353 1034 1552 1106 gratia,
1583 1032 1731 1107 quod
1761 1032 2069 1089 sanctificet
2100 1019 2340 1089 animam
2386 1048 2399 1086 ε
2446 1032 2550 1086 sed

527 1120 708 1176 anima
737 1119 914 1178 beatae
950 1121 1190 1195 Virginis
1227 1122 1304 1179 ita
1332 1122 1435 1179 luit
1468 1122 1647 1195 plena,
1679 1121 1828 1195 quod
1864 1138 1931 1177 ex
1969 1137 2035 1179 ea
2062 1121 2267 1177 refudit
2302 1121 2549 1193 gratiam

528 1208 583 1263 in
611 1224 852 1277 carnem,
889 1219 949 1266 ut
979 1210 1046 1265 de
1067 1212 1184 1284 ipsa
1207 1211 1521 1284 conciperet
1548 1209 1719 1267 lilium
1761 1210 1864 1267 Dei
1904 1228 1917 1265 :
1968 1217 2024 1265 et
2062 1210 2185 1266 ideo
2220 1209 2356 1265 dicit
2385 1209 2549 1280 Hugo

530 1296 598 1351 de
633 1298 690 1353 S.
722 1298 940 1354 Victore
971 1315 985 1354 ε
1020 1320 1045 1351 α
1074 1297 1214 1368 Quia
1243 1300 1299 1356 in
1335 1300 1502 1357 corde
1530 1301 1650 1372 ejus
1679 1315 1832 1356 amor
1864 1299 2100 1371 Spiritus
2132 1292 2317 1355 Sancti
2347 1298 2551 1368 singu-

531 1382 720 1444 [ariter
745 1385 991 1450 ardebat,
1034 1385 1158 1441 ideo
1187 1386 1243 1441 in
1281 1376 1446 1443 carne
1482 1388 1601 1460 ejus
1640 1386 1911 1443 mirabilia
1949 1384 2207 1452 faciebat,
2239 1386 2292 1439 in
2326 1390 2551 1439 tantum

532 1472 677 1543 quod
697 1472 773 1543 ⁴de
800 1488 866 1529 ea
891 1482 1206 1530 nasceretur
1236 1475 1381 1530 Deus
1420 1482 1479 1530 et
1501 1475 1685 1532 homo.
1717 1495 1743 1528 n
1779 1476 1941 1532 Lucae
1976 1491 1995 1530 ι
2026 1492 2039 1528 :
2074 1474 2223 1540 Quod
2246 1474 2384 1528 enim
2413 1490 2550 1527 nas-

532 1564 685 1615 cetur
721 1576 788 1615 eae
837 1568 886 1617 te
921 1568 1182 1628 sanetum,
1222 1562 1499 1620 vocabitur
1537 1564 1685 1641 filius
1733 1563 1853 1620 Dei.
1902 1561 2109 1629 Tertio,
2154 1569 2428 1635 quantum
2477 1562 2549 1615 ad

533 1649 861 1723 refusionem
907 1651 961 1706 in
1007 1667 1196 1708 omnes
1245 1652 1513 1712 homines·
1575 1651 1831 1725 Magnum
1878 1652 2023 1707 enim
2069 1657 2153 1706 est
2196 1651 2250 1705 in
2296 1648 2549 1724 quolibet

534 1746 742 1805 sancto,
783 1739 1002 1812 quando
1030 1740 1194 1796 habet
1225 1747 1437 1797 tantum
1469 1742 1539 1797 de
1562 1741 1760 1813 gratia,
1795 1741 1940 1813 quod
1970 1738 2171 1797 sufficit
2210 1738 2279 1795 ad
2309 1738 2551 1793 salutem

535 1826 830 1883 multorum
873 1844 889 1883 t
929 1828 1025 1885 sed
1055 1830 1274 1902 quando
1315 1828 1542 1887 haberet
1573 1835 1807 1899 tantum,
1841 1829 1985 1901 quod
2024 1826 2299 1885 sufficeret
2336 1826 2406 1882 ad
2452 1842 2552 1883 sa-

538 1914 705 1969 lutem
745 1917 986 1970 omnium
1026 1916 1302 1971 hominurn
1333 1916 1401 1972 de
1440 1917 1658 1983 mundo,
1692 1915 1797 1972 hoc
1826 1922 1970 1971 esset
2008 1916 2325 1983 maximum,
2354 1920 2413 1968 et
2444 1912 2552 1969 hoc

539 2009 625 2058 est
662 2003 716 2057 in
745 2002 976 2069 Christe,
1011 2010 1065 2059 et
1103 2004 1156 2060 in
1195 2004 1361 2062 Beata
1383 2004 1625 2077 Virgine.
1665 2005 1805 2060 Nam
1844 2003 1902 2060 in
1938 2005 2082 2059 omni
2119 2002 2357 2076 periculo
2388 2009 2552 2075 potes

537 2090 769 2147 salutem
799 2091 1044 2149 obtinere
1071 2091 1143 2148 ab
1179 2092 1295 2165 ipsa
1336 2092 1557 2165 Virgine
1593 2092 1849 2165 gloriosa.
1878 2092 2034 2150 Unde
2062 2092 2415 2149 canticorum
2444 2106 2503 2147 tv
2531 2109 2547 2146 ε

539 2180 686 2237 Mille
711 2179 892 2253 clypei,
919 2180 972 2237 id
1002 2189 1086 2237 est
1115 2182 1356 2239 remedia
1381 2190 1573 2239 contra
1596 2182 1857 2257 pericula,
1878 2183 2131 2254 pendent,
2158 2187 2265 2237 etc.
2292 2182 2453 2241 item,
2492 2180 2551 2235 in

537 2268 682 2324 omni
711 2285 874 2340 opere
898 2270 1119 2326 virtutis
1142 2278 1297 2343 potes
1335 2285 1457 2327 eam
1480 2271 1681 2330 habere
1705 2270 1762 2327 in
1790 2271 2143 2336 auditorium,
2175 2274 2232 2325 et
2258 2268 2385 2325 ideo
2410 2269 2551 2325 dicit

540 2357 675 2429 ipsa,
707 2348 1096 2414 Ecclesiastici³.
1137 2373 1282 2415 xxiv
1307 2377 1345 2433 Ιε
1382 2360 1447 2415 In
1482 2376 1563 2417 me
1590 2359 1763 2417 omnis
1788 2376 1902 2432 epea
1941 2360 2065 2419 vitae
2092 2366 2143 2417 et
2168 2358 2411 2414 virtutis.
2456 2358 2550 2414 Sic

538 2460 666 2515 ergo
705 2444 860 2515 plena
899 2452 983 2501 est
1016 2447 1214 2517 gratia,
1259 2454 1315 2502 et
1351 2449 1567 2505 excedit
1595 2450 1817 2521 angelos
1843 2448 1897 2505 in
1930 2446 2264 2521 plenitudine
2303 2446 2546 2518 gratiae:

539 2542 593 2589 et
634 2539 856 2606 propter
895 2532 999 2590 hoc
1025 2535 1410 2591 convenienter
1457 2545 1685 2594 vocatur
1719 2536 1906 2603 Maria,
1941 2552 2066 2610 quae
2102 2536 2543 2605 interpretatur:

537 2620 844 2679 illuminata
877 2623 931 2677 in
961 2639 1040 2679 se.
1077 2624 1234 2681 Unde
1248 2626 1368 2683 isa.
1400 2642 1540 2683 tvm
1568 2632 1605 2681 ζ’
1643 2625 1883 2699 Implebit
1910 2623 2278 2699 splendoribus
2303 2622 2549 2679 animam

539 2716 686 2765 taam
722 2726 741 2764 .·
771 2716 828 2765 et
861 2710 1218 2769 illuminatrix
1255 2714 1309 2769 in
1359 2712 1513 2779 alios,
1547 2720 1814 2787 quantum
1856 2715 1924 2770 ad
1956 2721 2132 2770 totum
2162 2712 2444 2776 mundum,
2489 2717 2549 2766 et

539 2798 660 2854 ideo
686 2799 1018 2856 assimilatur
1050 2801 1171 2869 soli,
1212 2808 1267 2857 et
1305 2800 1470 2859 lunae.
1500 2803 1767 2871 Secunde,
1800 2802 2019 2859 excellit
2046 2800 2269 2873 angelos
2296 2802 2351 2856 in
2379 2800 2551 2857 sami-

542 2886 781 2948 liaritate
812 2889 1106 2961 divina„et
1134 2890 1256 2948 ideo
1294 2892 1399 2948 hoc
1435 2892 1727 2963 designans
1768 2892 2011 2963 angelus,
2044 2890 2183 2946 dixit
2224 2906 2237 2943 :
2286 2888 2551 2944 Dominus

546 2986 733 3044 tecum,
763 2978 920 3052 quasi
953 2979 1106 3037 dicat
1151 2998 1165 3035 ε
1208 2981 1336 3038 Ideo
1371 2980 1600 3037 exhibeo
1638 2981 1738 3038 tibi
1770 2979 2153 3046 reverentiam,
2187 2978 2318 3051 quia
2363 2984 2424 3031 tu
2459 2976 2553 3031 fa-

545 3064 809 3122 miliarior
830 3082 890 3147 es
931 3067 1044 3122 Deo
1085 3084 1251 3141 quam
1280 3084 1400 3141 ege,
1450 3085 1575 3127 nam
1616 3068 1867 3125 dominus
1895 3073 1979 3124 est
2010 3077 2210 3124 tecum.
2260 3065 2543 3130 Dominus,

545 3152 741 3225 inquit,
779 3161 934 3227 pater
968 3148 1093 3211 c'um
1137 3156 1330 3213 eodem
1369 3156 1498 3225 filio,
1540 3155 1689 3229 quod
1726 3156 1904 3213 nullus
1942 3155 2186 3227 angeluS,
2220 3170 2322 3210 nec
2362 3153 2553 3225 aliqua
2588 3222 2602 3235 ·

540 3234 794 3299 creatura
822 3242 1032 3299 habuit.
1057 3243 1190 3301 Luc.
1223 3260 1244 3301 1
1270 3262 1285 3301 z
1323 3244 1473 3310 Quod
1496 3244 1635 3300 enim
1662 3252 1908 3301 nascetur
1930 3260 1995 3298 ex
2023 3251 2073 3300 te
2098 3248 2363 3307 sanctum,
2386 3258 2553 3297 voea-

541 3322 860 3401 b'iturfilius
899 3330 1020 3387 Dei.
1051 3333 1198 3388 Deus
1228 3333 1370 3389 filius
1399 3334 1453 3388 in
1481 3338 1655 3388 utero·
1696 3333 1803 3389 isa.
1832 3347 1921 3388 xn
1967 3350 1981 3387 ε
2023 3318 2253 3397 Exultat,
2280 3338 2332 3387 et
2360 3331 2553 3396 wuda,

539 3418 796 3475 habitatio
836 3418 983 3485 Sion,
1026 3422 1154 3493 quio
1192 3436 1414 3493 magnus
1454 3420 1515 3476 in
1554 3420 1721 3475 medio
1764 3419 1847 3475 tui
1886 3427 2099 3476 suiectus
2136 3418 2329 3475 Israel.
2374 3418 2557 3475 Aliter

539 3515 624 3564 est
669 3523 800 3579 ergo
847 3506 1112 3565 Dominus
1151 3524 1287 3565 cum.
1321 3508 1490 3566 Beata
1519 3509 1758 3581 Virgine,
1792 3524 1956 3581 quam
1986 3523 2112 3563 cum
2154 3507 2377 3579 angelo;
2418 3507 2559 3579 quia

535 3590 665 3653 'oum
712 3612 798 3663 ea,
848 3605 910 3653 ut
937 3596 1117 3663 filius,
1169 3612 1295 3654 cum
1338 3598 1551 3669 angelo,
1601 3604 1661 3653 ut
1689 3597 1971 3654 Dominus.
2004 3596 2267 3652 Dominus
2310 3596 2559 3668 Spiritus

541 3686 792 3749 Sanctus,
824 3684 968 3763 sicut
991 3686 1046 3741 in
1075 3684 1296 3757 templo,
1329 3685 1473 3743 unde
1491 3685 1693 3742 dicitur
1727 3702 1742 3741 z
1781 3684 2065 3758 Templum
2090 3683 2328 3746 Domini,
2355 3698 2557 3741 sacra-

545 3775 685 3829 rium
729 3773 964 3845 Spiritus
1003 3774 1208 3841 Sancti,
1238 3774 1369 3847 quia
1395 3774 1645 3848 concepit
1689 3791 1757 3831 ex
1791 3774 1996 3846 Spiritu
2034 3774 2257 3848 Sancto.
2288 3773 2427 3828 Luc.
2476 3788 2499 3829 1
2538 3790 2553 3827 ε

534 3852 782 3931 'Spiritus
809 3863 1030 3918 Sanetus
1055 3862 1386 3934 superveniet
1424 3863 1485 3920 in
1524 3869 1577 3922 te
1611 3880 1632 3924 .·
1661 3864 1743 3920 sic
1766 3878 1895 3935 ergo
1929 3862 2249 3919 familiarior
2278 3876 2408 3917 cum
2438 3862 2558 3917 Deo

547 3954 633 4000 est
667 3948 836 4005 Beata
861 3948 1044 4018 Virgo,
1077 3966 1243 4021 quam
1284 3951 1508 4024 angelus
1540 3969 1553 4008 z
1598 3953 1727 4026 quia
1755 3967 1879 4008 cum
1910 3951 2028 4025 ipsa
2070 3950 2338 4006 Dominus
2365 3950 2555 4015 Pater,
