2850 4517
889 369 1044 425 1.³--·
1069 370 1475 427 communiuit
1524 378 1892 429 ‘ruomem
2318 362 2393 425 11

382 489 533 566 quod
575 496 660 551 est
701 490 758 551 iu
799 494 1064 566 potentia,
1096 495 1399 554 secuudum
1437 493 1543 555 hoc
1566 494 1733 556 habet
1757 494 2021 563 virtutem
2060 494 2396 567 receptivam
2506 541 2510 545 .

380 589 441 639 et
464 578 760 653 passivam,
787 583 1090 644 secundum
1129 600 1262 649 vero
1290 584 1437 659 quod
1466 584 1597 642 ac'tu
1623 590 1725 651 est,
1762 584 1929 643 habet
1954 584 2215 641 virtutem
2254 584 2398 641 acti-

379 684 532 728 vam.
562 668 718 739 Quod
744 669 911 743 igitur
949 680 1036 731 eet
1064 673 1122 730 in
1149 674 1392 747 potentia
1425 680 1660 739 tantum,
1688 673 1899 731 scilicet
1938 673 2165 738 materia
2194 671 2395 745 prima,

378 756 552 817 habet
573 758 838 820 virtutem
873 761 1144 819 infinitam
1173 762 1246 819 ad
1283 762 1675 837 recipiendum,
1719 762 1853 819 nihil
1878 762 1948 819 de
1975 760 2178 821 virtute
2216 762 2397 819 activa

381 846 724 923 participans
752 864 768 907 ε
811 855 867 907 et
891 866 1057 925 supra
1093 848 1271 925 ipsam
1299 860 1509 925 quanto
1550 851 1761 925 aliquid
1791 850 2073 926 termatius
2108 855 2213 918 est,
2244 856 2398 909 tanto

382 934 446 995 id
470 934 716 998 abundat
742 937 798 996 in
823 938 1026 997 virtute
1051 940 1270 1012 agendi.
1303 942 1532 1015 Propter
1551 940 1702 1014 quod
1737 937 1887 1012 ignis
1909 938 2053 1005 inter
2074 938 2257 1001 omnia
2280 939 2399 995 ele-

385 1032 573 1093 menta
598 1032 684 1083 est
719 1028 956 1088 maxime
984 1028 1220 1100 activus,
1249 1030 1397 1087 Deus
1427 1030 1595 1103 igitur
1622 1028 1715 1105 qui
1743 1034 1829 1086 est
1864 1037 2023 1085 actus
2048 1040 2237 1105 purus,
2267 1027 2399 1085 nihil

382 1112 808 1187 potentialitatis
833 1117 1156 1191 permistum
1183 1117 1408 1187 habens,
1448 1118 1509 1175 in
1535 1118 1810 1177 infinitum
1836 1115 2083 1175 abundat
2111 1118 2165 1173 in
2194 1117 2401 1175 virtute

383 1202 570 1261 activa
597 1219 760 1277 super
783 1204 914 1265 alia.
1910 1206 1921 1218 '

1013 1354 1019 1359 ’
1139 1350 1424 1420 CAPUT
1481 1351 1641 1420 XX.
1685 1356 1687 1359 ’

515 1481 695 1557 Quod
714 1481 1028 1562 infinitum
1053 1482 1123 1548 in
1143 1482 1269 1556 Deo
1290 1501 1412 1547 non
1433 1483 1729 1567 importat
1754 1454 2271 1563 imperfectionem.

459 1603 722 1674 Quamvis
771 1611 954 1663 autem
992 1605 1264 1664 infinitum
1307 1606 1464 1682 quod,
1520 1606 1577 1666 in
1622 1606 2023 1682 quantitatibus
2070 1605 2395 1673 invenimuS,

275 1728 278 1737 ·
382 1692 766 1767 imperfectum
809 1696 902 1763 sit,
953 1700 1137 1753 tamen
1181 1696 1328 1770 quod
1375 1696 1524 1754 Deus
1554 1696 1817 1755 infinitus
1862 1695 2085 1763 dicitur,
2129 1709 2400 1752 summam

305 1795 312 1801 ’
381 1782 777 1857 perfectionem
799 1784 852 1842 in
876 1784 994 1859 ipso
1015 1785 1374 1843 demonstrat.
1401 1786 1681 1845 Infinitum
1708 1786 1856 1845 enim
1878 1785 2026 1859 quod
2044 1784 2209 1841 estin
2234 1799 2400 1858 quan·

381 1870 662 1937 nitatibus,
715 1872 786 1931 ad
815 1873 1102 1933 materiam
1129 1874 1366 1947 pertinet
1395 1878 1559 1947 prout
1602 1874 1715 1931 fine'
1737 1875 2007 1947 privatur.
2054 1871 2400 1947 Imperfectio

379 1967 579 2019 autem
607 1960 811 2017 accidit
838 1961 919 2017 rei
943 1962 1242 2019 secundum
1269 1962 1416 2037 quod
1446 1964 1677 2027 materia
1714 1962 1819 2019 sub
1839 1960 2147 2035 privatione
2184 1961 2399 2021 inveni·-

381 2058 498 2117 tur,
530 2048 796 2122 perfectio
823 2054 1007 2107 autem
1037 2050 1214 2106 omnis
1239 2065 1309 2105 ex
1335 2050 1511 2107 forma
1538 2056 1642 2105 est.
1666 2039 1805 2107 C'um
1831 2050 2001 2121 igitur
2028 2051 2173 2118 Deua
2200 2066 2268 2107 ex
2298 2049 2404 2107 hoc

384 2138 638 2199 infinitus
669 2138 762 2205 eit,
811 2137 956 2211 quod
989 2145 1200 2195 tantum
1229 2136 1422 2206 forma,
1457 2138 1542 2195 vei
1570 2143 1727 2195 actus
1766 2143 1869 2205 est,
1902 2137 2107 2194 nuliam
2136 2138 2398 2205 materias,

337 2282 340 2285 ,
383 2226 475 2287 vel
500 2225 922 2301 potentialitatis
946 2226 1358 2301 permistionem
1377 2220 1609 2295 'habens,
1640 2234 1742 2285 e'ua
1772 2226 2013 2284 infinitas
2034 2226 2105 2285 ad
2130 2242 2399 2284 summam

385 2316 780 2390 perfectionem
805 2316 972 2390 ipsius
996 2316 1256 2390 partinet.
1287 2317 1404 2373 Hoc
1430 2317 1598 2374 etiam
1626 2333 1695 2374 ex
1713 2316 1886 2373 rebus
1914 2314 2040 2373 aiiie
2064 2316 2399 2374 considerari

387 2412 574 2480 potest
600 2422 616 2461 ε
645 2421 770 2463 nam
797 2404 926 2461 licet
949 2405 1005 2461 in
1033 2420 1144 2463 uno
1183 2412 1240 2463 et
1275 2406 1493 2473 eodem,
1534 2406 1681 2479 quod
1724 2406 1793 2463 de
1821 2404 2142 2479 imperfecto
2170 2404 2239 2461 ad
2268 2421 2401 2479 per-

385 2494 592 2555 fectum
629 2493 968 2569 perducitur,
1016 2493 1168 2567 prius
1207 2494 1281 2552 sit
1307 2494 1517 2569 aliquid
1556 2494 1937 2568 imperfectum
1984 2508 2152 2568 quam
2184 2493 2403 2567 perfec-

388 2595 528 2652 tum,
577 2585 721 2641 sicut
763 2583 917 2656 prius
943 2589 1026 2641 eet
1046 2600 1189 2658 -puer
1223 2600 1391 2657 quam
1440 2584 1547 2654 vir,
1580 2579 1776 2642 tamen
1803 2588 2018 2657 oportet
2048 2581 2195 2655 quod
2238 2571 2397 2639 omne

387 2672 769 2748 imperfectum
815 2688 848 2729 a
877 2672 1119 2746 perfecto
1147 2674 1330 2731 trabat
1375 2671 1661 2746 originem.
1709 2674 1831 2733 Non
1872 2671 2019 2730 enim
2044 2670 2221 2727 oritur
2266 2686 2402 2745 puer

389 2763 592 2823 nisiex
628 2762 766 2827 viro,
817 2777 920 2819 nec
939 2777 1128 2821 semen
1155 2762 1259 2818 nisi
1301 2778 1370 2819 ex
1411 2761 1655 2831 animali,
1704 2760 1791 2819 vel
1832 2760 2040 2835 pionte.
2069 2758 2208 2817 Illud
2233 2760 2401 2833 igitur

387 2851 538 2927 quod
561 2858 646 2911 est
667 2850 996 2909 naturaiiter
1021 2850 1276 2909 omnibus
1297 2850 1469 2923 prius,
1496 2849 1680 2905 omnia
1708 2864 1952 2919 movens,
1975 2854 2193 2925 oportet
2216 2848 2400 2905 omni-

293 2964 314 2980 ·
387 2941 493 3001 hus
515 2939 812 3015 perfectius
831 2944 974 2997 esse.
1047 2966 1056 2975 ·
1628 2931 1631 2935 ’

1123 3081 1407 3153 CAPUT
1466 3080 1660 3153 XXI.

597 3217 779 3295 Quod
801 3217 870 3282 in
889 3217 1019 3282 Deo
1045 3210 1134 3280 est
1161 3199 1833 3297 omnimodaqperseo'tio,
1868 3231 2001 3299 quae
2020 3218 2110 3279 m
2134 3212 2204 3279 in

1025 3304 1221 3381 rebus,
1274 3308 1346 3369 et.
1378 3305 1756 3369 eminentius.

457 3430 616 3491 Unde
639 3431 810 3487 etiam
833 3435 1062 3504 apparet
1101 3428 1248 3503 quod
1276 3444 1466 3486 omnes
1490 3428 1854 3502 perfectiones
1878 3426 1937 3485 in
1959 3427 2399 3503 quibuscumque

387 3522 554 3581 rebus
594 3520 867 3589 invent-as,
916 3534 1018 3585 nec
1061 3524 1146 3574 eet
1191 3518 1527 3591 originaliter
1551 3525 1608 3575 et
1653 3506 2160 3592 superabundanter
2186 3518 2244 3575 in
2286 3518 2400 3575 Deo

388 3626 532 3667 esse.
557 3610 699 3666 Nam
729 3624 888 3666 omno
911 3608 1058 3682 quod
1084 3612 1266 3668 movet
1291 3606 1498 3681 aliquid
1522 3604 1594 3665 ad
1621 3606 2031 3681 perfectionem,
2064 3606 2213 3680 prius
2236 3604 2401 3661 habet

389 3700 447 3757 in
475 3716 536 3757 se
565 3698 955 3775 perfectionem
985 3697 1054 3754 ad
1091 3712 1257 3771 quam
1288 3702 1487 3764 movet,
1515 3695 1661 3753 sicut
1695 3696 1957 3775 magister
1979 3697 2128 3771 prius
2154 3693 2320 3751 habet
2345 3694 2399 3751 in

389 3804 450 3845 se
473 3788 784 3845 doctrinam
812 3784 977 3862 quam
1002 3784 1126 3843 aliis
1152 3784 1341 3844 tradit.
1371 3786 1509 3844 Cum
1536 3786 1704 3859 igitur
1744 3786 1891 3844 Deus
1918 3786 1991 3844 sit
2018 3785 2254 3859 primum
2278 3798 2399 3857 mo-

389 3892 546 3946 vens,
573 3884 632 3937 et
655 3877 842 3937 omnin
892 3876 1002 3937 alia
1051 3878 1347 3937 immoveat
1389 3876 1447 3935 in
1472 3890 1602 3935 suae
1642 3876 2023 3951 perfaetiopeffi
2067 3887 2290 3930 necesse
2318 3880 2402 3931 est

391 3981 606 4031 ommes
641 3966 1008 4045 perfectiones
1029 3980 1212 4027 rerum
1247 3964 1305 4025 in
1327 3964 1449 4041 ipso
1488 3965 1841 4040 praeexistere
1871 3957 2399 4035 superabundanter.
