2850 4517
681 441 767 483 ιν.
796 458 877 468 -
904 443 979 482 ne
1023 443 1442 484 emmennone·
1487 445 1650 488 vive·
1703 446 2076 489 semu-unns
2304 431 2382 489 27

1098 641 1381 708 CAPUT
1454 641 1667 708 XVII.

524 783 703 858 Quod
738 788 942 847 status
966 785 1347 934 pontificallis
1374 790 1462 888 est
1483 785 1811 887 perfectior
1833 802 2012 864 quam
2035 791 2236 849 status

1160 929 1182 940 ..
1207 891 1271 936 re
1300 890 1545 952 zytoms.

437 1006 627 1060 Posset
675 1010 859 1061 autem
902 1005 1063 1061 alicui
1114 1005 1295 1062 minus
1331 1007 1731 1080 circumspecto
1772 1007 2152 1082 videri,·quod
2202 1017 2378 1067 status

367 1093 721 1164 perfectionis
767 1094 1045 1164 religionis
1093 1103 1238 1150 esset
1285 1095 1587 1162 sublimior,
1635 1111 1800 1169 quam
1829 1102 2006 1151 status
2049 1099 2379 1168 pontificalis

360 1181 714 1254 perfectionis
746 1200 758 1236 z
801 1183 944 1238 sicut
972 1184 1195 1238 dilectio
1224 1183 1343 1252 Dei,
1383 1184 1450 1239 ad
1491 1185 1648 1255 cujus
1677 1185 2065 1256 perfectionem
2096 1187 2378 1243 ordinatur

362 1270 643 1341 religionis
676 1277 871 1336 statue,
908 1273 1225 1343 praeeminet
1255 1271 1533 1330 dilectioni
1570 1272 1819 1343 proximi,
1862 1275 1928 1328 ad
1964 1276 2119 1346 cujus
2165 1277 2377 1347 persec-

363 1360 570 1416 tionem
612 1358 896 1414 ordinatur
958 1360 1288 1432 pontificalis
1341 1367 1565 1418 status:
1613 1367 1669 1415 et
1715 1362 1857 1416 sicut
1895 1363 2006 1419 vita
2055 1366 2254 1429 activa,
2289 1365 2377 1420 cui

360 1445 653 1502 Pontifices
698 1447 1021 1516 inserviunt,
1077 1451 1252 1504 minor
1300 1458 1381 1506 est
1437 1466 1604 1522 quam
1666 1451 1778 1505 vita
1829 1452 2254 1526 contemplativa
2307 1454 2376 1509 ad

361 1552 527 1606 quam
578 1536 855 1608 religionis
896 1544 1075 1592 status
1131 1538 1372 1595 ordinari
1419 1539 1656 1595 videtur.
1705 1538 1852 1593 Dicit
1896 1539 2041 1594 enim⁴
2085 1541 2377 1614 Dionysius

358 1640 442 1680 vi.
473 1641 595 1696 cap.
625 1625 803 1681 Eccle.
854 1627 1053 1701 hierar.
1095 1627 1241 1699 quod
1283 1627 1568 1700 religiosos
1609 1627 1699 1682 alii
1732 1627 1956 1700 quidem
1985 1629 2236 1697 famulos,
2281 1631 2375 1685 alii

360 1722 548 1769 autem
582 1713 731 1786 ipsos
758 1714 1055 1770 monachos
1084 1717 1447 1784 nominanteS,
1481 1733 1548 1788 ex
1571 1716 1669 1770 Dei
1702 1732 1836 1788 puro
1861 1718 2086 1773 servitio
2115 1727 2171 1774 et
2195 1719 2377 1775 samu-

358 1802 496 1869 latu‚
525 1810 579 1858 et
610 1802 926 1858 indivisibili
958 1811 1013 1859 et
1054 1804 1317 1876 singulari
1349 1805 1464 1860 vita
1497 1813 1756 1876 tanquam
1785 1805 2004 1862 uniente
2039 1805 2186 1878 ipsos
2228 1808 2376 1863 indi-

360 1891 899 1947 visibiliumsanctis
936 1893 1442 1960 convolutionibus,
1465 1893 1532 1948 id-
1562 1901 1664 1963 est,
1703 1893 2271 1966 contemplationibuS,
2305 1896 2372 1951 ad

354 1979 684 2035 deiformem
708 1979 993 2046 unitatem,
1028 1987 1083 2036 et
1108 1982 1398 2037 amabilem
1425 1984 1538 2038 Deo
1562 1983 1972 2056 perfectionem.
2000 1984 2182 2039 Potest
2207 1983 2373 2040 etiam

292 2085 297 2087 ·
356 2065 637 2138 aliquibus
668 2067 839 2138 videri
869 2069 1014 2140 quod
1058 2077 1238 2126 status
1279 2071 1614 2142 praelationis
1657 2088 1763 2126 non
1807 2071 1878 2126 sit
1910 2071 2200 2143 perfectus,
2245 2075 2374 2145 quia
2463 2098 2467 2102 ⁷

356 2157 584 2214 divitias
638 2155 717 2212 eis
766 2158 1049 2230 possidere
1097 2158 1243 2226 licet,
1306 2177 1428 2215 cum
1486 2169 1672 2216 tamen
1719 2151 1983 2215 Dominus
2023 2161 2188 2228 dicat,
2228 2163 2374 2218 Mat-

360 2245 489 2301 thaei
522 2261 629 2302 xnt
662 2263 675 2301 z
706 2245 765 2301 Si
812 2245 890 2301 vis
924 2246 1191 2318 perfectus
1216 2264 1339 2313 esse,
1368 2247 1522 2313 vade,
1554 2255 1602 2302 et
1630 2248 1789 2304 vende
1833 2248 2010 2303 omnia
2039 2263 2153 2318 quce
2197 2246 2370 2311 habes,

352 2341 411 2393 et
448 2333 517 2388 da
558 2333 902 2406 pauperibus.
949 2335 1052 2391 Sed
1099 2335 1201 2390 hoc
1247 2337 1458 2392 dictum
1488 2337 1706 2392 veritati
1758 2343 2046 2408 repugnat.
2077 2337 2374 2408 Dionysius

356 2423 503 2478 enim
532 2424 665 2478 dicit
695 2440 750 2478 v.
783 2441 833 2478 c.
878 2424 1085 2479 Eccles.
1121 2423 1323 2481 hierar.
1358 2426 1502 2497 quod
1535 2427 1667 2481 ordo
1710 2426 2102 2504 Episcoporum
2132 2433 2215 2481 est
2244 2441 2373 2496 per-

356 2509 611 2566 fectivus..
652 2512 717 2565 Et
746 2511 802 2566 in
833 2529 891 2568 vl
929 2528 1051 2585 cap.
1084 2513 1221 2568 dicit
1258 2514 1509 2569 ordinem
1547 2514 1934 2569 monachorum
1965 2530 2086 2570 esse
2127 2513 2372 2569 ordinem

357 2599 742 2668 perfectorum.
769 2600 1115 2656 Manifestum
1145 2610 1228 2656 est
1250 2608 1434 2657 autem
1462 2605 1722 2673 majorem
1754 2602 2140 2676 perfectionem
2169 2603 2370 2675 requiri

354 2689 425 2744 ad
453 2687 555 2742 hoc
577 2689 723 2762 quod
754 2689 1365 2766 aliquisperfectionem
1395 2691 1518 2746 aliis
1549 2693 1773 2758 tribuat,
1806 2708 1971 2765 quam
1997 2692 2065 2747 ad
2097 2693 2198 2747 hoc
2223 2693 2371 2765 quod

354 2777 559 2848 aliquis
587 2778 643 2832 in
686 2778 867 2850 seipso
898 2779 1173 2850 perfectus
1216 2780 1289 2835 sit
1316 2797 1329 2834 :
1363 2780 1718 2856 sicuttmajus
1749 2789 1833 2836 est
1863 2796 2018 2852 posse
2048 2780 2227 2836 facere
2266 2781 2388 2838 ali-·

351 2881 521 2937 quem
568 2865 755 2936 talem,
795 2882 961 2939 quam
1000 2881 1120 2921 esse
1165 2867 1350 2934 talem,
1393 2877 1450 2923 et
1497 2870 1673 2924 omnis
1713 2884 1877 2924 causa
1925 2870 2104 2940 potior
2147 2875 2229 2923 est
2270 2885 2370 2925 suo

351 2955 573 3009 effectu.
600 2955 949 3027 Relinquitur
978 2972 1105 3026 ergo
1130 2943 1739 3028 Episcopalem'statum
1771 2957 1992 3028 majoris
2022 2956 2371 3029 perfectionis

351 3059 475 3098 esse
505 3059 669 3116 quam
700 3045 771 3099 sit
796 3049 974 3100 status
1004 3045 1397 3118 cujuscumque
1430 3046 1722 3118 religionis.
1751 3046 1903 3102 Idem
1931 3055 2116 3102 autem
2143 3054 2370 3120 apparet

350 3133 399 3185 si
428 3133 553 3203 quis
577 3131 887 3208 consideret
908 3149 990 3200 ea,
1021 3133 1091 3188 ad
1121 3149 1243 3207 quae
1273 3135 1494 3208 utrique
1517 3136 1848 3206 obligantur.
1877 3135 2198 3207 obligantur
2223 3137 2369 3191 enim

352 3217 593 3290 religiosi
643 3221 708 3276 ad
763 3220 865 3276 hoc
912 3222 1058 3294 quod
1108 3223 1429 3296 temporalia
1473 3224 1746 3290 deserant,
1803 3225 1945 3296 quod
1991 3225 2370 3281 castimoniam

350 3315 593 3377 servent,
626 3317 681 3364 et
710 3309 856 3382 quod
885 3310 987 3366 sub
1015 3310 1327 3368 obedientia
1356 3299 1565 3378 vivant,
1601 3312 1800 3387 quihus
1827 3313 1994 3369 multo
2025 3321 2107 3369 est
2133 3315 2370 3386 amplius

351 3404 408 3452 et
438 3397 713 3453 difficilius
742 3414 841 3470 pro
864 3397 1039 3455 salute
1068 3398 1299 3455 aliorum
1328 3402 1502 3458 vitam
1525 3418 1745 3475 ponere,
1780 3401 1845 3456 ad
1878 3402 2044 3472 quod,
2073 3407 2134 3455 ut
2159 3402 2368 3457 dictum

350 3497 457 3552 est,
506 3487 755 3558 Episcopi
811 3486 1143 3560 obligantur.
1175 3491 1331 3546 Unde
1372 3491 1722 3546 manifestum
1771 3498 1854 3546 ost
1901 3490 2368 3561 graviorem-esse

349 3575 730 3647 Episcopalem
770 3575 1158 3647 obligationem
1206 3578 1540 3650 obligatione
1570 3579 1867 3649 religionis.
1918 3576 2164 3649 Amplius
2199 3579 2252 3632 in
2285 3578 2368 3633 his

351 3663 487 3734 ipsis
526 3663 595 3718 ad
628 3680 754 3737 quae
782 3664 1020 3736 religiosi
1050 3666 1379 3739 obligantur,
1418 3669 1669 3740 Episcopi
1703 3665 2106 3739 quodammodo
2138 3665 2365 3736 obligari

348 3750 629 3807 videntur.
671 3753 950 3809 Tenentur
980 3755 1125 3810 enim
1161 3755 1415 3827 Episcopi
1446 3756 1585 3811 bona
1627 3754 1948 3827 temporalia
1977 3769 2102 3825 quae
2140 3753 2361 3820 hahent,

351 3841 408 3894 in
457 3842 787 3897 necessitate
831 3843 948 3898 suis
988 3843 1222 3898 subditis
1268 3842 1542 3907 exhibere,
1575 3859 1713 3917 quos
1757 3859 1981 3916 pascere
2029 3842 2230 3898 debent
2258 3859 2364 3898 non

350 3928 529 3985 solum
583 3930 747 3987 verbo
799 3940 854 3988 et
901 3933 1169 4005 exemplo,
1218 3933 1313 3987 sed
1361 3931 1530 3986 etiam
1580 3933 1864 4004 temporali
1911 3931 2175 3987 subsidi0.
2211 3932 2364 3989 Unde

351 4019 721 4088 Petr0‚,.loan.
768 4019 979 4089 ultimo,
1017 4031 1098 4076 ter
1140 4021 1351 4076 dictum
1402 4029 1486 4076 est
1517 4035 1548 4076 a
1595 4021 1850 4082 Domino,
1896 4026 1956 4075 ut
1993 4021 2110 4092 ejus
2139 4036 2361 4092 gregem
