2850 4517
835 326 879 369 1.
911 331 991 356 2-
1019 321 1418 372 ooupanmum
1472 329 1833 374 maiomam
2256 318 2335 377 79

334 438 548 511 generis
593 439 964 510 determinati,
1000 441 1204 500 honum
1251 451 1436 502 autem
1483 451 1539 500 et
1589 445 1790 502 malum
1833 447 2159 504 communia.
2191 449 2337 512 Nam.

333 543 492 584 omne
519 543 636 596 ens,
664 527 719 584 in
747 536 1016 603 quantum
1044 533 1376 606 hujusmodi,
1408 534 1611 592 bonum
1638 541 1721 590 est
1754 552 1767 589 :
1800 534 1973 591 omnis
2000 546 2184 593 autem
2214 538 2332 610 pri-

334 617 481 673 vatio
504 617 560 672 in
578 624 842 690 quantum
869 619 1015 689 taliS,
1040 629 1124 678 est
1144 622 1304 680 mala.
1332 623 1488 680 Unde
1511 625 1656 680 sicut
1677 623 1983 696 subjectum
2012 626 2333 698 privationis

333 712 547 778 oportet
575 722 694 764 esse
721 724 838 776 ens,
865 710 943 764 ita
980 717 1036 766 et
1063 711 1284 775 bonum,
1312 727 1418 768 non
1448 719 1636 769 autem
1659 712 1970 785 subjectum
2010 715 2331 786 privationis

334 800 550 866 oportet
573 811 693 852 esse
721 797 924 866 album,
953 809 1048 857 aut
1073 799 1251 867 dulce,
1279 812 1374 859 aut
1399 803 1611 867 videns,
1645 805 1777 875 quia
1804 805 1922 862 haec
1947 820 2051 860 non
2075 804 2331 860 dicuntur

331 883 400 938 de
426 891 552 939 ente
593 885 650 940 in
681 895 948 959 quantum
983 890 1312 970 hujusmodi,
1344 899 1400 948 et
1425 892 1552 948 ideo
1582 892 1797 965 nigrum
1826 909 1933 950 non
1973 899 2057 948 est
2087 894 2139 947 in
2186 893 2328 958 albo,

331 987 430 1028 nec
458 974 682 1031 caecitas
710 977 764 1032 in
789 977 1026 1043 vidente,
1059 980 1155 1035 sed
1192 979 1398 1036 malum
1440 987 1525 1037 est
1552 982 1606 1036 in
1637 981 1800 1048 bono,
1834 983 1977 1039 sicut
2016 989 2073 1038 et
2111 983 2333 1038 caecitas

331 1067 414 1116 est
436 1062 491 1116 in
505 1062 754 1134 subjecto
773 1066 1054 1134 visuS,.sed
1073 1068 1216 1139 quod
1244 1069 1551 1141 subjectum
1576 1069 1727 1127 visus
1748 1086 1852 1127 non
1876 1071 2092 1128 dicatur
2116 1069 2327 1138 videnS,

331 1148 433 1206 hoc
455 1156 543 1207 est
565 1151 697 1225 quia
718 1153 912 1211 videns
939 1170 1044 1212 non
1074 1163 1158 1213 est
1184 1172 1471 1216 commune
1500 1161 1633 1216 enti.

1726 1313 1763 1322 Α

1033 1328 1316 1398 CAPUT
1373 1293 1617 1399 cxlx,

940 1472 1034 1534 De
1056 1471 1291 1553 duplici
1307 1491 1517 1554 ,qenere
1540 1474 1711 1538 mali.

399 1597 540 1668 Quia
568 1600 736 1673 igitur
759 1603 961 1659 malum
987 1615 1070 1662 est
1097 1607 1336 1679 privatio
1361 1616 1415 1664 et
1444 1605 1708 1676 defectae,
1740 1607 1989 1664 defectus
2030 1611 2235 1674 autem,
2268 1611 2329 1664 ut

327 1697 394 1744 ex
421 1689 586 1746 dictis
609 1699 777 1764 patet,
797 1689 978 1766 potest
1001 1695 1317 1768 contingere
1333 1697 1387 1752 in
1409 1713 1468 1753 re
1492 1697 1677 1771 aliqua
1698 1711 1804 1753 non
1829 1697 2003 1753 solum
2024 1697 2325 1753 secundum

326 1778 476 1849 quod
509 1779 564 1833 in
589 1787 786 1836 natura
821 1797 920 1838 sua
959 1784 1356 1849 consideratur,
1388 1785 1485 1840 sed
1515 1786 1684 1842 etiam
1712 1785 2010 1841 secundum
2040 1785 2185 1858 quod
2228 1801 2324 1856 per

325 1867 606 1923 actionem
628 1868 911 1924 ordinatur
953 1871 1019 1927 ad
1059 1872 1240 1938 finem,
1268 1888 1608 1945 consequens
1643 1879 1729 1928 est
1752 1880 1813 1927 ut
1850 1874 2054 1929 malum
2092 1873 2337 1949 utroque,

322 1955 492 2011 modo
509 1955 744 2024 dicatur,
765 1957 974 2014 scilicet
997 1959 1294 2014 secundum
1309 1957 1652 2015 defectumin
1676 1960 1795 2030 ipsa
1822 1977 1900 2026 re,
1915 1969 2075 2032 prout
2098 1963 2319 2016 caecitas

321 2055 406 2102 est
436 2044 719 2117 quoddam
760 2046 965 2102 malum
994 2046 1264 2114 animaliS,
1295 2054 1352 2102 et
1379 2048 1678 2104 secundum
1706 2047 1977 2103 defectum
2009 2048 2063 2103 in
2090 2049 2326 2116 actione,

323 2141 484 2206 prout
509 2133 842 2190 claudicatio
871 2136 1144 2208 significat
1171 2137 1443 2192 actionem
1482 2133 1607 2192 cum
1653 2133 1890 2192 defectu.
1922 2136 2123 2192 Malum
2166 2137 2332 2208 igitur

324 2224 560 2281 actionis
584 2224 650 2279 ad
683 2224 920 2297 aliquem
949 2225 1110 2280 finem
1137 2225 1401 2282 ordinatae
1431 2225 1499 2281 ad
1526 2241 1689 2299 quem
1714 2240 1819 2280 non
1862 2225 2047 2282 debito
2082 2226 2242 2282 modo
2270 2243 2329 2284 se

325 2311 508 2378 habet,
541 2313 824 2384 peccatum
855 2311 1056 2368 dicitur
1085 2318 1197 2370 tam
1225 2313 1280 2370 in
1307 2313 1652 2378 voluntariis,
1684 2330 1849 2387 quam
1879 2315 1931 2370 in
1960 2314 2323 2372 naturalibus.

325 2402 521 2456 Peccat
553 2402 699 2456 enim
736 2400 981 2458 medicus
1015 2402 1068 2458 in
1107 2403 1320 2459 actione
1348 2419 1467 2471 sua,
1500 2403 1631 2459 dum
1672 2419 1779 2460 non
1828 2411 2085 2477 operatur
2122 2420 2326 2461 conve-

324 2491 538 2545 nienter
566 2489 636 2546 ad
664 2490 957 2546 sanitatem
989 2508 1001 2545 :
1031 2497 1088 2547 et
1108 2499 1303 2550 natura
1326 2493 1494 2550 etiam
1522 2501 1715 2564 peccat
1747 2493 1804 2547 in
1845 2508 1941 2550 sua
1986 2494 2323 2567 operatione,

324 2578 454 2633 dum
497 2577 567 2634 ad
604 2578 852 2636 debitam
888 2580 1297 2653 dispositionem
1333 2588 1389 2637 et
1430 2579 1661 2639 formam
1704 2598 1819 2639 rem
1855 2579 2178 2654 'generatam
2221 2596 2325 2636 non

323 2667 596 2740 producit,
629 2669 770 2725 sicut
794 2684 918 2725 cum
942 2670 1202 2726 accidunt
1227 2678 1472 2728 monstra
1498 2671 1556 2726 in
1584 2677 1804 2728 natura.

1046 2838 1327 2906 CAPUT
1391 2838 1603 2904 CXX.

587 2981 681 3048 Do
703 2982 940 3063 triplici
965 2997 1172 3062 ymera
1193 2979 1473 3055 actioni&
1505 2984 1563 3043 ot
1586 2977 1654 3040 de
1675 2975 1831 3040 malo
1856 2977 2063 3058 σπῖρα.

393 3114 462 3174 Ει
491 3107 772 3173 sciendum
802 3116 946 3190 quod
980 3115 1274 3189 aliquando
1311 3122 1394 3192 est
1432 3113 1575 3171 actio
1612 3113 1665 3168 in
1707 3117 1982 3185 potestate
2012 3111 2240 3184 agentis,
2266 3121 2327 3168 ut

325 3213 450 3261 sunt
483 3221 673 3262 omnes
708 3203 1036 3263 voluntariae
1080 3203 1344 3261 actiones.
1393 3201 1771 3260 voluntariam
1820 3209 2002 3258 autem
2054 3200 2327 3258 actionem

326 3293 467 3363 dico,
499 3297 658 3367 cujus
677 3296 1028 3368 principium
1065 3303 1149 3351 εει
1176 3294 1232 3350 in
1263 3299 1489 3365 agentes
1524 3292 1733 3349 sciente
1760 3307 1845 3358 ea,
1876 3291 1931 3345 in
1955 3289 2151 3362 quibus
2180 3291 2325 3347 actio

325 3384 598 3440 consistit.
642 3384 950 3458 Aliquando
991 3399 1123 3441 vero
1161 3384 1404 3440 actiones
1440 3397 1547 3438 non
1590 3387 1716 3438 sunt
1760 3380 2101 3447 voluntariae,
2134 3379 2325 3454 hujus—-

325 3473 473 3530 modi
509 3479 638 3530 sunt
679 3474 922 3530 actiones
959 3472 1236 3539 violentae,
1286 3487 1519 3544 quarum
1554 3472 1881 3546 principium
1922 3478 2008 3527 est
2050 3479 2224 3540 extra,
2260 3477 2326 3524 ut

326 3564 569 3620 actiones
605 3563 903 3629 naturales,
935 3563 1022 3619 vel
1063 3578 1187 3636 quae
1234 3578 1328 3634 per
1366 3563 1728 3634 ignorantiam
1762 3557 2015 3632 aguntur,
2044 3561 2171 3632 quia
2218 3575 2324 3613 non

328 3653 629 3725 procedunt
667 3669 698 3709 a
745 3651 1010 3726 principio
1055 3652 1447 3723 cognoscitivo.
1484 3655 1539 3710 Si
1584 3653 1750 3724 igitur
1783 3653 1839 3708 in
1871 3649 2179 3706 actionibus
2216 3643 2323 3704 non

327 3742 650 3800 voluntariis
676 3742 942 3800 ordinatis
961 3743 1039 3798 'ad
1066 3742 1228 3798 finem
1252 3741 1499 3799 delectus
1535 3741 1769 3807 accidat,
1796 3741 2081 3815 peccatuin
2109 3743 2321 3793 tantum

326 3832 547 3888 dicitur.
596 3833 654 3888 Si
701 3840 884 3888 autem
929 3833 985 3887 in
1027 3830 1368 3895 voluntariis,
1407 3830 1607 3886 dicitur
1634 3845 1742 3887 non
1792 3830 1965 3887 solum
2012 3835 2317 3903 peccatum,

329 3919 422 3976 sed
449 3919 630 3993 cutpa,
663 3933 728 3978 eo
756 3919 902 3993 quod
933 3934 1100 3993 agens
1135 3919 1505 3978 voluntarium
1534 3929 1659 3978 cum
1694 3919 1769 3977 sit
1794 3917 2184 3986 dominus¹suae
2225 3931 2323 3980 ac-
