2850 4517
536 321 656 381 256
1014 333 1065 408 ει.
1110 329 1345 376 ‘mount
1384 311 1714 378 sommus
1755 326 2068 372 ornscnns

534 451 689 510 Multi
717 451 863 509 enim
890 449 949 506 in
983 461 1149 522 opere
1176 461 1287 504 non
1314 451 1566 519 peceant,
1595 443 1690 500 sed
1723 450 1903 500 tamen
1942 442 2137 502 volunt
2178 445 2300 519 ipsa
2323 457 2558 520 peecata

536 542 782 613 cogitare
821 538 1155 611 frequenter,
1186 542 1379 591 contra
1431 547 1573 607 quos
1609 533 1811 589 dieitur
1853 533 1960 596 isa.
1993 547 2015 589 1
2049 551 2062 589 z
2092 534 2326 607 Auferte
2351 538 2556 595 ”talum

539 627 921 702 coqitationum
954 631 1279 682 vestrorum.
1304 624 1443 679 Sunt.
1487 623 1658 678 etiam
1696 620 1851 676 multi
1892 621 1988 693 qui
2032 623 2088 677 in
2133 638 2234 680 sua
2279 626 2556 698 sapientia

537 716 891 778 confidentes,
912 713 1101 770 nolunt
1126 712 1253 768 fidei
1284 711 1568 775 assentire,
1588 716 1643 764 et
1670 709 1808 765 tales
1833 725 1939 764 non
1966 710 2100 767 dant
2129 720 2370 769 mentem
2400 716 2552 786 Deo;
2663 761 2670 770 .

538 812 730 864 contra
751 803 852 860 hos
878 801 1084 858 dieitur
1110 798 1371 858 Proverb.
1402 813 1471 856 ιιι
1503 815 1517 854 :
1547 797 1634 856 Ne
1662 796 1926 855 innitaris
1955 799 2264 870 prudentiae
2291 809 2416 858 tuoe.
2445 805 2554 861 Sed

539 894 724 952 adhue·
738 891 887 949 istud
911 905 1020 947 non
1044 889 1264 957 sufficit,
1284 889 1454 944 immo
1473 893 1645 943 totam
1669 887 1932 944 virtutem
1957 895 2012 942 et
2033 888 2410 946 fortitudinem
2438 893 2557 948 Deo

538 983 674 1040 dare
713 985 951 1055 oportet.
1000 977 1145 1037 Psal.
1187 992 1330 1034 ινιιι
1357 993 1372 1033 z
1402 975 1810 1052 Fortitudinem
1835 992 2008 1036 meam
2043 976 2114 1032 ad
2149 983 2200 1033 te
2236 979 2554 1037 custodiam.

540 1071 725 1145 Aliqui
752 1071 900 1126 enim
922 1076 1051 1126 sunt
1076 1066 1169 1141 qui
1200 1066 1579 1123 fortitudinem
1603 1081 1761 1122 suam
1805 1064 2056 1121 tribuunt
2095 1068 2163 1122 ad
2191 1069 2554 1140 peccandum,

538 1169 598 1219 ot
649 1161 709 1217 in
758 1159 862 1215 hoc
910 1172 1069 1222 suam
1124 1156 1427 1229 potentiam
1500 1153 1871 1220 manifestant,
1913 1161 2105 1212 contra
2159 1172 2301 1229 quos
2346 1157 2558 1214 dicitur

540 1251 647 1306 Isa.
674 1251 709 1303 5
740 1263 755 1304 t
791 1246 885 1306 Vae
906 1245 999 1319 qui
1020 1252 1260 1318 potentes
1286 1244 1410 1301 estis
1428 1242 1500 1299 ad
1517 1242 1792 1313 bibendum
1817 1242 2006 1298 vinum
2033 1249 2142 1299 eto.
2168 1244 2353 1319 Aliqui
2379 1253 2559 1304 osten·

540 1338 675 1396 dunt
716 1336 1017 1409 potentiam
1061 1349 1238 1400 suam,
1279 1333 1364 1388 vel
1409 1333 1673 1388 virtutem
1721 1332 1774 1386 in
1820 1330 2068 1388 nocendo
2117 1333 2399 1405 proximiS,
2426 1351 2556 1393 cum

540 1425 804 1481 deberent
840 1439 963 1479 eam
1003 1421 1293 1478 ostendere
1339 1421 1393 1476 in
1440 1418 1814 1476 subveniendo
1865 1419 2019 1491 ipsis,
2064 1421 2322 1477 Proverb.
2351 1439 2504 1481 xxtv
2537 1443 2552 1480 ε

540 1514 693 1570 Erue
710 1527 794 1567 eos
812 1511 905 1584 qui
931 1509 1210 1568 ducuntur
1236 1508 1542 1565 admortem
1570 1514 1678 1564 etc.
1704 1508 1879 1580 Igitur
1907 1507 1977 1565 ad
2001 1507 2331 1580 diligendum
2369 1513 2560 1570 Deum

541 1601 723 1660 danda
764 1609 892 1657 sunt
925 1601 1032 1657 ista
1070 1600 1204 1665 Deo,
1234 1598 1444 1655 scilicet
1481 1597 1732 1664 intentio,
1761 1597 2029 1665 voluntas,
2053 1613 2220 1669 meus,
2250 1597 2556 1657 fortitudo.

1150 1804 1245 1900 Do
1288 1801 1606 1865 dilectione
1645 1800 1933 1880 proximi.

612 1959 987 2029 Interrogatus
1009 1955 1259 2013 Christus
1280 1954 1429 2026 quod
1458 1958 1603 2010 esset
1629 1947 1929 2011 maximum
1972 1951 2313 2019 mandatum,
2343 1953 2437 2008 nni
2462 1953 2555 2010 in-

544 2044 1073 2118 terrogationi,duas
1106 2042 1490 2117 responsiones
1517 2038 1690 2097 dedit.
1717 2041 1787 2096 Et
1827 2041 2002 2113 prima
2041 2039 2146 2097 fuit
2173 2058 2186 2096 :
2214 2041 2416 2113 Diliqes
2437 2042 2560 2098 Do-

545 2135 752 2194 minum
782 2133 951 2192 Deum
998 2144 1172 2198 tuum,
1198 2133 1265 2188 de
1298 2146 1407 2204 quo
1451 2131 1660 2188 dictum
1698 2136 1802 2187 est.
1841 2130 2091 2186 Secunda
2130 2146 2262 2186 vero
2303 2131 2408 2194 tuit
2436 2148 2449 2185 ε
2482 2132 2553 2188 Et

540 2223 852 2297 proximum
879 2230 1033 2279 tuum
1058 2221 1195 2276 sicut
1221 2225 1270 2275 te
1294 2219 1486 2291 ipsum.
1512 2218 1614 2275 Ubi
1645 2218 2102 2275 considerandum
2139 2227 2243 2288 est,
2267 2219 2416 2292 quod
2459 2222 2556 2292 qui

543 2311 648 2368 hoo
670 2317 871 2376 servat,
898 2316 1072 2366 totam
1098 2309 1275 2380 legem
1300 2309 1511 2381 implet.
1536 2313 1726 2381 Apost.
1752 2309 2049 2365 Romanor.
2086 2323 2200 2366 xm
2231 2325 2244 2366 :
2269 2309 2556 2366 Plenitudo

543 2398 672 2470 legis
706 2406 783 2455 est
830 2397 1057 2454 dilectio.
1106 2396 1213 2453 Sed
1260 2395 1545 2453 sciendum
1594 2397 1742 2470 quod
1797 2398 1865 2454 ad
1912 2397 2262 2455 dilectionem
2317 2400 2553 2470 proximi

544 2491 781 2559 quatuor
822 2498 922 2539 nos
967 2483 1252 2540 inducunt.
1298 2483 1498 2550 Primo,
1525 2485 1745 2542 divinus
1786 2501 1958 2553 amor,
1985 2487 2117 2558 quia
2159 2473 2303 2542 siout
2347 2487 2556 2543 dicitur

544 2574 569 2630 1
595 2573 751 2629 Joan.
784 2587 841 2629 tv
868 2589 882 2627 t
910 2571 969 2628 Si
991 2573 1109 2644 quis
1127 2571 1618 2645 dixerit,quoniam
1647 2573 1810 2647 diligo
1843 2575 2029 2640 Deum,
2059 2580 2110 2630 et
2136 2573 2373 2647 fratrem
2400 2591 2558 2631 suum

546 2660 741 2727 oderit,
770 2661 997 2717 mendax
1019 2670 1113 2719 est.
1141 2661 1245 2739 Qui
1275 2662 1422 2717 enim
1465 2663 1602 2719 dicit
1643 2678 1702 2719 se
1749 2662 1976 2734 diligere
2012 2664 2272 2737 aliquem,
2299 2671 2354 2719 et
2383 2664 2558 2720 filium

506 2812 509 2815 ,
546 2753 685 2823 ojus,
712 2751 796 2806 vel
823 2752 943 2822 ejus
982 2749 1222 2806 membra
1248 2750 1375 2806 odio
1402 2749 1586 2817 habet,
1610 2752 1893 2806 mentitur.
1921 2752 2124 2809 Omnes
2153 2760 2338 2810 autem
2367 2753 2561 2810 fideles

546 2841 665 2910 filii,
693 2847 749 2896 et
794 2839 1038 2896 membra
1081 2839 1280 2916 Christi
1324 2855 1533 2897 sumus,
1576 2844 1766 2912 Apost.
1807 2841 1831 2894 1
1860 2839 2102 2896 Corinth.
2135 2856 2223 2899 xu
2254 2858 2268 2896 :
2303 2841 2410 2898 Vos
2435 2843 2560 2899 estis

544 2945 735 3002 corpus
762 2929 996 2994 Christi,
1015 2936 1066 2986 et
1088 2929 1324 3008 membro
1345 2929 1409 2986 de
1436 2927 1686 3002 membro.
1718 2927 1787 2983 Et
1812 2927 1934 2984 ideo
1959 2930 2052 3001 qui
2082 2928 2198 2985 odit.
2221 2931 2555 3003 proximum,

546 3033 653 3074 non
692 3017 872 3088 diligit
914 3019 1109 3073 Deum.
1141 3018 1451 3074 Secundum
1487 3026 1573 3073 est
1619 3016 1866 3071 divinum
1909 3025 2262 3090 praeceptum.
2305 3018 2562 3076 Christus

545 3107 689 3163 enim
729 3106 785 3160 in
819 3120 1037 3161 recessu
1070 3121 1169 3162 suo
1198 3107 1340 3162 inter
1385 3105 1570 3161 omnia
1599 3103 1706 3160 alia
1755 3115 2047 3177 praecepta,
2080 3105 2181 3162 hoc
2218 3116 2560 3180 praeceptum

546 3191 828 3264 discipulis
857 3195 1133 3266 praecipue
1158 3192 1564 3251 commendavit
1598 3191 1805 3258 dicens,
1833 3192 1989 3248 loan.
2019 3207 2098 3248 xv
2131 3210 2144 3246 z
2176 3191 2288 3247 Hos
2309 3200 2387 3250 est
2413 3212 2562 3266 μνω-

546 3287 749 3354 ceptum
776 3296 970 3348 meum,
995 3289 1061 3340 ut
1090 3280 1327 3353 diligatis
1351 3280 1575 3336 invicem
1601 3290 1708 3337 eto.
1735 3279 1930 3337 Nullus
1967 3281 2112 3337 enim
2152 3289 2435 3354 praeeepta
2471 3284 2558 3339 di-

547 3368 674 3424 vina
698 3375 902 3436 servat,
931 3367 1027 3442 qui
1072 3369 1377 3442 proximum
1413 3367 1531 3424 odit
1562 3384 1576 3422 z
1611 3366 1756 3424 unde
1791 3367 1940 3423 istud
1986 3376 2070 3424 est
2106 3368 2324 3440 signum
2361 3369 2564 3425 obser-

547 3457 753 3514 vantiae
777 3457 983 3514 divinae
1011 3457 1165 3528 legiS,
1190 3457 1416 3513 dilectio
1446 3456 1699 3530 proximi,
1735 3455 1876 3511 unde
1905 3437 2171 3512 D⁸ominus
2207 3456 2366 3512 Joan.
2397 3473 2560 3517 xm:

546 3545 609 3601 in
644 3546 737 3601 hoo
762 3552 1066 3617 coquoscent
1089 3561 1262 3600 omnes
1280 3545 1409 3618 quia
1432 3544 1680 3618 discipuli
1699 3543 1803 3599 mei
1830 3544 1975 3609 estis,
2001 3544 2050 3599 εἰ
2081 3543 2418 3607 dilectionem
2454 3545 2562 3601 ha-

545 3632 771 3690 bueritis
803 3632 1143 3688 adinvicem.
1171 3632 1291 3688 Non
1321 3633 1457 3689 dicit.
1489 3633 1544 3688 in
1565 3633 1924 3689 suscitatione
1964 3640 2325 3700 mortuorum,
2354 3649 2466 3689 non
2505 3635 2562 3690 in

546 3720 732 3794 aliquo
760 3720 1002 3776 evidenti
1031 3721 1207 3792 signo,
1230 3718 1327 3776 sed
1353 3719 1460 3776 hoo
1486 3730 1572 3777 est
1599 3722 1837 3792 signum,
1863 3720 1912 3775 si
1934 3720 2265 3778 dilectionem
2299 3719 2554 3778 habueri-

546 3809 618 3866 tis
640 3809 713 3865 ad
738 3808 984 3866 invicem.
1013 3809 1082 3866 Et
1109 3807 1439 3888 hoe-boatus
1474 3809 1712 3864 Ioannes
1757 3815 1910 3864 recte
1949 3805 2335 3865 considerabat
2363 3826 2376 3862 ε
2413 3809 2566 3864 undo

548 3895 787 3966 dicebat,
816 3899 840 3954 1
861 3898 1017 3955 Joan.
1047 3913 1114 3956 ιιι
1142 3914 1154 3952 :
1180 3896 1292 3957 Nos
1313 3897 1508 3953 scimus
1534 3896 1786 3968 quoniam
1812 3895 2069 3954 translati
2090 3911 2272 3952 sumus
2294 3895 2358 3950 de
2385 3904 2566 3954 morte
