2850 4517
806 356 811 361 ·
836 354 1216 399 nncLARA'no
1258 354 1496 438 com-{u
1539 352 1830 401 cameos*
2191 344 2312 407 223

299 473 505 530 cedens
531 470 603 529 ab
638 466 813 529 altero
839 470 1254 530 similitudinem
1280 473 1480 531 habeat
1512 476 1631 547 eJus
1653 486 1686 533 a
1713 490 1822 549 qno
1851 476 2120 551 procedit,
2151 482 2209 535 et
2239 479 2315 536 sit

299 561 547 634 ejusdem
568 569 781 618 naturae
799 576 924 618 cum
950 576 1035 619 eo.
1062 561 1201 632 Quia
1219 578 1349 619 vero
1374 564 1430 619 in
1450 563 1566 619 Deo
1580 578 1685 621 non
1711 573 1794 621 est
1818 563 1965 623 aliud
1984 565 2307 639 intelligere,

299 667 468 721 quam
510 666 670 706 suum
706 666 850 720 esse,
880 657 1275 724 consequenter
1302 667 1480 726 neque
1515 652 1742 709 verbum
1769 654 1914 727 quod
1945 656 2001 711 in
2029 655 2309 714 intellectu

298 743 421 813 ejus
448 739 773 812 concipitur,
812 745 899 795 est
924 738 1147 812 aliquod
1170 741 1446 811 accidens,
1478 751 1574 797 aut
1598 742 1806 817 aliquid
1834 742 2072 799 alienum
2099 744 2170 801 ab
2193 746 2312 817 eJus

298 838 519 895 natura,
546 828 641 884 sed
666 841 733 885 ex
768 828 875 885 hoc
906 828 1194 901 ipsoquod
1226 829 1454 886 verbum
1482 828 1584 897 est,
1617 830 1782 887 habet
1815 832 2084 889 rationem
2115 832 2312 907 proce·-

300 918 485 975 dentis
507 917 578 973 ab
600 917 793 985 altero,
816 923 877 973 et·
896 925 958 973 ut
979 916 1281 974 similitudo
1306 920 1423 991 ejus
1444 920 1601 991 cujus
1627 925 1713 975 est
1739 919 1966 976 verbum
1997 936 2011 977 z
2038 921 2143 978 hoc
2165 921 2310 978 enim

296 1009 361 1065 in
390 1005 554 1063 verbo
584 1013 771 1063 nostro
810 1006 1101 1079 reperitur.
1142 1007 1248 1067 Sed
1276 1002 1422 1063 istud
1449 1005 1685 1064 Verbum
1722 1007 1820 1064 Dei
1864 1004 2036 1066 habet
2057 1010 2304 1081 ulterius,

297 1098 448 1173 quod
480 1097 709 1154 nonsit
754 1096 976 1169 aliquod
1018 1095 1291 1164 accidens,
1334 1111 1514 1171 neque
1553 1097 1739 1171 aliqua
1773 1114 1905 1170 pars
1941 1101 2062 1167 Dei,
2095 1102 2189 1175 qui
2226 1108 2310 1158 est

298 1187 552 1261 simplex,
600 1202 778 1260 neque
820 1186 1027 1259 aliquid
1067 1185 1305 1243 alienum
1332 1202 1385 1243 ·a
1429 1186 1614 1244 divina
1649 1195 1865 1252 natura,
1898 1188 1994 1245 sed
2033 1190 2310 1263 quoddam

299 1276 634 1350 completum
661 1274 965 1332 subsistens
993 1274 1051 1331 in
1077 1284 1275 1333 natura
1300 1274 1490 1332 diviua
1514 1276 1722 1333 habens
1747 1277 2016 1335 rationem
2043 1279 2114 1335 ab
2137 1277 2309 1335 altero

298 1366 647 1439 procedentis
674 1382 693 1421 z
724 1365 842 1420 sine
869 1365 974 1421 hoc
1009 1366 1155 1421 enim
1178 1365 1407 1422 verbum
1436 1366 1665 1438 intelligi
1693 1380 1799 1422 non
1828 1360 2030 1441 potest.
2059 1368 2176 1425 Hoc
2204 1383 2310 1425 au-

298 1462 416 1512 tem
436 1453 733 1511 secundum
752 1453 1005 1511 humanae
1025 1453 1315 1510 locutionis
1336 1455 1788 1512 consuetudinem
1806 1455 2117 1513 nominatur
2143 1456 2304 1525 filine,

300 1543 448 1617 quod
478 1544 723 1616 procedit
765 1542 837 1599 ab
864 1542 971 1599 alio
1017 1542 1073 1598 in
1101 1543 1516 1601 similitudinem
1556 1545 1676 1617 eius
1702 1538 2003 1602 subsistens
2031 1545 2085 1601 in
2115 1538 2306 1603 eadem

294 1640 500 1688 natura
537 1646 660 1687 cum
708 1631 847 1705 ipso.
887 1631 1197 1688 Secundum
1233 1633 1398 1703 igitur
1424 1633 1572 1706 quod
1614 1624 1797 1690 divina
1848 1633 2028 1693 verbis
2057 1633 2310 1691 humanis

298 1719 571 1776 nominari
615 1724 859 1793 possunt,
891 1720 1117 1777 verbum
1153 1721 1464 1777 intellectus
1488 1720 1659 1778 divini
1687 1722 1885 1778 Filium
1925 1723 2025 1779 Dei
2054 1724 2309 1779 nomina-

294 1824 427 1865 mus
470 1825 485 1865 ε
517 1810 691 1864 Deum
716 1824 864 1877 vero,
903 1809 1061 1881 cujus
1102 1817 1189 1867 est
1216 1809 1475 1877 Verbum,
1509 1811 1868 1868 nominamus
1891 1818 2133 1884 patrem,
2175 1828 2306 1885 pro·

297 1912 521 1953 cessum
556 1896 719 1953 Verbi
747 1897 979 1954 dicimus
1007 1914 1128 1977 esse
1158 1900 1565 1974 generationem
1592 1898 1688 1954 filii
1727 1899 2162 1968 immaterialem,
2197 1916 2300 1957 nou

298 1991 492 2043 autem
518 1984 812 2052 carnalem,
856 1986 998 2043 sicut
1034 1986 1284 2043 carnales
1318 1986 1566 2043 homines
1603 1988 1970 2061 suspicantur.
1999 1988 2096 2044 Est
2121 1996 2308 2045 autem

299 2074 471 2141 aliud,
514 2073 568 2129 in
598 2087 707 2147 quo
743 2075 955 2132 excedit
979 2076 1406 2149 praedicta-Filii
1449 2077 1858 2149 Dei-generatio
1896 2093 2113 2134 omnem
2137 2093 2310 2149 gene-

298 2162 571 2219 rationem
610 2162 905 2221 humanam
932 2164 1047 2221 sive
1092 2164 1453 2234 materialem,
1486 2167 1785 2223 secundum
1827 2166 1996 2241 'quam
2037 2164 2200 2223 homo
2240 2183 2307 2223 ex

298 2250 523 2307 homine
568 2252 810 2308 nascitur
849 2248 1011 2309 :sive
1056 2252 1472 2326 intelligibilem,
1524 2254 1824 2312 secundum
1868 2270 2035 2330 quam
2080 2254 2304 2313 verbum

300 2340 574 2413 accipitur
602 2340 653 2395 in
678 2348 862 2397 mente
890 2341 1145 2398 humana.
1178 2344 1236 2398 In
1268 2348 1500 2417 utraque
1525 2345 1672 2401 enim
1698 2338 1830 2400 illud
1861 2344 2004 2418 quod
2031 2360 2129 2418 per
2155 2358 2309 2415 gene·

298 2430 573 2487 rationem
599 2430 865 2504 procedit,
898 2430 1172 2487 invenitur
1212 2434 1484 2505 posterius
1513 2440 1757 2509 tempore
1784 2444 1886 2503 eo,'
1914 2430 2087 2509 a'quo
2113 2444 2309 2507 proce-

299 2520 407 2576 dit.
436 2520 597 2577 Pater
615 2521 759 2576 enim
790 2535 896 2576 non
926 2525 1151 2591 generat
1176 2522 1365 2578 statim
1389 2538 1423 2579 a
1450 2523 1720 2597 principio
1743 2524 1828 2579 sui
1857 2538 1997 2591 esse,
2023 2522 2120 2580 sed
2144 2537 2309 2595 opor-

298 2615 386 2665 tet
433 2609 579 2682 quod
608 2609 696 2665 ‘de
740 2608 1058 2681 imperfecto
1110 2610 1181 2667 ad
1234 2617 1439 2667 statum
1487 2612 1791 2685 perfectum
1840 2606 2046 2679 veniat,
2099 2613 2155 2667 in
2197 2625 2308 2684 quo

296 2713 567 2771 generare
598 2699 793 2771 possit.
828 2700 951 2755 'Nec
979 2698 1179 2755 iterum
1223 2701 1413 2756 statim
1453 2706 1516 2754 ut
1557 2700 1892 2771 generationi
1921 2714 2146 2773 opernm
2186 2701 2303 2766 dat,

296 2785 453 2843 filius
488 2786 747 2855 nascitur,
776 2787 906 2861 quia
934 2788 1169 2845 carnalis
1196 2788 1477 2859 generatio
1502 2789 1556 2844 in
1583 2789 1820 2861 quadam
1846 2790 2146 2845 mutatione
2171 2802 2308 2845 con-

296 2876 455 2932 sistit
496 2882 555 2931 et
581 2869 922 2935 successione
965 2896 979 2935 z
1010 2877 1313 2935 secundum
1349 2875 1686 2931 intellectum
1716 2876 1882 2933 etiam
1912 2889 2016 2932 uon
2055 2877 2246 2932 statim
2275 2893 2308 2933 a

297 2962 572 3036 principio
608 2962 769 3019 homo
806 2970 891 3023 est
933 2971 1095 3038 aptus
1134 2962 1204 3020 ad
1236 2961 1602 3033 intelligibiles
1637 2968 1934 3035 conceptus
1972 2962 2304 3030 formandoS,

296 3051 400 3107 sed
428 3058 719 3125 postquam
743 3052 814 3109 ad
834 3060 1039 3110 statum
1064 3052 1415 3127 perfectionis
1439 3051 1608 3107 venit.
1630 3050 1784 3107 Unde
1806 3065 1914 3107 non
1937 3066 2154 3123 semper
2179 3057 2308 3106 actu

286 3140 576 3212 intelligit,
604 3130 704 3199 sed
744 3143 987 3216 potentia
1017 3148 1101 3199 est
1138 3141 1447 3213 intelligens
1485 3146 1717 3205 tantum,
1759 3146 1815 3195 et
1855 3146 1978 3212 post
2011 3138 2073 3194 fit
2103 3138 2310 3195 intelli-

297 3244 439 3300 gens
468 3243 611 3297 actu,
654 3239 709 3288 et
752 3231 951 3287 iterum
978 3231 1179 3287 desinit
1208 3238 1335 3288 actu
1377 3228 1701 3301 intelligere,
1733 3233 1791 3283 et
1818 3236 2063 3284 remanet
2099 3227 2308 3284 intelli-

298 3332 438 3389 gens
486 3318 541 3373 in
582 3319 844 3391 potentia,
888 3304 977 3376 {rel
1012 3319 1201 3376 habitu
1241 3324 1477 3375 tantum.
1519 3318 1610 3376 Sic
1651 3332 1782 3390 ergo
1819 3316 2046 3374 verbum
2091 3316 2308 3372 homine

296 3406 576 3479 posterius
618 3408 889 3465 invenitur
920 3418 1185 3482 tempore,
1218 3414 1274 3464 et
1300 3407 1490 3464 disinit
1535 3406 1828 3481 aliqnando
1865 3420 1984 3462 esse
2012 3400 2306 3477 antequam

297 3497 485 3552 homo.
509 3497 847 3571 Impossibile
865 3498 957 3556 est'
972 3505 1157 3555 autem
1178 3491 1286 3553 ist'a
1305 3497 1414 3553 duo
1443 3497 1558 3552 Deo
1579 3494 1889 3562 convenire,
1915 3494 1970 3550 in
1998 3510 2108 3566 quo
2133 3506 2309 3566 neque

297 3585 663 3659 imperfectio,
708 3603 887 3661 neque
926 3588 1157 3643 mutatio
1198 3586 1375 3643 locum
1403 3586 1589 3654 habet,
1633 3576 1818 3659 neque
1838 3584 2006 3640 etiam
2033 3583 2212 3639 exitus
2239 3583 2338 3639 de.

296 3675 548 3754 potentia
572 3682 642 3732 ad
670 3683 877 3745 actum,
909 3690 1035 3733 cum
1063 3678 1135 3732 sit
1164 3682 1319 3733 actus
1359 3691 1528 3748 purus
1555 3680 1612 3731 et
1651 3664 1879 3748 primus,
1915 3671 2150 3730 Verbum
2177 3685 2307 3743 ergo

267 3765 401 3821 ·Dei
432 3772 765 3822 coaeternum
794 3772 879 3822 est
906 3766 1009 3839 ipsi
1038 3766 1173 3821 Deo.
1204 3764 1299 3821 Est
1341 3771 1526 3821 autem
1567 3770 1624 3820 et
1655 3764 1830 3832 aliud,
1860 3762 1918 3819 in
1944 3776 2052 3834 quo
2081 3760 2306 3818 verbum

291 3858 550 3911 nostrum
576 3853 760 3910 differt
782 3870 816 3911 a
844 3854 1052 3913 divino.
1084 3853 1397 3910 Intellectus
1417 3853 1563 3909 enim
1599 3858 1787 3909 noster
1812 3865 1917 3907 non
1941 3840 2102 3907 simul
2141 3850 2307 3906 intet-

270 3942 421 4018 *tigit
450 3944 654 4012 omnia,
704 3958 901 4023 neque·
922 3930 1084 4001 unico
1114 3949 1261 4012 actu,
1298 3943 1396 3999 sed
1423 3941 1682 4016 Jpluribus
1721 3948 1776 3998 et
1801 3942 2058 4008 diversiS,
2099 3930 2307 4001 et-i‘oeo
