2850 4517
482 379 603 440 332
960 393 1012 438 s.
1056 391 1291 438 ‘mom
1332 390 1662 442 sommus
1702 391 2018 436 opuscuns

484 523 613 570 num
642 507 967 584 praecepisse
988 513 1258 582 quantum
1282 505 1352 564 ad
1376 505 1610 580 primam
1640 505 1975 574 missionem,
2002 524 2116 582 qua
2138 508 2503 570 mittebantur

482 600 730 674 Apostoli
757 598 826 656 ad
860 595 1273 672 praedicandum
1299 595 1522 665 ludaeis,
1556 595 1702 668 apud
1729 611 1872 669 quos
1897 605 2226 656 consuetum
2262 607 2402 668 erat,
2443 609 2504 657 ut

484 691 737 748 doctores
760 688 1009 744 viverent
1036 686 1105 742 de
1133 684 1423 760 stipendiis
1451 677 1642 741 eorum
1672 700 1812 760 quos
1836 684 2132 750 docebant.
2157 688 2346 744 Voluit
2387 691 2502 746 Do-

484 778 684 846 minuS,
710 777 853 834 sicut
881 775 1016 833 dicit
1055 773 1339 850 Chrysost.
1376 773 1554 848 primo
1577 772 1802 846 quidem
1825 773 2127 847 discipulos
2163 792 2262 848 per
2283 777 2390 836 hoc
2413 779 2502 834 sa-

482 883 609 924 cere
637 882 742 923 non
776 871 1081 939 suspectos,
1113 864 1273 938 quasi
1310 879 1478 921 causa
1516 871 1763 936 quaestus
1791 865 2182 938 praedicarent.
2223 867 2497 934 Secundo,

482 963 543 1014 ut
568 972 600 1015 a
628 955 993 1012 sollicitudine
1015 954 1397 1012 liberarentur.
1423 953 1631 1019 Tertio,
1658 963 1719 1010 ut
1743 953 1966 1010 virtutis
2002 955 2122 1028 ejus
2150 957 2501 1030 experimen-

485 1053 602 1104 tum
662 1050 959 1111 sumerent,
1008 1043 1104 1117 qui
1149 1043 1269 1098 sine
1313 1039 1626 1114 hujusmodi
1673 1047 1890 1114 poterat
1932 1040 2014 1099 eis
2065 1043 2122 1098 in
2171 1047 2500 1102 necessariis

484 1135 792 1208 providere,
834 1132 941 1192 Sed
968 1131 1314 1212 postmodum
1356 1130 1675 1188 imminente
1701 1130 1958 1204 passione
2001 1132 2224 1204 quando
2263 1136 2379 1207 jam
2427 1135 2498 1191 ad

484 1231 675 1298 gentes
711 1222 965 1282 mittendi
993 1226 1169 1292 erant,
1210 1221 1359 1278 aliud
1380 1221 1462 1276 eis
1490 1220 1772 1294 praecepit,
1817 1228 1878 1276 ut
1911 1219 2147 1279 habetur
2173 1223 2308 1282 Luc.
2340 1239 2495 1282 xxu.

484 1314 752 1386 Quaesivit
778 1312 925 1369 enim
954 1311 1025 1370 ab
1052 1313 1133 1367 eis
1164 1327 1179 1366 z
1224 1309 1448 1378 Quando
1478 1309 1602 1366 misi
1636 1325 1725 1366 vos
1767 1307 1882 1368 sine
1908 1310 2136 1376 sacculo,
2163 1318 2216 1370 et
2247 1327 2404 1386 pera,
2448 1319 2498 1368 et

484 1401 869 1467 calceamentis,
907 1398 1166 1472 numquid
1205 1398 1412 1474 aliquid
1457 1398 1632 1471 defuit
1655 1398 1834 1456 vobis?
1880 1399 1988 1466 Qui
2019 1417 2136 1456 cum
2172 1399 2435 1458 dixissem
2475 1418 2494 1460 .·

481 1491 658 1557 Nihil,
695 1489 975 1562 subjunxit
1001 1506 1015 1545 ε
1045 1489 1144 1546 Sed
1181 1504 1323 1546 nunc
1360 1488 1454 1561 qui
1481 1487 1631 1546 habet
1659 1489 1946 1556 saccutum,
1975 1489 2122 1546 tollat
2155 1487 2413 1548 similiter
2440 1499 2497 1548 et

476 1593 687 1648 peram,
724 1578 865 1636 unde
892 1578 964 1636 ob
990 1577 1096 1636 hoc
1134 1592 1245 1636 non
1286 1583 1542 1634 tenentur
1581 1577 1835 1650 Episcopi
1858 1575 2236 1652 Apostolorum
2257 1592 2491 1634 succes-

484 1682 657 1740 sores,
682 1673 743 1726 ut
760 1667 895 1725 nihil
920 1668 1255 1744 possideant,
1280 1681 1383 1726 nec
1406 1666 1614 1742 aliquid
1645 1681 1832 1726 secum
1859 1667 1918 1726 iu
1941 1665 2032 1724 via
2052 1665 2322 1724 deferant.

1206 1837 1492 1910 CAPUT
1569 1838 1760 1908 XIX.

494 1982 675 2060 Quod
696 1986 900 2047 status
926 1981 1304 2062 episcopalis,
1324 1979 1604 2064 quamvis
1637 1981 1726 2044 sit
1735 1979 2070 2062 perfectior
2085 1997 2270 2062 quam
2293 1983 2496 2044 status

867 2072 1207 2152 reliyionis,
1239 2087 1359 2134 non
1397 2076 1594 2136 tamen
1619 2074 1709 2134 est
1747 2069 2114 2133 ambiendus.

552 2203 658 2261 Sed
681 2219 808 2262 cum
832 2203 1127 2276 Apostolus
1168 2203 1337 2272 dicat,
1372 2203 1397 2258 1
1424 2205 1552 2264 Cor.
1580 2216 1688 2260 xm
1723 2200 2124 2260 :AEmulcmini
2165 2201 2498 2260 chammuto

478 2292 727 2359 mlioro,
736 2293 785 2350 si
808 2290 1137 2364 pontificalis
1158 2296 1338 2348 status
1358 2298 1447 2349 est
1473 2289 1769 2366 perfectior
1794 2305 1963 2366 quam
1981 2298 2164 2348 status
2190 2291 2493 2364 religionis,

481 2380 661 2452 magis
691 2380 917 2436 deberet
953 2378 1059 2438 sibi
1105 2378 1305 2451 aliquis
1348 2387 1558 2438 statum
1597 2379 1935 2454 praelationis
1979 2394 2300 2454 procurare,
2325 2395 2494 2454 quam

484 2469 634 2543 quod
657 2468 729 2526 ad
756 2473 963 2526 statum
990 2467 1270 2540 religionis
1297 2468 1606 2526 accederet.
1629 2470 1736 2528 Sed
1772 2469 1822 2528 si
1870 2467 1994 2542 quis
2031 2467 2324 2540 diligenter
2353 2483 2497 2528 con-

486 2556 715 2626 sideret,
760 2556 985 2616 evidens
1024 2557 1169 2615 ratio
1218 2557 1516 2625 invenitur,
1560 2573 1732 2631 quare
1775 2556 2055 2630 religionis
2091 2563 2273 2616 status
2317 2559 2494 2616 meri-

487 2645 628 2703 torie
662 2645 958 2719 appetitur,
982 2651 1165 2704 status
1186 2653 1374 2704 eutem
1401 2645 1734 2720 pontificalis
1760 2661 1867 2704 non
1916 2645 2124 2718 absque
2153 2646 2288 2704 vitio
2311 2645 2494 2704 ambi-

485 2733 651 2792 tionis
675 2734 1041 2794 desideratur.
1070 2735 1176 2806 Qui
1204 2735 1351 2794 enim
1378 2741 1588 2794 statum
1611 2734 1892 2808 religionis
1926 2734 2180 2804 assumit,
2209 2749 2273 2792 se
2301 2743 2358 2792 et
2391 2750 2490 2792 sua

483 2823 761 2896 abnegans
797 2822 921 2882 aliis
945 2839 1005 2881 se
1032 2824 1255 2898 subjicit
1296 2830 1520 2898 propter
1557 2823 1876 2882 Christum:
1903 2825 2000 2898 qui
2028 2839 2158 2882 vero
2186 2823 2258 2883 ad
2283 2830 2492 2882 statum

483 2913 853 2987 pontificalem
880 2921 1251 2986 promovetur,
1278 2913 1576 2987 quemdam
1621 2911 1978 2970 sublimitatis
2017 2909 2282 2970 honorem
2314 2910 2372 2970 in
2407 2911 2492 2969 his

482 3017 609 3076 quae
642 3007 773 3058 sunt
803 3000 1023 3070 Christi,
1064 3002 1444 3076 consequitur,
1473 3017 1639 3076 quem
1681 3009 1940 3076 appetere
1991 3009 2492 3074 praesumptuosum

480 3090 719 3157 videtur,
751 3105 878 3146 cum
906 3090 1079 3162 maj0r
1111 3089 1283 3147 honor
1310 3098 1367 3146 et
1389 3096 1638 3164 potestas
1664 3104 1774 3148 non
1807 3089 1910 3146 nisi
1935 3089 2253 3148 melioribus
2282 3091 2493 3148 debea-

483 3181 599 3234 tur.
638 3175 797 3232 Unde
840 3179 983 3248 Aug.
1023 3191 1150 3244 xxx,
1198 3177 1267 3234 de
1310 3177 1550 3234 Civitate
1587 3175 1711 3246 Dei,
1736 3175 1962 3234 dicitu
1990 3176 2276 3250 Exponere
2316 3177 2494 3236 voluit

481 3261 795 3337 Apostolus,
823 3264 955 3336 quid
983 3264 1057 3322 sit
1092 3264 1474 3340 Episcopatus,
1501 3265 1634 3339 quia
1665 3279 1864 3322 nomen
1901 3270 1985 3322 est
2021 3265 2220 3338 operis,
2253 3280 2366 3322 non
2387 3265 2494 3322 ho-

482 3352 651 3410 noris.
678 3351 935 3410 Graecum
958 3358 1045 3408 est
1066 3351 1215 3410 enim
1241 3358 1409 3427 atque
1429 3351 1557 3410 inde
1582 3352 1810 3411 ductum
1830 3353 2180 3424 vocabulum,
2211 3354 2360 3428 quod
2397 3353 2492 3411 ille

481 3443 576 3516 qui
624 3441 941 3515 praeficitur,
981 3441 1401 3515 superintendit,
1442 3457 1633 3500 curam
1669 3441 1884 3500 scilicet
1923 3458 2116 3499 eorum
2156 3457 2368 3514 gerens,
2399 3443 2489 3516 epi

481 3531 685 3606 quippe
725 3545 909 3604 super,
940 3545 1115 3603 scopos
1148 3544 1282 3588 vero
1319 3529 1551 3588 intentio
1577 3537 1660 3588 est
1682 3549 1734 3588 n.
1758 3531 1900 3606 Ergo
1941 3530 2260 3605 Episcopeiu
2287 3546 2486 3603 graece,

481 3619 651 3676 latine
672 3617 1124 3692 superintendere
1148 3632 1442 3692 possumus
1466 3619 1669 3689 dicere,
1690 3625 1758 3677 ut
1781 3620 2054 3693 intelligat
2081 3635 2190 3678 non
2229 3635 2293 3680 se
2326 3620 2490 3694 Epis-

480 3722 680 3780 copum
707 3707 803 3780 qui
832 3721 1067 3780 praeesse
1092 3705 1365 3778 dilexerit,
1397 3722 1510 3766 non
1535 3708 1816 3784 prodesse.
1845 3709 2040 3782 ltaque
2067 3724 2102 3768 a
2143 3709 2328 3766 studio
2357 3723 2490 3781 cog-

481 3795 774 3854 noscendae
800 3795 1054 3855 veritatis
1094 3811 1257 3860 nemo
1282 3797 1626 3871 prohibetur,
1657 3799 1806 3873 quod
1829 3799 1901 3856 ad
1938 3797 2214 3856 laudabile
2251 3798 2490 3872 pertinet

483 3885 658 3939 otium
686 3898 705 3938 a
735 3883 889 3944 locus
910 3900 1042 3942 vero
1070 3885 1337 3960 superior,
1368 3887 1488 3944 sine
1514 3903 1624 3960 quo
1649 3887 1884 3962 populus
1917 3887 2036 3960 regi
2063 3901 2172 3944 non
2200 3892 2404 3959 potest,
2433 3891 2488 3942 et

485 3969 536 4025 si
568 3969 651 4026 ita
676 3974 929 4030 teneatur
960 3980 1128 4048 atque
1173 3973 1588 4036 administretur
1627 3982 1690 4038 ιιι
1733 3975 1916 4048 decet,
1944 3981 2131 4038 tamen
2171 3973 2484 4038 indecenter
