2850 4517
529 442 532 447 ·
558 408 663 485 18,
1037 401 1086 481 εἰ.
1131 432 1366 491 ⁶1·quAE
1407 432 1733 486 mutuans
1758 408 2084 482 croscum

557 550 835 623 objectum
874 548 1196 620 voluntatis,
1245 561 1429 609 movet
1464 551 1823 621 voluntatem,
1866 560 1923 609 et
1980 558 2067 608 est
2102 555 2258 609 actus
2300 548 2559 624 perfectio

557 640 712 715 ejus3
738 641 794 697 in
823 642 935 698 Deo
960 648 1143 699 autern
1174 656 1280 699 non
1309 642 1491 699 differt
1520 656 1747 701 movens
1764 650 1821 699 et
1844 648 2075 711 motum,
2104 646 2260 697 actus
2288 646 2344 696 et
2363 644 2561 713 poten-

559 729 656 795 tia,
688 728 952 803 perfectio
992 738 1060 811 ει,
1093 729 1449 804 perfectibile‚
1479 737 1541 787 ut
1572 747 1639 790 ex
1680 730 2052 805 superioribus
2108 734 2294 803 patet3
2344 735 2563 803 oportet

554 816 726 890 igitur
752 806 1089 876 voluntatem
1110 820 1354 877 divinam
1377 834 1500 878 esse
1536 820 1715 895 ipsum
1762 820 1965 878 bonurn
2008 817 2387 877 intellectum:
2415 818 2564 876 idem

555 915 741 964 aut-em
781 914 866 965 est
888 908 1201 966 intellectus
1227 908 1465 966 dIvinus'
1487 914 1545 966 et
1585 896 1845 967 essentia²
1869 908 2077 976 divina,
2104 908 2357 966 voluntas
2392 908 2563 979 igitur

551 995 654 1052 Dei
677 1005 911 1054 nonest
940 996 1090 1055 aliud
1112 1014 1279 1071 quam
1303 997 1614 1055 intellectus
1640 999 1861 1055 divinus
1883 1005 1941 1056 et
1964 998 2202 1055 essentia
2231 998 2369 1070 ejus.
2396 997 2554 1072 item,

551 1084 699 1141 inter
722 1083 860 1141 alias
883 1084 1246 1157 perfectiones
1273 1102 1458 1145 rerum
1486 1086 1761 1161 praecipue
1788 1094 1917 1144 sunt
1941 1086 2253 1144 intellectus
2280 1094 2336 1143 et
2362 1084 2563 1142 volun-

551 1178 662 1239 tae,
685 1174 844 1246 cujus
881 1174 1096 1247 signum
1137 1181 1240 1243 est,
1274 1176 1420 1250 quod
1452 1176 1803 1234 inveniuntur
1853 1176 1908 1235 in
1958 1175 2123 1233 rebus
2170 1174 2559 1239 nobilioribusz

553 1259 916 1333 perfectiones
954 1270 1140 1321 autem
1167 1264 1409 1321 omnium
1440 1280 1622 1322 rerum
1666 1270 1795 1322 sunt
1846 1265 1904 1323 in
1944 1264 2060 1322 Deo
2084 1279 2271 1330 unum,
2303 1262 2451 1337 quod
2477 1269 2563 1319 est

553 1350 675 1421 eius
700 1351 1051 1420 essentia‚·ut
1079 1367 1245 1427 supra
1266 1359 1548 1410 ostensum
1572 1360 1677 1421 est,
1709 1352 2021 1412 intellectus
2043 1353 2212 1426 igitur
2228 1356 2287 1409 et
2311 1350 2565 1411 voluutas

555 1438 612 1494 in
641 1438 756 1497 Deo
779 1448 906 1498 sunt
925 1440 1252 1517 ‹idemquod
1280 1444 1401 1517 ejus
1423 1443 1685 1501 essentia.

1038 1619 1043 1626 ’
1153 1608 1160 1613 ’
1232 1638 1517 1710 CAPUT
1564 1634 1881 1709 XXXIV.

899 1787 1080 1863 Quod
1103 1788 1388 1853 vacuatas
1413 1790 1535 1855 Dei
1560 1796 1647 1854 esc
1673 1792 1875 1871 ipsum
1902 1788 2033 1871 ejvs
2055 1787 2222 1856 velle.

625 1924 766 1989 Hinc
789 1932 958 1990 etiam
976 1938 1131 2006 patet
1151 1932 1300 2006 quod
1327 1932 1581 1991 voluntas
1607 1933 1792 1991 divina
1816 1942 1903 1992 est
1928 1934 2106 2008 ipsum
2138 1934 2275 1991 velle
2303 1933 2424 1991 Dei.
2451 1933 2561 1991 Os-

561 2031 774 2078 tensum
819 2028 904 2079 est
930 2022 1078 2078 enim
1115 2021 1263 2095 quod
1305 2021 1559 2080 voluntas
1602 2022 1658 2078 in
1686 2022 1801 2079 Deo
1840 2030 1927 2080 est
1974 2020 2119 2080 idem'
2165 2022 2308 2096 quod
2356 2021 2562 2077 bonum

554 2110 786 2173 ,volitum
807 2110 880 2169 ab
906 2110 1024 2183 ipso
1051 2128 1064 2167 :
1096 2110 1200 2167 hoc
1225 2117 1410 2168 autem
1436 2126 1561 2167 esse
1587 2127 1696 2168 non
1720 2119 1921 2185 posset,
1954 2110 2060 2167 nisi
2084 2109 2225 2187 velle
2242 2116 2387 2184 esset
2412 2108 2564 2166 idem

557 2200 704 2273 quod
735 2194 1006 2265 voluntaS,
1031 2214 1158 2255 cum
1184 2198 1324 2257 velle
1355 2200 1484 2255 insit
1523 2199 1788 2256 voluntati
1814 2216 1879 2255 ex
1901 2198 2069 2255 volito
2093 2215 2107 2266 ;
2133 2205 2217 2253 est
2243 2196 2411 2270 igitur
2457 2197 2563 2252 Dei

558 2286 813 2343 voluntas
839 2303 999 2343 suum
1023 2287 1181 2342 velle.
1200 2285 1359 2359 Item,
1382 2286 1762 2345 voluntas'Dei
1793 2287 1938 2343 idem
1964 2299 2050 2343 est
2078 2284 2221 2359 quod
2252 2286 2372 2357 ejus
2392 2284 2563 2341 intel-

559 2375 735 2432 lectus
760 2384 817 2433 et
839 2378 959 2448 ejus
981 2374 1218 2433 essentia
1246 2374 1589 2434 :intellectus
1616 2384 1801 2434 autem
1816 2376 1915 2431 Dei
1940 2376 2025 2432 est
2044 2391 2204 2431 suum
2230 2374 2557 2447 intelligere,

529 2470 616 2541 et
643 2463 881 2521 essentia
905 2473 989 2522 est
1033 2480 1190 2521 suum
1219 2480 1360 2531 esse,
1392 2481 1524 2539 ergo
1560 2471 1778 2539 oportet
1808 2464 1953 2539 quod
1988 2463 2242 2521 voluntas
2278 2463 2352 2520 sit
2398 2479 2559 2519 suum

559 2553 719 2609 velle.
750 2552 818 2609 Et
844 2552 926 2611 sic
957 2560 1110 2627 patet
1140 2554 1285 2629 quod
1311 2552 1565 2613 voluntas
1606 2552 1706 2610 Dei
1734 2551 2074 2627 simplicitati
2113 2568 2219 2610 non
2264 2560 2555 2626 repugnat.

1239 2698 1533 2823 'CAPUT
1578 2747 1865 2827 xxxv,

564 2898 742 2978 Quod
763 2899 962 2966 omnia
982 2900 1340 2984 supradicta
1364 2919 1484 2967 uno
1501 2900 1647 2983 fidei
1668 2898 1933 2969 amiculo
1960 2896 2554 2983 comprehenduntur.

608 3045 706 3102 Ex
729 3042 815 3102 hie
837 3051 1022 3103 autem
1047 3046 1297 3103 omnibus
1319 3063 1445 3120 qum
1472 3044 1738 3121 praedicta
1776 3052 1922 3109 sunt,
1950 3043 2208 3118 colligere
2242 3058 2552 3118 possumus.

539 3134 700 3207 ·quod
749 3134 895 3189 Deus
930 3140 1015 3189 est
1054 3129 1214 3203 imus,
1243 3134 1491 3209 simplex,
1520 3134 1811 3209 perfectus,
1854 3133 2117 3201 infinitus,
2151 3125 2462 3207 intelligens
2500 3138 2560 3189 et

531 3220 760 3277 ‘volens
788 3222 924 3292 Quae
940 3220 1175 3295 quidem·
1193 3224 1376 3296 omnia
1422 3225 1479 3281 in
1506 3222 1764 3298 symbolo
1792 3222 1916 3279 [idei
1953 3222 2103 3279 brevi
2143 3221 2375 3279 articulo
2400 3235 2560 3278 corn-

553 3306 1114 3381 comprehenduntur,·
1136 3327 1262 3371 cum
1313 3326 1412 3369 nos
1449 3311 1769 3385 profitemur
1808 3309 2031 3367 credere
2071 3310 2133 3367 in
2166 3310 2338 3368 Deum
2364 3326 2557 3380 unum,

553 3398 982 3470 otnvzipotentem.
1000 3401 1138 3459 Cum
1165 3402 1306 3459 enirn
1335 3400 1439 3458 hoc
1458 3415 1675 3466 nomen,
1700 3401 1871 3468 Deus,
1903 3416 1935 3455 a
1962 3400 2181 3457 nomine
2203 3402 2387 3471 graeco
2409 3400 2558 3473 quod

552 3486 754 3543 dicitur
797 3486 953 3545 theos
985 3489 1196 3547 dictum
1241 3487 1514 3558 videatur,
1540 3488 1686 3564 quod
1730 3488 1954 3563 quidem
1990 3505 2023 3545 a
2066 3491 2307 3541 στεᾶσθαι
2330 3489 2554 3556 dicitur,

552 3574 699 3647 quod
729 3580 815 3631 est
837 3576 1041 3645 vivere,
1068 3578 1153 3633 vel
1177 3576 1548 3644 considerare,
1576 3579 1633 3635 in
1661 3578 1791 3652 ipso'
1810 3578 1909 3635 Dei
1951 3578 2168 3635 nomine
2208 3577 2558 3653 putem-quod

505 3738 514 3750 .
554 3666 627 3723 sit
653 3662 979 3737 intelligam,
1007 3674 1061 3724 et
1080 3682 1178 3741 per
1199 3682 1540 3742 consequens
1568 3666 1774 3725 volens.
1800 3669 1861 3725 In
1899 3666 2003 3724 hoc
2030 3672 2215 3723 autem
2240 3665 2387 3739 quod
2416 3666 2560 3722 dici-

474 3788 480 3795 ·
556 3770 684 3811 mus.
703 3768 827 3813 eum
850 3770 1037 3821 unum,
1065 3752 1373 3814 excluditur
1399 3763 1458 3812 et
1490 3756 1717 3815 deorum
1761 3754 2069 3831 pluralitas,
2096 3763 2152 3811 ot
2195 3754 2373 3812 omnis
2400 3770 2559 3813 com-

558 3842 756 3910 positio
786 3860 800 3899 :
831 3856 939 3900 non
980 3843 1123 3899 enim
1157 3830 1240 3901 est
1279 3844 1605 3917 simpliciter
1639 3858 1829 3909 unum,
1856 3843 1963 3902 nlsi
1992 3844 2138 3917 quod
2183 3853 2267 3901 ost
2301 3842 2555 3915 simplex.

555 3927 658 3985 Per
684 3929 788 3988 hoc
809 3938 993 3989 autem
1030 3932 1178 4007 quod
1207 3932 1461 3998 dicimu·3‚
1495 3932 1943 4005 omnipotentem,
1970 3932 2279 3989 ostenditur
2305 3930 2451 4006 qiiod
2484 3932 2561 3992 sill

557 4015 787 4080 inlini'tae
809 4018 1050 4090 virtutis,
1077 4020 1167 4081 cui
1195 4018 1325 4081 nihil
1359 4018 1605 4079 subtrahi
1630 4018 1823 4097 possit,
1850 4019 1905 4079 in
1946 4034 2057 4096 quo
2087 4019 2383 4081 includitur
2408 4022 2557 4097 qued
