2850 4517
534 336 656 399 306
843 421 847 426 Ι
1012 355 1066 399 s.
1110 355 1342 400 'rnoMAE
1382 355 1710 406 Aoumxms
1750 356 2063 400 naussum
2135 405 2174 412 ..

536 469 954 542 acquiescimuS,
991 486 1117 528 cum
1145 473 1265 544 ejus
1288 471 1564 546 appetitus
1592 470 1909 544 frangimus,
1942 476 2000 527 et
2021 471 2143 543 ejus
2172 469 2551 544 voluptatibus

536 559 868 615 reluctamur
894 578 943 614 n.
975 560 1058 616 Ad
1084 559 1470 632 perfectionem
1501 575 1632 618 vero
1646 561 1902 633 pertinet,
1932 566 1993 616 ut
2021 558 2183 616 homo
2208 567 2434 633 propter
2459 560 2552 614 in·-

534 649 833 704 tentionem
862 649 1065 706 amoris
1099 649 1200 705 Dei
1228 635 1396 706 etiam
1430 665 1494 706 ea
1523 649 1765 721 abjiciat,
1798 649 1998 722 quibus
2038 648 2186 712 licite
2206 649 2297 706 'uti
2339 657 2547 722 posset,

536 743 595 792 ut
622 752 725 809 per.
748 735 853 792 hoc
880 736 1101 794 tiberius
1124 738 1240 794 Deo
1266 745 1448 795 vacet.
1474 737 1786 795 Secundum
1813 737 1958 794 hunc
1980 753 2112 810 ergo
2147 737 2373 794 modum
2410 753 2554 794 con-

534 839 771 901 sequens
798 836 884 887 est
916 837 977 887 ut
1005 837 1061 886 et
1088 830 1298 900 odium,
1326 839 1382 887 et
1412 830 1704 903 abnegatio
1731 829 1816 885 sui
1855 828 2028 901 ipsius
2053 828 2120 884 ad
2155 827 2553 900 perfectionem

536 920 845 991 pertineant
876 937 889 974 ε
921 921 1067 977 unde
1089 937 1158 978 ex
1194 921 1312 994 ipso
1344 921 1508 978 modo
1536 919 1792 992 loquendi
1821 924 2051 990 apparet
2087 917 2205 974 haec
2240 933 2273 973 a
2313 917 2553 973 Domino

535 1009 815 1080 proposita
834 1024 955 1065 esse
983 1009 1139 1082 quasi
1169 1009 1241 1066 ad
1264 1009 1654 1082 perfectionem
1684 1007 2008 1081 pertineant.
2046 1005 2201 1062 Sicut
2228 1006 2372 1062 enim
2411 1005 2554 1062 dicit

535 1098 688 1153 Matt.
722 1114 830 1154 xix
882 1115 895 1153 ε
926 1097 985 1153 Si
1013 1097 1094 1154 vis
1125 1098 1395 1171 perfectus
1421 1115 1548 1164 esse,
1573 1096 1704 1154 vade
1725 1103 1778 1152 et
1814 1095 1978 1152 vende
2022 1094 2202 1151 omnia
2225 1110 2342 1166 quoe
2369 1094 2550 1159 habes,

537 1193 586 1242 et
606 1169 681 1242 ἷία
699 1186 1047 1259 pauper-ibina,
1075 1203 1184 1242 non
1209 1185 1594 1254 necessitatem
1612 1186 1917 1259 imponenS,
1949 1183 2048 1240 sed
2078 1183 2348 1250 voluntati
2375 1181 2552 1238 relin-

537 1292 729 1348 quenS,
770 1277 845 1332 ita
884 1276 1019 1333 dicit
1053 1293 1065 1330 :
1096 1275 1156 1332 si
1187 1276 1307 1348 quis
1332 1277 1447 1333 vult
1466 1275 1650 1332 venire
1671 1281 1788 1348 post
1817 1291 1918 1340 me,
1947 1273 2163 1347 abneget
2189 1271 2550 1345 semetipsum,

538 1370 587 1418 et
620 1364 770 1420 tollat
819 1380 1023 1420 cvucem
1067 1380 1240 1430 suam,
1271 1369 1321 1420 et
1342 1370 1598 1437 sequatur
1630 1380 1711 1421 me
1736 1381 1755 1420 .·
1790 1363 1935 1437 quod
1980 1361 2262 1435 chrysost.
2292 1361 2548 1432 exponit,

538 1450 761 1508 dicens:
795 1473 823 1504 α
850 1453 969 1509 Non
990 1453 1301 1510 coactivum
1329 1452 1465 1510 facit
1487 1467 1814 1520 sermonem,
1843 1467 1948 1508 non
1979 1451 2120 1508 enim
2144 1449 2278 1506 dicit
2307 1467 2322 1502 ι
2349 1449 2408 1506 Si
2449 1464 2554 1506 vos

537 1539 823 1596 volueritis
843 1547 900 1596 et
921 1540 1223 1610 nolueritiS,
1242 1548 1458 1615 oportet
1475 1541 1595 1598 haec
1612 1556 1712 1606 vos
1729 1541 1866 1613 pati.
1894 1559 1920 1592 ι)
1943 1538 2197 1597 Similiter
2213 1553 2339 1593 cum
2361 1537 2554 1594 dixis-

537 1632 653 1683 set:
675 1627 873 1701 Siquis
896 1629 1043 1687 venit
1064 1630 1137 1688 ad
1158 1646 1258 1695 me,
1288 1637 1341 1688 et
1362 1646 1468 1686 non
1489 1629 1600 1690 odic
1618 1637 1833 1702 patrem
1857 1645 2031 1696 suum,
2053 1633 2161 1682 etc.
2189 1625 2552 1699 postmodum

537 1716 723 1776 subdit
750 1735 762 1772 :
799 1717 928 1784 Quis
964 1719 1106 1775 enim
1140 1736 1207 1775 ex
1244 1718 1388 1776 vobis
1409 1720 1584 1776 volens
1626 1719 1833 1776 turrim
1861 1717 2146 1798 aedificare,
2188 1730 2360 1770 nonne
2383 1714 2554 1787 prius

536 1806 720 1862 sedens
740 1813 1003 1880 computat
1026 1815 1267 1881 sumptus
1288 1809 1384 1882 qui
1406 1807 1697 1866 necessarii
1717 1814 1872 1873 sunt,
1889 1809 1939 1862 ai
1955 1805 2146 1863 habeat
2165 1804 2236 1860 ad
2255 1803 2551 1877 perficien-

536 1895 705 1952 dum?
745 1897 889 1968 quod
933 1913 1207 1970 exponens
1230 1897 1464 1970 Gregor.
1517 1898 1573 1953 in
1602 1896 1800 1954 Homil.
1832 1896 1970 1953 dicit
2001 1912 2015 1950 :
2051 1915 2078 1948 «
2109 1894 2252 1964 Quia
2291 1892 2549 1949 sublimia

537 1993 813 2057 praecepta
838 1985 971 2042 data
994 1992 1145 2055 sunt,
1177 1987 1425 2060 protinus
1448 1986 1787 2059 comparatio
1823 1983 2165 2042 aedificandae
2192 1981 2550 2038 sublimitatis

538 2073 626 2144 adj
636 2075 883 2145 ungitur:
911 2094 937 2127 n
966 2081 1023 2130 et
1042 2083 1166 2147 post
1193 2090 1367 2146 pauca
1394 2075 1532 2132 dicit
1551 2091 1566 2130 ε
1585 2096 1611 2128 «
1631 2076 1772 2133 Istos
1789 2080 2038 2147 sumptus
2058 2073 2215 2129 dives
2237 2070 2328 2126 ilie
2347 2069 2552 2126 habere

534 2177 648 2217 non
673 2163 868 2234 potuit,
900 2163 1137 2235 quicum
1168 2171 1292 2235 post
1314 2171 1536 2221 servata
1564 2170 1837 2237 praecepta
1856 2162 2214 2235 relinquenda
2233 2160 2421 2218 omnia
2441 2175 2552 2215 au-

538 2251 731 2319 disset,
753 2250 927 2306 tristis
940 2250 1199 2307 abcessit.
1221 2270 1247 2304 »
1266 2282 1330 2294 —
1344 2253 1427 2310 Ex
1449 2253 1649 2326 quibus
1662 2259 1817 2325 patet
1836 2252 1953 2309 haec
1973 2250 2044 2308 ad
2056 2249 2414 2323 perfectionis
2429 2262 2550 2304 con·

538 2337 721 2394 sitium
745 2339 1042 2395 secundum
1067 2338 1307 2411 aliquem
1334 2341 1558 2398 modum
1586 2342 1880 2414 pertinere.
1907 2337 2022 2406 Hoc
2045 2347 2230 2396 autem
2257 2332 2549 2395 consilium

540 2425 935 2498 perfectissime
981 2436 1252 2501 martyres
1280 2429 1664 2502 impleverunt,
1708 2432 1778 2488 de
1819 2429 2017 2496 ouibus
2049 2431 2282 2500 August.
2323 2425 2466 2482 dicit
2493 2426 2550 2480 in

540 2529 789 2570 sermone
816 2514 885 2569 de
914 2516 1266 2588 martyribus,
1294 2517 1442 2590 quod
1480 2519 1611 2575 nulli
1657 2526 1869 2576 tantum
1905 2517 2242 2590 impendunt,
2275 2520 2550 2588 quantum

540 2603 636 2673 qui
677 2603 883 2677 seipsos
920 2606 1261 2678 impendunt.
1303 2603 1574 2682 Martyres
1615 2615 1800 2665 autem
1837 2606 2038 2664 Christi
2079 2612 2208 2662 sunt
2248 2605 2345 2677 qui
2375 2604 2551 2660 vitam

540 2698 860 2761 praesentem
888 2699 1110 2767 propter
1134 2695 1410 2753 Christum
1433 2697 1836 2770 quodammodo
1865 2694 2169 2752 habuerunt
2189 2693 2342 2760 odio,
2363 2691 2554 2748 abne-

538 2786 731 2850 gantes
754 2781 989 2854 seipsos:
1018 2785 1166 2856 quia,
1189 2793 1247 2842 ut
1262 2785 1456 2859 Chrys.
1473 2786 1609 2842 dicit
1624 2781 1990 2858 superMatth.
2009 2803 2034 2835 α
2053 2783 2156 2852 Qui
2173 2787 2338 2853 negat
2354 2779 2547 2846 alium,

492 2905 503 2918 .
537 2868 624 2924 vel
650 2868 896 2939 fratrem,
924 2871 1011 2929 vel
1053 2871 1332 2944 famulum,
1364 2873 1453 2932 vel
1482 2889 1903 2947 quemcumque,
1939 2873 2043 2930 etsi
2094 2870 2431 2943 flagellatum
2461 2869 2553 2924 vi-

530 2956 703 3028 -derit,
743 2965 801 3015 et
842 2975 1202 3036 quaecumque
1245 2963 1549 3036 patientem
1590 2979 1696 3020 non
1741 2961 1970 3030 assistit,
2024 2975 2131 3016 non
2175 2959 2424 3032 adjuvat,
2467 2958 2554 3013 ita

538 3046 656 3103 vult
696 3049 911 3121 corpori
936 3057 1121 3107 nostro
1148 3066 1245 3106 nos
1289 3068 1396 3108 non
1434 3052 1735 3123 ignoscere,
1770 3058 1829 3105 ut
1869 3049 1973 3106 etsi
2009 3046 2427 3121 flagellaverint,
2461 3045 2552 3102 vel

538 3137 922 3210 quodcumque
944 3137 1091 3195 aliud
1114 3138 1361 3207 fecerint,
1389 3139 1606 3213 corpori
1631 3155 1737 3197 non
1759 3153 2071 3212 parcamus.
2092 3156 2118 3189 ι)
2141 3137 2210 3193 Et
2230 3152 2300 3192 ne
2313 3135 2554 3192 extimes

538 3224 687 3295 quod
728 3240 899 3298 usque
926 3226 997 3282 ad
1044 3227 1211 3283 verba
1258 3234 1474 3284 tantum
1521 3237 1578 3285 et
1617 3226 1976 3286 contumelias
2012 3231 2229 3299 oportet
2271 3224 2552 3295 abnegare

440 3377 445 3382 ,
536 3312 781 3384 seipsum
805 3315 1061 3388 usquead
1079 3329 1310 3373 mortem
1330 3317 1497 3374 etiam
1523 3317 1911 3390 turpissimam,
1933 3315 2145 3371 scilicet
2169 3314 2369 3390 crucis,
2396 3311 2552 3385 quod

537 3402 809 3472 significat
832 3402 886 3459 in
931 3403 1034 3460 hoc
1057 3405 1204 3477 quod
1246 3405 1382 3461 dicit
1414 3423 1428 3460 :
1459 3406 1538 3464 Et
1575 3407 1724 3464 tollat
1750 3420 1958 3462 crucem
2001 3419 2174 3468 suam,
2199 3409 2252 3458 et
2285 3407 2553 3474 sequatur

535 3507 634 3545 me.
662 3493 777 3548 Hoc
800 3500 987 3548 autem
1007 3492 1131 3548 ideo
1160 3493 1617 3566 perfectissimum
1646 3494 1898 3564 dicimuS,
1934 3494 2066 3567 quia
2091 3498 2367 3566 martyres
2407 3490 2552 3547 iilud

536 3589 758 3651 propter
781 3582 957 3636 Deum
980 3589 1354 3648 contemnunt,
1380 3583 1591 3641 scilicet
1615 3585 1891 3658 propriam
1915 3584 2106 3650 vitam,
2134 3587 2356 3655 propter
2375 3595 2552 3653 quam

537 3668 719 3724 omnia
746 3668 1067 3741 temporalia
1091 3679 1430 3743 quaeruntur,
1461 3682 1518 3730 et
1539 3675 1658 3743 ejus
1685 3673 2027 3730 conservatio
2053 3672 2222 3728 etiam
2263 3685 2394 3726 cum
2419 3684 2556 3726 om-

536 3756 687 3811 nium
736 3757 969 3814 aliorum
1012 3759 1304 3816 amissione
1354 3761 1481 3818 aliis
1523 3761 1771 3818 omnibus
1820 3762 2126 3834 praefertur.
2175 3760 2346 3832 Magis
2395 3761 2558 3816 enim

536 3839 698 3901 homo
726 3847 844 3904 vult
871 3856 927 3906 et
952 3848 1176 3907 divitias
1217 3850 1464 3923 perdere,
1496 3856 1552 3905 et
1595 3851 1820 3918 amicOS,
1865 3851 2044 3907 adhuc
2083 3850 2252 3907 etiam
2295 3850 2560 3923 corporis

537 3929 842 3992 infirmitati
863 3938 1235 4008 succumbere,
1264 3939 1401 3997 etin
1429 3938 1752 3999 servitutem
1772 3940 1944 4012 redigi
1963 3955 2134 4013 quam
2158 3941 2272 3998 vita
2291 3937 2512 4012 privari
2535 3956 2556 3996 z
