2850 4517
751 387 909 431 1.-
936 385 1346 462 couruuomu
1390 385 1756 432 τιιιιοιοοιιιι
2146 376 2264 439 177

258 517 542 577 personam
564 516 691 576 quae
722 499 878 558 unita
906 508 1027 558 erat
1055 508 1113 557 et
1135 502 1288 558 carni
1318 501 1375 557 in
1416 501 1670 576 sepulcro
1710 504 1938 575 jacenti,
1971 514 2027 563 et
2057 508 2258 567 animae

258 594 523 650 infernum
550 590 869 665 expolianti,
899 600 957 647 et
977 571 1353 648 subsistebat
1338 607 1395 647 m
1424 596 1625 648 natura
1647 591 1832 650 divina
1867 594 1924 649 in
1955 596 2106 653 Coelo
2135 615 2264 672 reg-

257 690 417 739 nante
469 699 483 736 z
528 680 626 737 sed
668 694 775 736 non
833 684 1015 752 potest
1060 678 1172 735 dici
1224 672 1376 759 quod
1430 684 1609 737 totum
1653 682 1708 744 in
1753 682 2024 755 sepulcro,
2063 693 2158 745 aut
2207 690 2262 745 in

255 771 519 844 sepulcro,
553 770 727 834 autin
747 766 959 824 inferno
982 767 1165 835 fuerit,
1198 768 1355 841 quia
1368 782 1476 824 non
1507 775 1624 826 tota
1642 769 1890 829 hnmana
1920 780 2134 843 natura,
2167 776 2263 835 sed

255 876 375 935 pars
395 861 453 917 in
476 858 750 931 sepulcro,
778 866 872 939 aut
898 858 954 915 iu
978 857 1195 915 inferno
1222 856 1349 935 fuit.

783 985 789 995 ’
824 1114 833 1119 Δ
911 1021 1212 1099 CAPUT'
1259 1018 1594 1114 [ccxxx.

655 1134 833 1245 Quod
858 1188 1019 1233 mors
1054 1170 1288 1271 Christi
1310 1172 1446 1291 fuir?⁴
1483 1172 1858 1237 voluntaria.

309 1307 441 1365 Fuit
463 1306 629 1379 igitur
648 1320 795 1362 mors
820 1304 1019 1361 Christi
1052 1312 1257 1385 nostrae
1286 1306 1449 1361 morti
1479 1306 1781 1373 conformis
1805 1317 2074 1382 quantum
2097 1318 2170 1371 ad
2200 1318 2254 1371 id

247 1397 395 1471 quod
424 1402 509 1452 est
532 1394 601 1451 de
626 1394 839 1451 ratione
868 1394 1079 1461 mortiS,
1110 1393 1257 1467 quod
1286 1400 1372 1451 est
1399 1395 1640 1467 animam
1666 1413 1698 1454 a
1727 1413 1956 1477 corpore
1985 1406 2252 1474 separari,
2265 1448 2270 1451 .

245 1486 335 1542 sed
385 1490 653 1559 quantum
696 1483 765 1541 ad
794 1482 1015 1563 aliquod
1046 1498 1193 1539 mors
1232 1483 1438 1557 Christi
1483 1500 1516 1541 a
1559 1494 1748 1553 nostra
1799 1497 1973 1546 morte
2001 1490 2258 1561 differens

244 1575 370 1632 suit.
395 1575 510 1631 Nos
536 1574 680 1633 enim
710 1572 974 1629 morimur
1010 1572 1169 1645 quasi
1214 1571 1380 1628 morti
1408 1570 1656 1645 subjecti
1704 1590 1772 1633 ex
1807 1578 2135 1636 necessitate
2172 1583 2289 1653 vel,

240 1672 477 1730 naturae,
492 1662 575 1719 vel
592 1661 825 1733 alicujus
845 1660 1121 1719 violentiae
1140 1660 1297 1716 nobis
1322 1658 1512 1719 iilatae.
1527 1662 1777 1725 Christus
1793 1672 1978 1723 autem
2005 1676 2270 1728 mortuus.

240 1760 463 1809 estnon
494 1751 839 1819 necessitate,
870 1749 972 1805 sed
997 1754 1299 1822 potestate
1299 1758 1355 1806 et
1379 1750 1601 1824 propria
1626 1751 1930 1811 voluntate.
1961 1757 2154 1814 Unde
2135 1776 2258 1833 ipse

238 1841 463 1899 dicebat
487 1842 649 1896 Joan.
669 1854 755 1894 x:
788 1838 1105 1893 Potestatem
1130 1836 1289 1893 habeo
1320 1838 1556 1909 ponendi
1594 1834 1832 1897 animani
1853 1852 2044 1910 meam,
2069 1852 2119 1902 et
2143 1845 2251 1903 ite-

238 1948 353 1988 rum
388 1926 640 1987 sumendi
665 1941 801 1980 eam.
824 1925 1002 2003 Hujus
1041 1930 1226 1990 autem
1256 1924 1584 1985 differentiae
1625 1927 1768 1983 ratio
1799 1938 1902 1997 est,
1928 1932 2060 2001 quia·
2092 1942 2257 1991 natu-

238 2010 367 2077 ralia
404 2014 681 2073 voluntati
711 2018 916 2072 nostrae
935 2026 1043 2067 non
1068 2010 1380 2083 subjacent:
1406 2013 1724 2084 conjunctio
1753 2020 1938 2074 autem
1966 2019 2164 2079 animae
2193 2024 2263 2081 ad

239 2122 443 2183 corpus
488 2108 575 2161 est
614 2100 902 2169 naturalis,
939 2100 1084 2156 unde
1111 2099 1380 2175 voluntati
1416 2107 1622 2161 nostrae
1662 2118 1768 2159 non
1815 2106 2082 2179 subjacet,
2115 2114 2262 2185 qnod

242 2200 429 2255 anima
456 2191 674 2271 corpori
704 2190 860 2246 unita
886 2195 1183 2257 remaneat,
1218 2189 1303 2246 vel
1330 2189 1480 2262 quod
1505 2206 1536 2247 a
1555 2206 1804 2265 corpore
1824 2206 2130 2269 separetur,
2161 2202 2276 2258 sed

240 2290 462 2358 oportet
490 2281 595 2338 hoc
621 2296 689 2338 ex
706 2280 913 2337 virtute
941 2278 1175 2351 alicujus
1201 2278 1415 2350 agentis
1445 2280 1749 2351 provenire.
1764 2282 2054 2359 Quidquid
2074 2295 2282 2347 autem

241 2375 291 2431 in
311 2370 538 2431 Christo
564 2365 866 2427 secundum
891 2367 1187 2425 humanam
1214 2375 1466 2423 naturam
1491 2373 1608 2426 erat
1631 2372 1898 2442 naturale,
1930 2378 2108 2437 totum
2137 2379 2256 2450 eJ'us

242 2459 517 2521 voluntati
556 2457 876 2532 subjacebat
928 2461 1149 2531 propter
1191 2454 1500 2514 divinitatis
1543 2457 1822 2529 virtutem,
1868 2465 1959 2520 cui
2006 2466 2257 2538 subjacet

245 2559 359 2620 tota
382 2555 613 2609 'natur-a.
642 2548 776 2608 Erat
803 2546 1049 2627 igitur-in
1082 2550 1365 2618 ,potestate
1406 2544 1630 2617 Christi,
1659 2553 1720 2605 ut
1763 2553 2026 2624 quamdiu
2065 2554 2252 2623 vellet,

244 2643 429 2699 anima
453 2641 571 2711 eJ'us
594 2636 807 2710 corpori
834 2634 991 2693 unita'
1005 2642 1339 2705 remaneret,
1360 2640 1415 2689 et
1441 2636 1630 2691 statim
1657 2651 1783 2693 cum
1807 2640 1992 2708 vellet,
2023 2645 2279 2716 separa-'

246 2740 395 2789 retur
421 2728 655 2801 abipso.
686 2724 1026 2798 Hujusmodi
1036 2728 1218 2795 autem
1240 2716 1444 2777 divinae
1467 2724 1690 2779 virtutis
1719 2724 1982 2784 indicium
2006 2724 2274 2791 centurio⁸

244 2820 395 2901 cruci
422 2816 630 2876 Christi
652 2814 915 2872 assistens
939 2810 1131 2876 sensit,
1146 2790 1275 2863 dum
1300 2823 1430 2862 enm
1458 2808 1598 2875 vidit
1626 2810 1957 2868 clamantem
1981 2818 2256 2887 expirare,

248 2926 339 2988 per
364 2907 517 2981 quod
542 2902 845 2984 manifeste
850 2891 1261 2977 ostendebatur,
1295 2893 1445 2966 quod
1476 2909 1600 2957 ιιοιι
1621 2895 1765 2951 sicut
1793 2901 1978 2955 caeteri
2009 2901 2263 2960 homines

247 3013 313 3053 ex
335 2996 559 3059 defectu
598 3001 809 3049 naturae
847 2986 1203 3063 moriebatur.
1230 2983 1351 3040 Non
1386 2982 1532 3039 enim
1581 2992 1808 3054 possunt
1843 2985 2093 3045 homines
2133 3004 2262 3047 cum

246 3085 490 3141 clamore
515 3064 771 3161 spiritum
794 3078 1063 3143 emittere,
1096 3088 1225 3131 cum
1252 3072 1309 3127 in
1340 3069 1434 3127 illo
1475 3070 1668 3127 mortis
1697 3073 1934 3131 articulo
1961 3076 2057 3133 vix
2092 3078 2261 3136 etiam

246 3176 456 3248 possint
482 3168 804 3271 palpitando
827 3168 1070 3239 linguam
1097 3177 1359 3219 movere:
1392 3161 1537 3217 unde
1569 3160 1715 3235 quod
1742 3161 1992 3224 Christus
2015 3164 2261 3225 clamans

246 3263 539 3336 expiravit,
578 3260 633 3315 in
677 3274 743 3314 eo
788 3256 1029 3313 divinam
1068 3248 1443 3309 manifestavit
1476 3250 1760 3319 virtutem,¹
1791 3258 1849 3310 et
1893 3261 2117 3327 propter
2157 3255 2262 3314 hoe

248 3352 497 3409 centurio
526 3348 711 3405 dixit.
743 3345 878 3404 Vere
910 3343 1089 3401 Filius
1115 3340 1217 3404 Dei
1256 3347 1377 3397 erat
1418 3339 1534 3395 iste.
1575 3334 1702 3397 Non
1741 3346 1926 3398 tamen
1967 3343 2260 3402 dicendum

245 3449 350 3526 est,
373 3438 525 3515 quod
552 3436 731 3495 Judaei
755 3450 863 3491 non
900 3431 1203 3489 occiderint
1225 3428 1522 3497 Christum,
1550 3427 1637 3487 vel
1675 3430 1822 3513 quod
1863 3430 2157 3489 Christus
2143 3448 2289 3506 ipse.

246 3545 306 3586 se
331 3528 621 3587 occiderit
648 3525 743 3581 Ille
778 3523 923 3581 enim
965 3521 1181 3577 dicitur
1216 3518 1456 3593 aliquem
1503 3504 1772 3587 occidere,
1805 3521 1898 3593 qui
1941 3521 1994 3578 ei
2036 3536 2288 3590 causam,

244 3621 439 3677 mortis
456 3617 693 3682 inducit
724 3602 829 3670 non
853 3600 1041 3669 tamen
1068 3623 1217 3665 mors
1244 3606 1494 3680 sequitur
1516 3607 1619 3665 nisi
1650 3624 1818 3667 causa
1863 3611 2058 3669 mortis
2093 3614 2264 3667 natu-

244 3724 367 3765 ram
394 3710 606 3774 vineat,
620 3720 746 3779 quae
774 3703 947 3761 vitam
967 3704 1277 3779 conservat.
1295 3696 1428 3751 Erat
1451 3704 1636 3753 autem
1663 3698 1718 3753 in
1735 3704 2010 3771 potestate
2037 3698 2260 3769 Christi,

242 3805 307 3853 ut
331 3806 532 3855 natura
556 3810 743 3853 causae
767 3772 1134 3863 corrumpent}
1164 3786 1405 3853 cederet,
1435 3785 1521 3841 vei
1543 3781 1824 3844 resisteret
1853 3794 2122 3861 quantum
2147 3788 2264 3861 ipse

239 3886 456 3945 vellet:
492 3884 621 3942 ideo
640 3890 716 3940 et
746 3882 863 3957 ipse
892 3879 1140 3962 Christus
1181 3872 1492 3953 voluntarie
1531 3882 1802 3933 mortuus·
1823 3875 1946 3947 fuit,
1973 3883 2032 3983 et
2077 3882 2302 3935 ιιιιιιιιιιὸ

238 3974 781 4058 Judaeiocciderunt
790 3958 963 4026 eum.-
1126 4042 1133 4047 ι
1224 4040 1231 4045 .

766 4090 815 4137 S.
840 4046 1001 4135 Τιιοιι.
1040 4058 1122 4139 Ao.
1158 4084 1418 4131 Oruscum.
1453 4083 1578 4131 —l.
1603 4104 1665 4119 —
1691 4080 1752 4129 12
