2850 4517
582 344 702 405 234
1059 358 1113 405 s.
1157 358 1391 403 monam
1431 358 1758 408 aoumms
1800 354 2111 399 oruscuna

586 488 891 548 possumus,
916 473 1065 547 quod
1090 472 1237 531 Deus
1260 472 1506 531 nascitur
1525 472 1596 530 de
1619 470 1841 543 Virgine
1862 474 2086 545 propter
2106 468 2400 527 humanam
2425 478 2590 528 natu-

584 580 724 633 ram,
755 570 813 621 et
834 562 995 623 homo
1020 562 1113 623 ille
1136 570 1221 620 est
1248 569 1490 621 aeternus
1517 570 1740 637 propter
1765 560 2036 619 divinam.

1335 732 1620 803 CAPUT
1691 732 1839 799 VII.

790 876 1075 954 Qualiter
1100 876 1187 938 sit
1216 872 1651 955 accipiendum,
1681 872 1846 955 quod
1871 872 2104 937 dicitur
2145 870 2420 939 Verbum·

1380 964 1503 1026 Dei
1523 980 1796 1043 passum.
1837 1033 1842 1035 .

654 1081 737 1141 Ex
760 1080 1199 1139 consideratione
1248 1095 1379 1151 ergo
1427 1080 1861 1153 praemisssorum
1901 1078 2038 1135 satis
2081 1093 2349 1151 apparere
2391 1084 2583 1151 potest,

578 1176 697 1247 jam
723 1171 854 1228 nihil
884 1168 1273 1228 inconveniens
1300 1168 1460 1242 sequi
1482 1185 1551 1225 ex
1579 1184 1646 1225 eo
1673 1167 1820 1242 quod
1845 1152 2055 1225 dicium
2081 1174 2188 1234 est,
2219 1167 2368 1241 quod
2401 1168 2586 1239 unige-

585 1263 762 1319 nitum
792 1259 893 1316 Dei
922 1257 1163 1314 Verbum
1204 1272 1428 1332 passum
1464 1264 1520 1314 et
1563 1266 1842 1314 mortuum
1881 1256 2226 1314 confitemur.
2274 1257 2400 1314 Non
2447 1258 2585 1313 enim

586 1350 705 1405 haec
731 1349 782 1402 ei
830 1345 1182 1403 attribuimus
1208 1345 1512 1402 secundum
1563 1352 1816 1402 naturam
1859 1346 2121 1412 divinam,
2153 1345 2250 1401 sed
2293 1346 2584 1402 secundum

584 1437 899 1500 humanam,
922 1448 1091 1507 quam
1110 1450 1207 1506 pro
1228 1442 1417 1491 nostra
1437 1434 1614 1491 salute
1633 1433 1690 1489 in
1716 1434 1981 1490 unitatem
1999 1449 2247 1506 personae
2276 1435 2582 1507 assumspit.

585 1525 639 1581 Si
670 1524 794 1598 quis
820 1529 1004 1579 autem
1032 1523 1277 1595 objiciat,
1308 1523 1458 1597 quod
1487 1525 1635 1580 Deus
1661 1538 1786 1579 cum
1805 1524 1879 1578 sit
1903 1523 2264 1595 omnipotenS,
2295 1523 2406 1579 alio
2435 1523 2583 1579 modo

585 1617 805 1687 poterat
832 1612 1129 1669 humanum
1153 1628 1324 1685 genus
1346 1612 1580 1679 salvare,
1607 1627 1774 1687 quam
1801 1604 1900 1685 per
1929 1610 2195 1683 unigeniti
2223 1612 2310 1669 sui
2337 1619 2579 1679 mortem,

586 1701 934 1759 considerare
957 1701 1120 1757 debet
1149 1703 1245 1776 qui
1281 1702 1385 1758 hoc
1408 1701 1620 1775 objicit,
1646 1701 1794 1775 quod
1829 1700 1884 1757 in
1922 1699 2083 1757 factis
2108 1701 2208 1757 Dei
2235 1702 2582 1758 consideran-

586 1792 719 1847 dum
744 1798 831 1847 est
858 1790 991 1863 quid
1028 1792 1415 1863 convenienter
1440 1788 1560 1847 fieri
1596 1790 1796 1864 potuit,
1835 1792 2002 1846 etiam
2039 1790 2086 1845 si
2123 1788 2232 1847 alio
2265 1788 2428 1847 niodo
2461 1790 2580 1848 illud

587 1874 733 1935 Deus
760 1878 941 1935 facere
966 1880 1254 1951 potuisset,
1274 1878 1518 1953 alioquin
1537 1876 1722 1933 omnia
1743 1878 1860 1949 ejus
1880 1892 2047 1949 opera
2069 1877 2266 1933 similis
2291 1880 2434 1933 ratio
2463 1878 2576 1933 irri-

588 1969 747 2027 tabit.
790 1968 849 2028 Si
894 1969 1041 2026 enim
1090 1956 1489 2036 consideretur,
1534 1983 1706 2045 quare
1751 1967 1901 2023 Deus
1951 1966 2143 2023 iecerit
2183 1968 2381 2023 caelum
2429 1973 2580 2025 tantae

586 2059 931 2133 quantitatis,
958 2065 1015 2115 et
1048 2074 1219 2131 quare
1247 2056 1638 2115 condideritin
1679 2054 1779 2113 tali
1821 2070 2045 2111 numero
2081 2054 2291 2123 stellae,
2319 2058 2580 2129 sapienter
2630 2078 2637 2085 ·

586 2147 848 2221 cogitanti
878 2156 1130 2204 occurret
1173 2147 1476 2204 secundum
1513 2145 1662 2220 quod
1697 2145 1779 2200 sic
1822 2144 2210 2201 convenienter
2246 2143 2366 2200 fieri
2394 2146 2577 2218 potuit,

586 2235 716 2293 licet
741 2236 902 2292 aliter
928 2233 1109 2292 facere
1127 2235 1389 2307 potuerit.
1420 2234 1557 2291 Dico
1585 2241 1771 2291 autem
1809 2233 1930 2291 haec
1959 2234 2259 2293 secundum
2296 2235 2444 2307 quod
2471 2250 2582 2291 cre-

586 2324 767 2379 dimus
812 2322 989 2378 totam
1030 2330 1245 2378 naturae
1294 2322 1730 2395 dispositionem,
1769 2327 1826 2379 et
1869 2321 2138 2378 humanos
2188 2331 2348 2379 actus
2395 2324 2582 2380 divinae

589 2409 954 2466 Providentiae
982 2424 1102 2464 esse
1135 2409 1437 2481 subjectos·
1467 2411 1582 2465 Hac
1621 2412 1766 2468 enim
1802 2410 2129 2467 credulitate
2161 2410 2380 2485 sublata
2421 2412 2583 2468 omnis

587 2495 897 2573 divinitatis
922 2500 1104 2553 cultus
1137 2497 1469 2579 excluditur.
1499 2500 1848 2573 Suscepimus
1877 2506 2061 2557 autem
2109 2509 2437 2572 praesentem
2477 2500 2584 2556 dis-

588 2583 928 2661 putationem
962 2585 1032 2641 ad
1070 2601 1163 2643 eos
1191 2588 1285 2661 qui
1316 2602 1377 2644 se
1402 2587 1504 2644 Dei
1536 2589 1778 2645 cultores
1811 2589 2020 2657 dicunt,
2051 2604 2149 2645 seu
2177 2590 2289 2645 sint
2315 2588 2581 2652 Saraceni,

586 2688 684 2731 seu
709 2670 1025 2742 Christiani,
1044 2690 1142 2734 seu
1166 2675 1195 2731 J
1203 2675 1365 2733 udaei.
1387 2676 1472 2733 Ad
1502 2686 1810 2734 eosautem
1838 2676 1936 2752 qui
1963 2678 2142 2733 omnia
2172 2693 2241 2733 ex
2265 2678 2585 2734 necessitate

586 2761 877 2836 provenire
913 2762 1103 2820 dicunt
1142 2780 1175 2820 a
1201 2765 1335 2833 Deo,
1368 2766 1652 2840 operosius
1684 2781 1717 2822 a
1753 2765 1910 2821 nobis
1930 2765 2078 2822 ,alibi
2120 2766 2462 2838 disputatum
2487 2773 2583 2822 est.

584 2852 640 2911 Si
671 2851 873 2925 aliquis
894 2868 1025 2924 ergo
1052 2854 1489 2923 convenientiam
1520 2854 1788 2928 passionis
1815 2860 1871 2911 et
1896 2856 2090 2912 mortis
2129 2854 2333 2911 Christi
2373 2856 2465 2929 pia
2505 2853 2586 2909 in-

587 2942 831 2999 tentione
876 2942 1203 3012 consideret,
1235 2952 1448 3001 tantam
1483 2943 1728 3000 scientiae
1775 2944 2202 3015 profunditatem
2245 2945 2504 3010 inveniet,
2533 2949 2587 2998 ut

585 3046 803 3104 semper
834 3029 1018 3104 aliqua
1056 3032 1341 3103 cogitanti,
1372 3031 1532 3107 plura
1565 3040 1620 3089 et
1665 3034 1876 3105 majora
1917 3046 2132 3105 semper
2169 3040 2480 3094 occurrant.
2514 3030 2587 3087 ita

585 3118 733 3192 quod
776 3118 1008 3190 experiri
1050 3122 1221 3193 possit
1258 3136 1451 3177 verum
1489 3137 1610 3178 esse
1650 3121 1795 3197 quod
1835 3120 2081 3195 Apostol.
2111 3122 2248 3179 dicit
2273 3122 2467 3189 I‚Cor.
2513 3136 2534 3177 1
2573 3137 2587 3177 ε

584 3206 645 3264 N
644 3223 699 3261 os
723 3206 1082 3277 praedicamus
1110 3208 1385 3267 Christum
1427 3209 1769 3283 crucifixum,
1795 3210 2001 3267 Judaeis
2028 3210 2237 3285 quidm
2263 3209 2588 3275 scandalum,

555 3307 557 3313 ’
584 3294 828 3366 gentibus
853 3312 976 3351 vero
1008 3297 1297 3368 stultitiam
1326 3299 1502 3371 :ipsis
1532 3306 1710 3355 autem
1734 3298 1932 3355 vocatis
1963 3299 2170 3356 Judoeis
2209 3307 2368 3373 atque
2394 3298 2591 3356 Graeeis

587 3382 861 3441 Christum
894 3384 1000 3445 Dei
1031 3385 1310 3452 virtutem,
1338 3394 1388 3443 et
1416 3389 1520 3444 Dei
1546 3388 1887 3461 sapientiam.
1917 3388 1987 3445 Et
2015 3389 2238 3458 iterum,
2272 3388 2422 3456 Quod
2453 3388 2593 3446 stul·

588 3479 702 3529 tum
738 3480 814 3531 est
854 3472 977 3543 Dei,
1005 3474 1302 3546 sapientius
1334 3482 1409 3531 est
1440 3477 1680 3533 omnibus
1719 3477 2036 3533 hominibus.
2066 3480 2248 3535 Primo
2291 3495 2422 3551 ergo
2456 3493 2593 3534 cou-

587 3561 942 3619 siderandum
968 3563 1224 3631 occurrit,
1248 3564 1394 3636 quod
1410 3557 1668 3623 ¹Christus
1690 3567 1986 3624 humanam
2016 3572 2268 3625 naturam
2299 3568 2596 3641 assumpsit

585 3650 655 3707 ad
710 3647 924 3723 lapsum
963 3648 1201 3707 hominis
1240 3654 1627 3734 reparandum,
1668 3662 1728 3713 ut
1764 3655 2021 3713 diximus·
2049 3656 2130 3713 Ea
2163 3672 2302 3734 ⁴ergo
2350 3656 2596 3729 oportuit

587 3738 866 3796 Christum
901 3739 1017 3813 pati
1044 3746 1102 3796 et
1141 3755 1306 3813 agere
1350 3745 1649 3803 secundum
1689 3744 1984 3803 humanam
2027 3752 2300 3816 naturam,
2334 3761 2432 3817 per
2467 3762 2598 3819 quae

588 3824 892 3884 remedium
926 3826 1183 3886 vadhiberi
1228 3840 1413 3903 posset
1466 3842 1658 3891 contra
1701 3840 2008 3905 peccatum.
2059 3836 2352 3893 Peccatum
2407 3844 2599 3893 autem

589 3913 826 3979 hominis
868 3915 929 3974 in
966 3914 1074 3977 hoo
1115 3921 1389 3993 consistit,
1414 3921 1564 3997 quod
1617 3922 1780 3981 homo
1824 3923 2196 3999 corporalibus
2237 3923 2594 3994 adhaerendo,
