2850 4517
657 382 722 435 x.
755 397 834 420 -a
862 384 1104 466 conniti
1145 385 1429 440 annon-ss
1471 395 1829 440 oRAEcomm
2130 375 2249 438 483

238 503 774 577 blasphemaverunt,
808 491 1142 582 impossibile
1169 516 1254 566 est
1287 525 1394 566 non
1421 509 1821 584 blasphemare,
1852 510 2000 584 quod
2028 509 2251 569 videtur

239 607 360 649 esse
390 592 627 650 libertati
663 595 874 653 arbitrii
905 610 1232 670 repugnem.
1261 599 1365 656 Sed
1395 599 1707 666 dicendum,
1736 598 1882 672 quod
1911 595 2249 672 impossibile

238 680 327 736 hic
355 699 452 754 pro
471 682 679 739 difficili
705 685 960 762 sumitur,
987 703 1114 760 quae
1141 686 1435 744 difficultas
1460 704 1529 744 ex
1553 687 1950 744 consuetudine
1972 687 2243 761 provenit,

237 771 382 826 sicut
411 777 467 826 et
508 772 658 828 Hier.
687 789 820 838 xm,
853 774 1057 831 dicitur
1086 791 1101 830 z
1135 795 1161 828 α
1198 776 1251 833 Si
1285 785 1501 834 mutare
1530 781 1712 849 potest
1752 763 2016 848 Aethiops
2051 772 2249 849 pellem

237 873 420 918 suam,
448 865 504 915 et
527 861 732 934 pardus
766 863 1066 920 varietates
1098 879 1246 932 suas,
1261 871 1317 921 et
1341 881 1440 924 vos
1474 864 1726 938 poteritis
1750 862 2094 934 benefacere,
2120 877 2249 919 cum

237 946 543 1006 didiceritis
565 948 788 1010 malum.
807 969 834 1002 n

790 1181 795 1188 .
862 1172 869 1176 .
945 1125 1228 1194 CAPUT
1271 1105 1533 1196 XXIX.
1634 1092 1642 1095 ’

348 1254 654 1331 Quomodo
681 1235 1060 1337 intelliqitur
1080 1258 1242 1339 quod
1267 1259 1521 1338 dicitur,
1553 1261 1716 1342 quod
1738 1257 1888 1340 fidos
1913 1273 2035 1326 non
2058 1258 2145 1326 sit

1021 1347 1459 1426 praedicabilis.

307 1479 446 1536 Item
473 1478 698 1536 dubium
726 1485 829 1547 est,
854 1479 1000 1554 quod
1029 1454 1312 1554 chrysost.
1343 1481 1481 1538 dicit
1505 1480 1561 1538 in
1589 1489 1840 1541 'sermone
1862 1483 1933 1540 de
1958 1483 2081 1548 fide,
2098 1484 2243 1556 quod

237 1567 376 1626 fides
401 1574 486 1625 est
513 1583 619 1625 uon
648 1567 1032 1641 praedicabilis.
1063 1569 1167 1626 Sed
1194 1569 1610 1643 intelligendum
1636 1578 1739 1640 est,
1764 1572 1821 1628 id
1844 1580 1947 1642 est,
1977 1589 2074 1645 per
2096 1587 2248 1646 prae»

237 1658 570 1716 dicationem
593 1673 702 1714 non
732 1655 973 1730 perfecte
996 1657 1357 1730 explicabilis.

965 1836 1247 1905 CAPUT
1291 1837 1519 1904 XXX.

344 1970 654 2048 Quomodo
683 1969 1060 2048 intelligitur
1083 1968 1247 2052 quod
1271 1969 1527 2044 dicitur,
1558 1969 1722 2050 quod
1743 1970 1895 2046 fides
1916 1986 2035 2033 non
2056 1971 2144 2034 sit

759 2058 928 2122 nobis
953 2059 1306 2121 ministrata
1336 2075 1451 2139 per
1475 2057 1763 2138 Angelos.

304 2195 444 2250 Item
467 2191 694 2249 dubium
718 2199 802 2250 est
831 2191 899 2248 de
927 2191 1031 2265 hoe
1060 2192 1204 2265 quod
1235 2191 1501 2248 Athenas.
1529 2191 1684 2261 dicit,
1714 2191 1860 2266 quod
1903 2192 2040 2250 fides
2087 2192 2247 2248 nobis

234 2281 619 2340 administrata
657 2289 742 2338 est
782 2297 889 2338 non
933 2280 1004 2337 ab
1047 2281 1288 2352 Angelis,
1323 2296 1501 2354 neque
1550 2297 1582 2338 a
1623 2281 1814 2352 signis.
1849 2288 1905 2336 et
1950 2282 2243 2356 portentiS,

235 2387 360 2428 eum
390 2371 606 2437 dicatur
631 2370 799 2427 Hebr.
829 2385 893 2436 u,
921 2370 1066 2442 quod
1101 2369 1234 2426 [ides
1263 2369 1595 2427 annuntiata
1622 2374 1709 2425 est
1746 2377 2092 2427 contestante
2130 2371 2247 2426 Deo
2347 2415 2358 2424 .

235 2459 425 2532 signi-²,
457 2468 513 2516 et
538 2459 825 2532 portentis·
851 2459 957 2517 Sed
988 2458 1399 2534 intelligendum
1423 2465 1527 2523 est,
1560 2459 1707 2532 quod
1746 2458 1881 2516 fides
1916 2466 2107 2516 nostra
2137 2473 2243 2514 non

235 2548 403 2605 habet
439 2549 823 2605 auctoritatem
853 2565 1034 2622 neque*
1073 2548 1144 2604 ab
1169 2548 1410 2620 Angelis,
1445 2565 1623 2621 neque
1668 2547 1741 2604 ab
1766 2547 2042 2620 aliquibus
2073 2547 2241 2604 mira-

235 2638 376 2696 culis
399 2636 581 2701 factis,
614 2635 708 2690 sed
739 2651 772 2691 a
800 2635 1132 2692 revelatione
1161 2637 1338 2692 Patris
1367 2653 1462 2707 per
1481 2635 1680 2710 Filium
1700 2641 1756 2690 et
1783 2634 2049 2708 Spiritum
2074 2651 2241 2706 sanc-

237 2737 374 2792 tum,
403 2711 532 2780 licet
573 2724 738 2778 etiam
779 2721 970 2794 Angeli
1016 2738 1081 2779 ea
1121 2722 1248 2796 qu‘ae
1283 2731 1410 2780 sunt
1456 2722 1581 2779 fidei
1621 2717 1827 2783 nostrae‘
1879 2723 2244 2780 revelaverim

235 2813 530 2888 aliquibus,
564 2818 624 2867 ut
671 2811 969 2876 Zachariae,
996 2817 1052 2867 et
1090 2811 1294 2877 luerim,
1323 2823 1380 2867 et
1421 2811 1589 2870 etiam
1626 2809 1845 2886 loseph,
1878 2817 1934 2868 et
1970 2812 2139 2870 etiam
2173 2810 2243 2868 ad

237 2903 364 2961 fidei
395 2901 558 2959 robur
585 2899 844 2957 miracula
873 2899 1107 2974 plurima
1135 2899 1282 2958 facta
1303 2900 1434 2956 sint.

875 3085 884 3094 ·
942 3079 1224 3149 CAPUT
1273 3041 1531 3148 xxxl.

272 3214 578 3290 Quomodo
611 3213 986 3292 intolliyitm·
1017 3213 1178 3294 quod
1205 3213 1459 3287 dicitur,
1494 3211 1702 3274 littora
1729 3211 2009 3276 mortalis
2032 3213 2214 3278 etiam

917 3359 920 3362 ,
977 3303 1119 3363 novi
1141 3303 1499 3364 testamenti.

307 3437 444 3492 Item
473 3434 699 3491 dubium
736 3435 976 3500 videtur,
1004 3435 1148 3509 quod
1192 3435 1457 3492 Athamas·
1488 3435 1625 3492 dicit
1671 3435 1737 3490 in·
1769 3434 1930 3508 epist.
1960 3433 2029 3491 ad
2076 3436 2243 3494 Sera-

235 3525 454 3598 pionem
491 3541 506 3578 :
544 3545 571 3576 α
613 3525 821 3580 Littera
866 3523 1110 3580 mortalis
1147 3522 1266 3580 haec
1302 3534 1429 3580 est:
1460 3525 1545 3580 Ab
1582 3523 1747 3581 initio
1786 3530 1835 3579 et
1876 3530 2001 3580 ante
2046 3523 2239 3581 soecula

236 3618 417 3682 ereata
446 3629 584 3690 aqam,
611 3623 718 3669 etc.
758 3631 782 3664 n
815 3619 870 3669 et
898 3612 1177 3684 subjungit
1213 3613 1384 3668 multa
1417 3612 1729 3674 testimonia
1757 3611 1826 3668 de
1860 3613 2055 3676 veteri,
2085 3619 2137 3668 et
2169 3612 2239 3668 de

235 3716 380 3760 novo
408 3707 758 3759 testamento.
781 3701 988 3759 Littera
1010 3711 1195 3766 autem
1213 3716 1372 3760 novae
1396 3701 1531 3774 legis
1552 3717 1655 3757 non
1676 3699 1892 3762 videtur
1912 3715 2033 3758 offis
2054 3701 2239 3758 litt-era

235 3790 432 3848 mortis
451 3809 462 3844 ;
480 3791 562 3847 sio
589 3792 732 3846 enim
751 3806 857 3847 non
885 3791 1064 3847 differt
1093 3790 1382 3847 etalittera
1397 3792 1599 3847 veteris
1630 3789 1782 3863 legis,
1797 3790 1865 3846 de
1894 3788 2241 3864 quadicitur

233 3881 284 3937 11
307 3880 431 3950 Cor.
467 3894 556 3947 111,
582 3879 726 3954 quod
757 3880 940 3946 littera
968 3877 1178 3936 occidit.
1203 3878 1308 3944 Sed
1337 3878 1649 3948 dicendum,
1680 3879 1825 3954 quod
1846 3891 2025 3956 neque
2053 3876 2241 3937 littera

235 3969 364 4027 novi
404 3969 749 4036 testamenti,
781 3985 958 4044 neque
994 3969 1196 4026 veteris
1223 3967 1445 4036 oceidit,
1476 3967 1580 4034 uisi
1610 3983 1706 4041 per
1740 3967 2107 4027 occasionem.
2128 3963 2247 4028 sed
