2850 4517
746 353 856 409 vn.
882 378 963 395 --
990 356 1069 409 ἰιιι
1112 353 1389 409 simeone
1439 355 1876 409 arose-omnum
2189 342 2312 409 417

313 478 578 549 seeundo,
607 477 911 537 debebatur
935 477 1153 538 Christo
1179 478 1381 539 ooelum
1412 495 1480 536 ex
1508 493 1609 537 sua
1628 477 2044 537 victoria.-Nam
2069 480 2316 538 Christus

315 568 474 625 estin
502 565 765 625 muudum
794 566 992 624 missus
1020 565 1093 624 ad
1130 567 1483 640 pugnandum
1528 574 1719 623 eontra
1759 564 2056 633 diabolum,
2088 574 2144 623 et
2182 566 2318 624 vicit

314 672 455 724 eum,
485 660 542 713 et
571 655 697 711 ideo
722 655 929 711 meruit·
948 653 1179 713 exaltari
1204 670 1369 729 super
1403 654 1607 713 omnia.
1636 657 1809 727 Apoc.
1837 669 1908 711 111
1937 671 1952 711 t
1983 655 2099 728 qu
2119 654 2245 721 vici,
2265 662 2317 711 et

311 745 562 803 sedicunt
584 751 745 817 patre
771 756 887 801 meo·
904 743 967 801 iu
994 744 1187 802 throno
1214 744 1345 817 ejus.
1379 744 1583 812 Tertio,
1599 760 1666 799 ex
1691 743 1776 799 sui
1801 742 2135 801 humilitate.
2153 742 2317 801 Nulla

315 835 455 893 enim
497 833 779 890 humilitas
816 839 900 891 est
930 832 1013 891 ita
1058 847 1257 906 magna
1292 834 1439 891 sicut
1483 832 1765 889 humilitas
1808 832 2029 900 Christi,
2061 832 2155 906 qui
2193 848 2319 889 cum

312 930 455 991 esset
483 924 651 991 Deus,
677 922 849 979 voluit
871 921 991 993 fieri
1031 922 1213 989 homo,
1242 930 1299 979 et
1334 937 1460 979 eum
1497 928 1644 977 esset
1683 921 1964 990 Dominus,
1992 920 2166 977 voluit
2200 920 2318 977 for-

314 1029 455 1071 mam
482 1010 628 1069 servi
654 1009 925 1083 accipere,
954 1010 1133 1069 faetus
1160 1009 1421 1068 obediens
1449 1026 1622 1084 usque
1651 1010 1721 1066 ad
1751 1014 2002 1079 mortem,
2029 1017 2091 1067 ut
2113 1010 2320 1067 dicitur

314 1101 445 1161 Phil.
476 1117 547 1173 ιι,
568 1107 626 1157 et
653 1097 943 1157 deseendit
964 1115 1141 1173 usque
1172 1100 1243 1157 ad
1273 1098 1564 1165 infernum,
1595 1104 1653 1158 et
1675 1098 1801 1156 ideo
1845 1098 2044 1155 meruit
2085 1096 2321 1155 exaltari

314 1207 484 1265 usque
502 1190 575 1248 ad
596 1188 795 1247 eoelum
824 1188 894 1244 ad
922 1187 1110 1245 sedem
1133 1188 1233 1244 Dei
1266 1204 1279 1243 ι
1310 1204 1440 1247 nam
1468 1187 1750 1245 humilitas
1778 1187 1866 1245 via
1895 1194 1980 1244 est
2009 1189 2078 1246 ad
2103 1188 2321 1245 exalta-

314 1280 537 1344 tionem,
580 1278 717 1335 Lue.
760 1293 910 1336 xiv:
947 1276 1051 1343 Qui
1090 1294 1145 1333 se
1185 1276 1460 1343 humiliat,
1502 1275 1864 1346 exaltabitur-3
1892 1276 2030 1351 Eph.
2081 1292 2181 1336 tv:
2216 1276 2324 1344 Qui

314 1368 595 1435 deseevadit,
620 1367 730 1441 ipse
757 1372 833 1425 eat
860 1372 912 1423 et
936 1366 1033 1441 qui
1052 1366 1285 1423 ascendit
1311 1382 1476 1439 super
1500 1382 1678 1423 omues
1703 1367 1872 1423 caelos.
1899 1364 2322 1434 Tertio,Christi

312 1458 561 1517 ascensio
583 1456 688 1514 fuit
716 1456 871 1514 utilis
901 1473 916 1513 ε
948 1464 1004 1514 et
1030 1452 1135 1513 hoe
1163 1463 1434 1529 quantum
1460 1456 1530 1512 ad
1568 1455 1698 1512 tria.
1725 1455 1928 1523 Primo,
1958 1461 2225 1529 quantum
2253 1456 2326 1513 ad

312 1547 557 1616 ductum,
592 1560 718 1605 nam
747 1546 817 1604 ad
843 1546 951 1604 hoe
974 1546 1225 1604 aseendit
1250 1550 1313 1603 ιιι
1352 1560 1453 1603 nos
1491 1539 1738 1613 duceret,
1770 1545 1915 1601 sicut
1939 1546 2238 1602 resurrexit
2261 1549 2325 1601 ut

310 1652 411 1697 nos
431 1651 719 1709 resurgere
748 1635 972 1703 faceret,
1004 1635 1084 1692 ita
1112 1632 1362 1693 aseendit
1392 1638 1456 1689 ιιι
1483 1648 1586 1689 nos
1605 1632 1854 1692 duceret.
1879 1628 1994 1690 Nos
2022 1634 2165 1691 enim
2195 1649 2328 1691 nes-

311 1726 594 1785 ciebamus
620 1724 788 1792 viam,
812 1723 913 1781 sed
937 1723 1053 1796 ipse
1076 1721 1341 1779 ostendit.
1368 1721 1534 1778 Michss
1561 1736 1608 1778 ιι
1639 1737 1654 1777 ι
1679 1721 1935 1779 Ascendit
1962 1722 2069 1779 iter
2084 1723 2327 1796 pandens

310 1821 433 1881 aute
450 1830 557 1871 eoa.
580 1814 651 1871 Ει
678 1820 741 1871 ιιι
766 1827 865 1870 nos
887 1826 1111 1869 securos
1136 1810 1397 1867 redderet
1423 1809 1492 1866 de
1515 1809 1862 1883 possessione
1885 1812 2035 1883 regni
2061 1812 2322 1870 eoelestiS.

308 1904 467 1961 Joan.
502 1918 605 1960 xiv
631 1918 646 1957 a
683 1898 829 1960 Vade
846 1914 1053 1972 parare
1082 1898 1231 1955 uobis
1251 1898 1442 1955 buum.
1467 1896 1736 1965 Secundo,
1770 1907 2037 1972 quantum
2066 1900 2136 1956 ad
2163 1915 2328 1957 secu-

310 1992 537 2049 ritatem
570 2004 586 2044 ε
614 1987 809 2045 adhoc
834 1987 981 2045 enim
1006 1984 1256 2044 aseendit
1300 1990 1363 2041 ut
1391 1984 1767 2060 interpellaret
1810 2003 1910 2060 pro
1949 1986 2126 2045 nobis,
2157 1989 2323 2045 Hebr.

309 2095 395 2137 vu
426 2096 440 2134 t
468 2076 731 2135 Accedam
750 2092 856 2150 per
877 2075 1209 2149 semetipsum
1231 2074 1303 2131 ad
1326 2074 1520 2141 Deum,
1543 2090 1746 2149 smper
1766 2074 1944 2133 vivom
1969 2079 2043 2133 ud
2068 2076 2330 2151 interpel-

312 2168 534 2225 landum
572 2182 703 2239 pro,
732 2164 903 2221 uobis.
957 2166 980 2221 1
1015 2164 1101 2223 Jo.
1130 2179 1177 2223 ιι
1214 2164 1590 2223 :Advocatum
1631 2163 1878 2222 habemus
1923 2164 2072 2238 apud
2115 2174 2328 2240 patrem

312 2256 495 2315 Iesum
510 2255 806 2314 Christum.
838 2254 1045 2323 Tertio,
1066 2259 1131 2312 ut
1152 2253 1222 2312 ad
1250 2268 1310 2311 se
1330 2253 1504 2312 corda
1532 2260 1722 2312 nostra
1744 2250 2008 2313 traheret.
2024 2255 2218 2313 Matth.
2235 2268 2326 2314 vn

317 2345 419 2405 Ubi
438 2351 517 2402 est
542 2344 823 2402 thesaurus
851 2350 997 2410 tuus,
1021 2341 1099 2401 ibi
1136 2347 1213 2401 est
1247 2348 1302 2402 et
1326 2358 1420 2401 cor
1447 2349 1622 2410 tuum,
1651 2349 1714 2400 ιιι
1740 2350 2154 2403 contemnamus
2183 2351 2331 2403 tem-

314 2433 549 2509 poralia.
596 2436 791 2508 Apost.
840 2432 991 2491 Colo.
1045 2448 1116 2493 ιιι
1154 2450 1171 2490 2
1214 2431 1275 2490 Si
1318 2432 1742 2491 consurrexistis
1777 2450 1896 2492 cum
1940 2432 2174 2502 Christo,
2214 2447 2332 2508 quoe

313 2538 533 2581 sursum
554 2529 678 2581 sunt
700 2522 944 2597 qum-ite,
973 2520 1066 2579 ubi
1095 2520 1344 2581 Christus
1364 2528 1444 2579 est
1480 2520 1543 2579 iu
1571 2521 1795 2580 dextera
1830 2521 1934 2580 Dei
1964 2524 2144 2581 cedens
2168 2539 2188 2582 .·
2211 2535 2330 2598 quoe

310 2628 533 2672 sursum
560 2617 687 2667 suut
707 2612 899 2682 sapite,
920 2626 1031 2668 nou
1058 2626 1173 2683 quoe
1197 2626 1359 2682 super
1380 2616 1610 2669 terram.

383 2700 521 2759 Inde
543 2705 803 2757 venturus
832 2706 909 2755 est
922 2696 1172 2769 judicare
1207 2699 1352 2755 vivos
1386 2704 1439 2756 et
1455 2705 1710 2757 mortuos.
1737 2700 1822 2757 Ad
1845 2687 2085 2759 officium
2113 2702 2259 2776 regis
2276 2706 2334 2760 et

314 2788 541 2847 Domini
582 2790 797 2859 spectat
828 2786 1103 2860 judicare,
1142 2784 1403 2844 Proverb.
1445 2802 1530 2844 xx
1577 2802 1593 2845 ε
1635 2786 1767 2846 Rex*
1788 2789 1881 2861 qui
1919 2788 2058 2848 sedet
2097 2790 2160 2848 in
2202 2792 2334 2849 solio

311 2876 519 2953 ‚iudicii
550 2874 953 2948 dissipatorum
999 2872 1199 2933 malum
1224 2872 1434 2931 iutuitu
1468 2890 1581 2933 suo.
1613 2876 1752 2946 Quia
1781 2892 1911 2951 ergo
1957 2878 2204 2937 Christus
2237 2896 2334 2937 as-

316 2967 506 3025 cendit
534 2964 593 3021 in
623 2964 846 3031 melum,
874 2968 933 3021 et
964 2963 1120 3021 sedet
1158 2962 1229 3022 ad
1265 2964 1551 3021 dexteram
1590 2964 1714 3033 Dei,
1744 2966 1890 3022 siout
1935 2967 2186 3026 dominus
2210 2980 2336 3027 om·-

317 3056 491 3125 nium‚
522 3052 873 3111 manifestum
898 3057 1005 3121 est,
1036 3051 1184 3125 quod
1206 3058 1424 3125 spectat
1446 3052 1518 3110 ad
1546 3068 1672 3115 eum
1699 3053 1992 3127 judicium.
2019 3056 2088 3115 Et
2129 3056 2253 3114 ideo
2278 3059 2337 3116 in

316 3142 514 3216 regula
554 3140 843 3201 catholicae
882 3140 1011 3199 fidei
1056 3140 1400 3210 confitemur,
1446 3141 1596 3216 quod
1635 3154 1897 3202 venturus
1947 3150 2034 3203 est
2081 3145 2337 3223 judicare

317 3232 479 3291 vivos
501 3236 559 3287 et
578 3236 866 3287 mortuos:
895 3230 1015 3287 hoe·
1042 3231 1212 3289 etiam
1240 3231 1499 3289 dixerunt
1526 3231 1740 3304 Angeli.
1772 3237 1898 3291 Act.
1929 3249 1952 3291 1
1981 3250 1997 3292 ι
2024 3235 2130 3293 Hie
2160 3232 2335 3305 Jews,

320 3320 411 3392 qui
439 3326 743 3393 assumptus
760 3325 839 3377 est
859 3332 897 3375 a
913 3318 1061 3375 vobis
1085 3318 1147 3376 iu
1169 3320 1379 3387 ooelum,
1398 3319 1476 3377 eie
1497 3319 1670 3377 veniet
1697 3323 2131 3395 quemadmodum
2163 3326 2338 3383 vidis-2

322 3409 392 3468 tie
418 3425 541 3467 eum
574 3415 782 3467 euntem
814 3407 876 3465 iu
911 3408 1111 3465 coelum.
1142 3409 1281 3466 Sunt
1313 3403 1514 3468 ¹autem
1549 3410 1656 3469 tria
1701 3413 2098 3473 consideranda
2135 3415 2206 3472 de
2232 3416 2338 3474 hoo

320 3497 553 3570 judicio.
582 3497 825 3555 Primum
856 3502 943 3555 est
969 3496 1147 3554 forma
1167 3497 1366 3571 judicii
1394 3515 1408 3554 ι
1439 3494 1739 3558 secundum
1766 3507 1870 3569 est,
1892 3504 2040 3575 quod
2066 3504 2340 3576 judicium

320 3585 426 3645 hoe
453 3592 539 3643 est
569 3585 872 3643 timendum
898 3602 911 3641 z
940 3585 1167 3644 tertium
1188 3594 1295 3655 est,
1326 3585 1568 3661 qualiter
1595 3602 1966 3664 praeparemus
1993 3606 2094 3650 nos
2134 3593 2204 3651 ad
2235 3592 2340 3651 boe

322 3675 615 3747 judicium.
645 3672 836 3745 Quoad
866 3672 1099 3732 formam
1131 3674 1329 3749 judieii
1362 3676 1472 3735 tria
1500 3684 1851 3748 concurrunt,
1875 3678 2086 3737 seilicet
2114 3682 2240 3754 quis
2264 3683 2341 3738 sit

322 3763 511 3838 judex,
546 3763 641 3836 qui
658 3762 965 3836 judicandi,
988 3769 1045 3821 et
1064 3763 1133 3821 de
1166 3764 1367 3837 quibus
1388 3766 1486 3822 sit.
1516 3766 1764 3828 Christus
1800 3774 1986 3826 autem
2023 3776 2110 3827 est
2142 3770 2335 3843 judex,

325 3854 452 3909 Act.
483 3867 558 3909 x:
589 3850 709 3923 Ipse
736 3852 924 3931 estqui
946 3851 1264 3912 constitutus
1285 3860 1363 3911 est
1405 3870 1443 3911 a
1475 3854 1584 3912 Deo
1607 3856 1780 3930 judex
1824 3858 2069 3917 vivorum
2107 3864 2159 3916 et
2188 3876 2343 3916 mor-

322 3945 569 4009 tuorum,
612 3941 743 4005 sive,
768 3940 1109 4015 accipiamus
1148 3958 1245 4015 per
1280 3948 1528 4001 mortuos
1579 3952 1919 4019 peccatores,
1951 3956 2008 4009 et
2048 3966 2148 4026 per
2180 3949 2342 4012 vivofl'

846 4058 899 4109 S.
930 4058 1085 4113 Τιιοιι.
1118 4062 1206 4119 Aa·
1239 4060 1504 4115 Onusam
1532 4080 1592 4107 -ι
1622 4060 1663 4115 1.
1689 4084 1751 4105 -
1773 4062 1836 4117 27

2724 362 2732 367 ι
2728 16 2731 19 ,

2758 526 2761 543 .-
2756 465 2761 513 -μ
2735 16 2759 453 -flL—...Ass—-u--uP-—fl-fl—*hh'
