2850 4517
554 332 671 398 176
1028 351 1081 395 s.
1124 346 1359 393 monas
1400 341 1728 397 nomm-ms
1768 338 2079 389 opuscum

552 474 669 525 tum
700 466 799 523 Dei
835 464 1093 533 comedit,
1120 464 1239 521 loco
1266 464 1424 535 cuius
1453 462 1703 519 Christus
1742 476 1803 517 se
1836 460 1983 533 ligno
2013 458 2158 531 affigi
2189 460 2462 533 permisit,
2498 470 2564 519 ut

448 561 450 565 ’
552 557 831 615 exolveret
846 571 971 630 quae
992 569 1099 611 non
1122 554 1323 627 rapuit,
1342 552 1488 609 sicut
1502 552 1570 608 de
1589 566 1653 607 eo
1677 549 1966 607 Psalmista
1981 550 2116 605 dicit
2137 548 2192 605 in
2220 550 2524 609 Psal.1.v1u
2544 571 2557 608 ε

553 645 811 705 Convenit
841 642 1003 703 etiam
1038 649 1297 723 quantam
1325 642 1397 699 ad
1435 641 1862 697 Sacramentum.
1891 638 2078 696 Voluit
2123 640 2268 695 enim
2309 640 2564 699 Christus

551 734 837 793 ostendere
861 750 962 791 sua
987 740 1182 800 morte,
1213 738 1276 788 ut
1298 732 1381 788 sic
1408 746 1747 788 moreremur
1777 730 1890 785 vita
1914 728 2303 800 carnali,qu0d
2333 730 2565 803 spiritus

551 830 737 881 noster
758 823 815 879 in
842 838 1078 896 superna
1104 821 1415 879 elevaretur
1447 837 1462 876 ε
1495 820 1637 877 unde
1667 825 1723 875 et
1760 818 1878 891 ipse
1905 817 2060 885 dicit,
2090 818 2247 874 Joan.
2279 833 2368 877 ιιι
2397 859 2410 877 .
2443 821 2564 893 Ego

548 911 598 969 si
636 912 903 971 exaltatus
929 909 1087 984 fuero
1118 927 1153 967 a
1194 917 1368 975 terra,
1396 908 1581 965 omnia
1623 906 1838 965 traham
1882 906 1953 963 ad
1992 906 2264 977 meipsum,
2298 910 2565 965 convenit

499 986 503 990 ’
551 1002 719 1061 etiam
762 1007 1031 1075 quantum
1076 999 1145 1056 ad
1185 998 1494 1072 exemplum
1534 996 1792 1071 perfeclae
1835 996 2073 1051 virtutis.
2109 996 2368 1052 Homines
2415 997 2565 1053 enim

554 1092 885 1165 quandoque
913 1106 1020 1145 non
1050 1089 1231 1145 minus
1258 1086 1536 1159 refugiunt
1564 1084 1928 1159 vituperabile
1951 1100 2122 1156 genus
2147 1085 2359 1153 mortiS,
2392 1102 2566 1158 quam

553 1180 749 1236 mortis
771 1178 1131 1236 acerbitatem
1155 1194 1174 1231 ι
1205 1176 1349 1233 unde
1382 1175 1454 1233 ad
1479 1174 1870 1249 perfectionem
1895 1173 2115 1230 virtutis
2157 1173 2436 1246 pertinere
2473 1174 2567 1231 vi-

552 1270 733 1337 detur,
777 1275 837 1324 ut
891 1272 1115 1340 propter
1157 1264 1360 1321 bonum
1416 1262 1855 1341 virtutis-etiam
1895 1261 2094 1337 aliquis
2139 1263 2564 1336 vituperabilem

554 1366 788 1419 mortem
813 1372 921 1412 non
949 1354 1187 1430 refugiat
1214 1354 1352 1427 pati.
1373 1353 1529 1410 Unde
1570 1356 1765 1426 Apost.
1793 1352 1863 1407 ad
1905 1351 2395 1409 commendandam
2430 1370 2568 1426 per-

553 1446 756 1504 sectam
792 1444 1163 1502 obedientiam
1187 1442 1408 1513 Christi,
1439 1458 1563 1499 cum
1605 1441 1833 1498 dixisset
1873 1440 1943 1496 de
1983 1456 2049 1497 eo
2081 1440 2228 1513 quod
2256 1440 2438 1498 factus
2478 1451 2567 1499 est

552 1535 815 1593 obediens
840 1549 1015 1607 usque
1044 1534 1114 1591 ad
1144 1540 1396 1599 mortem,
1420 1530 1703 1588 subdidit:
1735 1530 1965 1587 Mortem
1995 1536 2173 1598 autem
2195 1530 2367 1587 erucis
2395 1546 2416 1586 .·
2433 1550 2568 1604 quae

554 1624 777 1699 quidem
799 1639 947 1681 mors
978 1621 1295 1696 turpissima
1322 1620 1634 1689 videbatur,
1660 1619 1961 1677 secundum
1988 1616 2124 1676 illud
2151 1619 2448 1693 Sapientiae
2472 1637 2524 1677 ιι
2549 1639 2564 1676 z

554 1713 732 1773 Morte
756 1711 1071 1787 turpissima
1098 1711 1492 1769 condemnemus
1521 1726 1662 1767 eum.

1190 1883 1478 1953 CAPUT
1555 1880 1917 1951 GCXXIX.

1258 2026 1355 2091 De
1386 2029 1576 2089 morte
1607 2021 1860 2089 Christi.

629 2161 764 2217 Cum
798 2164 986 2217 autem
1010 2158 1066 2216 in
1093 2156 1311 2215 Christo
1336 2158 1664 2215 conveniant
1690 2156 1748 2212 in
1775 2169 1941 2214 unam
1969 2170 2259 2227 personam
2289 2164 2404 2215 tres
2429 2161 2570 2215 sub-

558 2249 779 2305 stantiae
820 2247 1031 2304 scilicet
1072 2261 1289 2319 corpuS,
1320 2244 1520 2313 anima,
1553 2253 1608 2302 et
1651 2244 1913 2303 divinitas
1952 2244 2125 2312 verbi,
2153 2262 2390 2319 quarum
2417 2248 2566 2318 duaa,

558 2336 771 2411 scilicet
811 2336 995 2393 anima
1038 2340 1095 2390 et
1120 2335 1341 2408 corpus,
1368 2335 1538 2391 unitae
1567 2343 1694 2391 sunt
1732 2335 1788 2391 in
1811 2348 1977 2392 unam
2001 2341 2274 2404 naturam,
2305 2336 2362 2393 in
2387 2344 2570 2395 morte

558 2419 781 2497 quidem
809 2422 1011 2481 Christi
1048 2432 1305 2497 separata
1330 2431 1413 2481 est
1447 2422 1576 2480 unio
1608 2424 1853 2497 corporis
1887 2431 1944 2480 et
1973 2424 2192 2483 animae.
2212 2424 2388 2483 Aliter
2419 2427 2570 2483 enim

560 2526 761 2585 corpus
801 2528 932 2571 vere
962 2518 1240 2569 mortuum
1280 2528 1389 2570 non
1417 2512 1636 2570 fuisset.
1662 2513 1806 2569 Mors
1845 2512 1992 2571 enim
2017 2513 2266 2587 corperis
2301 2510 2570 2573 nihil'est

560 2600 709 2659 aliud
738 2616 905 2675 quam
927 2602 1205 2675 separatio
1230 2602 1428 2660 animae
1448 2600 1519 2659 ab
1545 2601 1664 2675 ipso
1691 2620 1704 2657 ε
1733 2608 1989 2659 neutrum
2028 2609 2211 2660 tamen
2248 2610 2570 2677 separatum

560 2696 641 2747 est
676 2690 777 2747 Dei
814 2690 994 2749 Verbo
1022 2696 1291 2765 quantum
1329 2692 1399 2748 ad
1435 2692 1692 2748 unionem
1714 2708 1980 2764 personae.
2008 2692 2090 2747 Ex
2131 2692 2332 2749 unione
2378 2702 2571 2751 autem

559 2778 756 2837 animae
787 2785 843 2836 et
888 2778 1135 2852 corporis
1179 2779 1410 2838 resultat
1455 2780 1808 2838 humanitas:
1841 2782 1983 2838 unde
2019 2788 2276 2855 separata
2313 2782 2502 2840 anima
2539 2800 2572 2841 a

558 2882 785 2941 corpore
814 2867 1015 2925 Christi
1049 2884 1145 2941 per
1186 2877 1442 2941 mortem,
1475 2868 1533 2925 in
1558 2870 1738 2927 triduo
1767 2870 1959 2927 mortis
1981 2869 2146 2926 homo
2181 2870 2292 2927 dici
2325 2888 2436 2929 non
2465 2890 2572 2945 po-

561 2958 685 3014 tuit.
717 2956 940 3015 Dictum
964 2964 1047 3013 est
1089 2966 1274 3016 autem
1300 2974 1486 3033 supra,
1520 2957 1666 3032 quod
1691 2967 1911 3032 propter
1950 2958 2206 3015 unionem
2246 2960 2304 3022 in
2334 2977 2572 3033 persona

559 3046 812 3104 humanae
858 3054 1070 3105 naturae
1120 3048 1191 3105 ad
1226 3047 1327 3103 Dei
1368 3047 1627 3116 Verbum,
1655 3048 1925 3121 quidquid
1975 3045 2178 3105 dicitur
2225 3048 2296 3105 de
2346 3048 2573 3108 homine

558 3134 792 3202 Christe,
822 3140 1003 3207 potest
1030 3143 1087 3191 et
1114 3136 1501 3194 convenienter
1530 3136 1599 3191 de
1631 3135 1732 3192 Dei
1755 3136 1866 3194 filio
1893 3136 2179 3210 praedicari
2206 3154 2221 3194 z
2253 3139 2400 3195 unde
2445 3156 2576 3197 cum

561 3221 616 3277 in
641 3228 818 3278 morte
842 3225 1105 3281 manserit
1122 3226 1248 3282 unio
1276 3223 1582 3297 personalis
1608 3224 1729 3281 Filii
1745 3226 1846 3282 Dei
1876 3232 1990 3283 tam
2019 3226 2087 3282 ad
2117 3227 2380 3293 animam,
2401 3246 2574 3303 quam

560 3310 629 3367 ad
659 3325 858 3385 corpus
882 3312 1103 3381 Christi,
1136 3313 1405 3388 quidquid
1429 3313 1500 3369 de
1527 3320 1761 3387 utroque
1785 3329 1972 3371 eorum
2002 3314 2222 3383 dicitnr,
2250 3323 2476 3388 poterat
2501 3308 2574 3374 de

559 3398 661 3455 Dei
683 3400 820 3457 Filio
846 3401 1325 3474 praedicari.Unde
1346 3408 1401 3459 et
1427 3402 1483 3459 in
1510 3402 1768 3477 Symbolo
1791 3402 1992 3459 dicitur
2015 3404 2084 3459 de
2106 3403 2244 3468 Filio
2271 3406 2398 3473 Dei,
2423 3406 2576 3480 quod

558 3488 803 3563 sepultus
822 3498 925 3559 est,
942 3499 1164 3565 propter
1177 3490 1283 3547 hoc
1296 3492 1445 3565 quod
1464 3506 1664 3565 corpus
1677 3490 1782 3549 sihi
1804 3492 2015 3548 unitum
2034 3492 2088 3548 in
2103 3493 2360 3565 sepulcro
2369 3495 2571 3567 jacuit,

558 3583 614 3634 et
635 3577 781 3651 quod
806 3578 1089 3637 descendit
1112 3579 1182 3637 ad
1207 3578 1407 3637 inferos
1437 3581 1619 3639 anima
1647 3578 2032 3637 descendente.
2061 3580 2159 3637 Est
2183 3582 2354 3639 etiam
2384 3580 2580 3639 consi-

558 3667 885 3737 derandum,
915 3669 1060 3743 quod
1088 3670 1449 3728 masculinum
1477 3688 1649 3743 genus
1672 3670 1923 3743 designat
1971 3686 2280 3743 personam,
2313 3680 2580 3731 neutrum

558 3772 689 3815 vero
710 3766 966 3816 naturam
996 3776 1009 3813 ε
1040 3759 1181 3815 unde
1210 3758 1265 3815 in
1294 3761 1562 3819 Trinitate
1599 3760 1852 3827 dicimus,
1887 3760 2032 3829 quod
2065 3758 2212 3818 filius
2251 3770 2342 3821 est
2368 3762 2518 3821 alius
2545 3780 2581 3821 a

558 3844 742 3913 Patre,
771 3860 879 3902 non
904 3846 1073 3904 aliud.
1100 3846 1409 3905 Secundum
1453 3834 1556 3907 hoc
1585 3864 1714 3919 ergo
1752 3848 1808 3903 in
1852 3847 2034 3905 triduo
2081 3848 2276 3905 mortis
2319 3850 2582 3907 Christus

558 3929 665 3988 fuit
702 3940 851 3991 totus
896 3936 949 3991 in
990 3936 1259 4009 sepulcro,
1291 3942 1438 3995 totus
1475 3937 1530 3993 in
1575 3935 1806 4005 inferno,
1841 3944 1990 3994 totus
2027 3937 2086 3994 in
2122 3937 2294 4007 Coelo,
2348 3948 2576 4013 propter
