2850 4517
578 382 697 445 180
1054 398 1107 441 ει
1134 396 1386 440 -raomn
1425 394 1755 445 Aoumms
1795 372 2108 439 orusoum't

574 495 632 573 Si
660 530 792 571 vero
829 513 1206 571 consideretur
1234 512 1436 570 animae
1477 511 1663 583 passio
1704 516 1974 583 exparte
2013 510 2236 583 objecti,
2259 527 2370 569 non
2413 517 2598 572 omnis

575 602 825 679 potentia
843 603 1042 659 animae
1056 601 1390 675 patiebatur,
1412 600 1717 657 secundum
1740 599 1889 673 quod
1913 599 2099 673 passio
2127 603 2349 675 proprie
2371 612 2596 677 sumpta

574 698 963 749 nocumentum
991 692 1273 765 importat.
1301 690 1423 746 Non
1460 690 1609 745 enim
1646 705 1713 744 ex
1736 694 1896 761 parte
1911 688 2126 761 'objecti
2165 689 2464 763 cujuslibet
2491 707 2597 766 po-

576 764 1010 854 tentiaeapoterat
1036 778 1249 853 aliquid
1277 794 1399 835 esse
1427 776 1704 834 nocivum.
1722 778 1844 834 Jam
1875 778 2024 833 enim
2051 793 2219 851 supra
2247 777 2460 837 dictum
2483 788 2594 849 est,

574 870 723 945 quod
747 870 930 927 anima
956 868 1160 925 Christi
1192 865 1436 941 perfecta
1459 866 1559 921 Dei
1585 866 1796 923 visione
1822 866 2400 940 fruebatur.Superior
2422 870 2600 941 igitur

572 961 719 1017 ratio
745 961 944 1017 auimae
970 957 1195 1025 Christi,
1222 973 1348 1031 quae
1380 957 1546 1015 rebus
1577 957 1802 1013 aeternis
1837 956 2278 1031 contemplandis
2302 965 2360 1015 et
2387 974 2600 1016 consu-

574 1048 753 1105 lendis
792 1047 1040 1115 inhaeret,
1086 1046 1223 1102 nihil
1266 1046 1470 1103 habeat
1517 1044 1829 1115 adversum,
1867 1051 1966 1101 aut
2005 1061 2335 1118 repugnans,
2363 1062 2434 1103 ex
2481 1065 2598 1122 quo

491 1164 497 1168 -
573 1138 760 1211 aliqua
784 1136 1097 1193 nocumenti
1126 1136 1309 1209 passio
1334 1136 1390 1191 in
1416 1150 1482 1191 ea
1511 1134 1692 1192 locum
1717 1133 1964 1190 haberet.
1995 1134 2264 1192 Potentiae
2291 1152 2424 1193 vero
2461 1152 2596 1194 sen·

574 1224 775 1293 sitivae,
806 1240 1038 1297 quarum
1082 1224 1298 1297 objecta
1338 1231 1467 1280 sunt
1494 1238 1586 1279 res
1625 1236 1923 1295 corporeae,
1946 1221 2150 1278 habere
2185 1232 2443 1295 poteraut
2486 1226 2596 1283 ali-

573 1314 1135 1385 quodnocumentum
1166 1330 1235 1369 ex
1262 1313 1508 1385 corporis
1530 1312 1823 1383 passione:
1849 1310 1996 1366 unde
2027 1310 2304 1368 sensibilis
2339 1312 2500 1369 dolor
2539 1315 2618 1391 ἰοί

573 1400 789 1459 Christo
813 1402 917 1458 fuit
943 1416 1173 1475 corpore
1200 1402 1466 1473 patiente.
1493 1402 1561 1456 Et
1585 1400 1720 1473 quia
1747 1400 1900 1459 laesio
1927 1399 2174 1473 corporis
2197 1401 2340 1458 sicut
2364 1417 2400 1459 a
2427 1418 2595 1459 sensu

572 1489 809 1545 sentitur
854 1492 1035 1555 noxia,
1082 1491 1159 1547 ita
1197 1492 1366 1547 etiam
1412 1490 1640 1561 interior
1687 1489 2008 1561 imaginatio
2055 1504 2178 1545 eam
2225 1496 2289 1544 ut
2334 1490 2594 1551 nocivam

574 1577 953 1651 apprehendit,
983 1579 1109 1636 inde
1149 1580 1401 1653 sequitur
1443 1579 1672 1634 interior
1700 1576 1930 1635 tristitia
1972 1578 2143 1633 etiam
2181 1578 2511 1636 cum·dolor
2540 1581 2597 1636 in

572 1668 803 1739 corpore
847 1684 955 1725 non
1001 1668 1256 1735 sentitur,
1308 1675 1367 1739 et
1410 1667 1554 1724 hanc
1602 1666 1913 1740 passionem
1963 1666 2208 1723 tristitiae
2246 1665 2490 1723 dicimus
2540 1670 2596 1724 in

575 1756 760 1826 anima
803 1756 1005 1814 Christi
1050 1756 1240 1813 fuisse.
1281 1758 1404 1813 Non
1451 1755 1627 1813 solum
1668 1760 1855 1829 autem
1901 1754 2240 1827 imaginatio,
2279 1754 2377 1811 sed
2419 1756 2594 1814 etiam

578 1847 725 1905 ratio
772 1846 997 1913 inferior
1040 1846 1232 1903 nociva
1280 1846 1528 1919 corporis
1573 1843 1934 1917 apprehendit
1985 1860 1998 1897 t
2039 1850 2096 1901 et
2137 1844 2262 1900 ideo
2307 1844 2479 1901 etiam
2525 1864 2593 1903 ex

574 1936 1010 2013 apprehensione
1037 1933 1313 1991 inferioris
1340 1932 1590 2001 rationis,
1622 1948 1748 2006 quae
1775 1932 1922 1989 circa
1952 1933 2276 2007 temporalia
2312 1941 2587 2003 versatur,

572 2030 793 2101 poterat
819 2023 1001 2098 passio
1032 2021 1274 2080 tristitiae
1300 2021 1505 2079 habere
1528 2020 1710 2093 locum
1733 2020 1791 2101 in
1818 2020 2055 2088 Christo,
2087 2022 2146 2076 in
2173 2028 2442 2094 quantum
2475 2022 2593 2079 sci-

573 2114 703 2171 licet
727 2120 982 2179 mortem,
1009 2120 1067 2167 et
1096 2110 1260 2167 aliam
1284 2110 1530 2182 corporis
1556 2107 2081 2189 iaesiouem‘inferior
2109 2109 2252 2165 ratio
2279 2108 2586 2183 apprehen-

572 2201 821 2271 debatut
842 2200 1082 2266 noxiam,
1102 2204 1156 2254 et
1172 2185 1444 2271 appetitui
1463 2197 1701 2255 naturali
1725 2197 2080 2255 contrariam.
2099 2198 2379 2270 Contingit
2401 2205 2589 2255 autem

574 2286 643 2347 ex
668 2305 875 2356 amore,
907 2288 1004 2361 qui
1038 2286 1173 2344 facit
1201 2286 1339 2343 duos
1380 2286 1631 2343 homiues
1653 2288 1812 2361 quasi
1841 2303 2032 2354 uuum,
2061 2295 2124 2343 ut
2169 2288 2370 2360 aliquis
2407 2290 2590 2345 tristi-

576 2379 713 2435 tiam
752 2378 997 2449 patiatur
1022 2391 1131 2431 non
1159 2374 1335 2432 solum
1374 2392 1441 2432 ex
1470 2376 1539 2431 iis
1580 2391 1707 2450 quae
1736 2392 1833 2449 per
1874 2376 2341 2449 imaginationem,
2373 2376 2464 2433 vel
2493 2395 2591 2451 per

575 2465 891 2522 inferiorem
926 2464 1194 2522 rationem
1221 2464 1584 2537 apprehendit
1625 2474 1686 2521 ut
1712 2466 1818 2521 sibi
1853 2466 2066 2532 nociva,
2099 2465 2197 2521 sed
2229 2466 2398 2522 etiam
2427 2482 2500 2522 ex
2525 2468 2595 2522 iis

576 2570 705 2629 quae
727 2552 1089 2627 apprehendit
1117 2562 1180 2610 ut
1216 2552 1399 2621 noxia,
1436 2553 1560 2610 aliis
1596 2570 1736 2627 quos
1764 2563 1915 2611 amat
1955 2570 1970 2609 t
2002 2554 2148 2611 unde
2183 2570 2251 2610 ex
2275 2554 2377 2610 hoc
2406 2555 2588 2612 tristi-

576 2629 712 2700 tia'm
740 2640 990 2699 Christus
1018 2641 1350 2719 patiebatur,
1384 2642 1683 2699 secundum
1707 2642 1856 2719 quod
1884 2643 2026 2709 aliie,
2059 2658 2198 2717 quos
2225 2658 2294 2698 ex
2314 2643 2589 2700 charitate

574 2729 817 2807 amabat,
851 2729 1151 2807 periculum
1177 2730 1461 2786 imminere
1489 2730 1855 2802 cognoscebat
1882 2731 2076 2804 cuipae,
2105 2730 2192 2787 vel
2216 2746 2418 2804 poenae,
2445 2732 2591 2788 unde

576 2835 682 2877 nou
713 2819 889 2876 solum
913 2818 1037 2886 sibi,
1059 2818 1158 2875 sed
1186 2819 1354 2876 etiam
1379 2817 1503 2875 aliis
1521 2818 1715 2875 doluit.
1743 2819 1812 2875 Et
1831 2820 2084 2893 quamvis
2108 2818 2328 2876 dilectio
2351 2822 2590 2893 proximi

576 2909 648 2967 ad
669 2910 1005 2981 superiorem
1025 2909 1296 2981 rationem
1311 2900 1716 2981 Quodammodo
1729 2908 2022 2982 pertineat,
2045 2909 2102 2964 in
2126 2913 2395 2981 quantum
2415 2912 2596 2984 proxi·

575 3012 700 3054 mus
728 2996 1089 3068 excharitate
1112 2995 1363 3069 diiigitur
1383 3004 1607 3069 propter
1635 2998 1830 3065 Deum,
1861 2996 2113 3071 superior
2135 3004 2322 3053 tamen
2360 2998 2509 3056 ratio
2534 3001 2593 3056 in

573 3086 792 3157 Christo
820 3084 889 3141 de
917 3086 1287 3159 proximorum
1330 3083 1636 3142 defectibus
1666 3084 1949 3142 tristitiam
1990 3085 2194 3142 habere
2239 3101 2342 3141 non
2383 3088 2590 3160 potuit,

573 3170 716 3231 sicut
759 3174 814 3230 in
862 3174 1019 3247 uobis
1064 3174 1265 3248 habere
1312 3180 1514 3246 potest.
1560 3172 1888 3248 Quia-enim
1930 3174 2074 3231 ratio
2105 3174 2354 3246 superior
2385 3175 2594 3233 Christi

572 3262 733 3337 plena
762 3262 863 3319 Dei
891 3262 1101 3320 visione
1124 3261 1428 3330 fruebatur,
1447 3261 1550 3319 hoc
1573 3263 1735 3319 modo
1756 3262 2200 3335 apprehendebat
2221 3262 2498 3337 quidquid
2521 3267 2598 3323 ad

573 3352 807 3408 aliorum
844 3351 1091 3408 defectus
1133 3352 1391 3423 pertinet,
1443 3351 1746 3407 secundum
1785 3352 1930 3425 quod
1975 3352 2032 3407 in
2073 3351 2261 3408 divina
2305 3350 2599 3425 Sapientia

573 3442 906 3507 continetur,
947 3438 1248 3496 secundum
1281 3454 1449 3513 quam
1491 3439 1749 3496 decenter
1776 3439 2089 3496 ordinatum
2121 3440 2312 3497 existit
2347 3448 2408 3497 et
2441 3442 2599 3515 quod

572 3528 776 3603 atiquis
802 3543 1037 3603 peccare
1056 3528 1428 3601 permittatur,
1451 3536 1508 3584 et
1535 3527 1683 3603 quod
1703 3543 1800 3601 pro
1825 3536 2052 3601 peccato
2075 3527 2355 3601 punietur.
2373 3528 2446 3587 Et
2465 3530 2603 3587 ideo

572 3634 677 3676 nec
701 3618 882 3695 anima
912 3616 1133 3683 Christi,
1160 3631 1261 3671 nec
1286 3616 1712 3691 aliquis-beatus
1738 3617 1914 3674 Deum
1939 3617 2151 3685 videns,
2183 3632 2252 3673 ex
2280 3618 2604 3677 defectibus

572 3707 943 3780 proximorum
972 3704 1258 3761 tristitiam
1283 3706 1396 3777 pati
1421 3711 1626 3779 potest.
1653 3706 1822 3764 Secus
1849 3712 2035 3763 autem
2064 3706 2230 3761 estin
2257 3706 2602 3777 viator-ibae,

571 3796 667 3869 qui
706 3796 777 3851 ad
814 3788 1083 3869 rationem
1119 3793 1407 3867 sapientiae
1442 3794 1738 3850 videndam
1775 3810 1884 3851 non
1924 3796 2234 3867 attingunt.
2289 3794 2394 3851 Hic
2439 3798 2609 3855 enim

570 3883 743 3939 etiam
769 3879 1069 3940 secundum
1095 3884 1365 3961 rationem
1394 3884 1733 3958 superiorem
1757 3882 1826 3941 de
1849 3882 2158 3941 defectibus
2191 3883 2429 3943 aliorum
2455 3887 2610 3944 tris-

572 3965 779 4043 tantur,
824 3970 955 4027 dum
1006 3972 1076 4029 ad
1117 3971 1380 4030 honorem
1427 3972 1546 4041 Dei,
1595 3978 1653 4029 et
1703 3972 2094 4031 exaltationem
2118 3970 2268 4031 fidei
2312 3973 2614 4047 pertinere

2561 4289 2639 4391 ¹(
