2850 4517
501 380 587 450 ⁴0
982 394 1038 443 ι.
1079 390 1317 445 mou
1353 392 1685 447 Αουιιωιε
1724 392 2037 442 oensem

503 521 589 573 est
615 513 764 572 enim
785 508 936 587 quod
961 525 1124 569 omne
1145 524 1316 584 agens
1337 515 1473 582 agat
1497 510 1603 567 sibi
1626 509 1807 568 simile
1830 511 2133 569 secundum
2159 512 2307 587 quod
2330 515 2513 589 possi·

501 604 614 663 bile
639 608 745 673 est,
785 617 893 659 non
925 609 1113 660 autem
1152 608 1275 661 erat
1313 598 1593 673 possibile,
1636 600 1787 674 quod
1840 600 2263 659 similitudinem
2311 604 2514 661 divinat

503 678 773 750 bonitatis
799 705 888 747 res
917 705 951 748 a
979 692 1094 749 Deo
1127 689 1416 763 productae
1446 697 1911 763 consequerentur
1943 689 1997 745 in
2030 703 2098 746 ea
2135 690 2510 764 simplicitate,

505 780 807 840 secundum
829 794 997 855 quam
1018 776 1294 834 invenitur
1323 778 1378 833 in
1403 778 1540 846 Deo,
1572 778 1716 833 unde
1744 778 1989 851 oportuit
2010 780 2157 853 quod
2186 781 2241 835 id
2266 782 2415 854 quod
2430 789 2515 839 est

505 886 673 927 unum
697 875 756 926 et
771 868 1023 941 simplex,
1056 872 1545 932 repraesentaretur
1571 866 1628 921 in
1667 864 1831 922 rebus
1860 867 2105 923 causatis
2144 866 2515 927 diversimode

503 967 563 1017 et
596 956 957 1015 dissimiliter.
981 954 1221 1013 Necesse
1261 955 1432 1026 igitur
1462 954 1565 1010 l'uit
1599 954 1982 1011 diversitatem
2018 972 2139 1011 esse
2180 956 2236 1012 in
2275 959 2441 1013 rebus

504 1050 621 1105 Deo
649 1047 949 1121 productis,
975 1053 1038 1101 ut
1064 1044 1310 1101 divinam
1334 1044 1727 1117 perfectionem
1742 1056 1939 1101 ‘rerum
1984 1044 2279 1101 diversitas
2312 1061 2519 1103 secun-

503 1136 638 1196 dum
688 1151 849 1192 suum
897 1134 1118 1191 modum
1165 1131 1497 1190 imitaretur.
1535 1132 1673 1189 Item
1712 1148 1877 1188 unum
1924 1134 2179 1208 quodque
2226 1141 2517 1193 causatum

505 1225 723 1283 linitum
749 1232 853 1291 est,
885 1222 1056 1279 solius
1082 1222 1228 1279 enim
1258 1221 1357 1278 Dei
1383 1230 1467 1278 eat
1496 1221 1733 1277 essentia
1770 1220 2001 1285 infinita,
2031 1231 2091 1277 ut
2121 1236 2287 1294 supra
2324 1230 2520 1281 osten-

505 1328 630 1373 sum
654 1319 739 1368 est
768 1327 785 1368 t
815 1310 1099 1386 quodlibet
1129 1317 1316 1367 autem
1346 1309 1560 1366 finitum
1601 1324 1699 1382 per
1738 1307 2074 1367 additionem
2112 1310 2341 1368 alterius
2382 1313 2520 1370 red·

506 1400 661 1458 ditur
681 1400 878 1473 majus.
899 1398 1092 1457 Melius
1115 1396 1285 1471 igitur
1317 1398 1422 1454 fuit
1452 1398 1831 1455 diversitatem
1872 1399 1926 1454 in
1957 1398 2119 1457 rebus
2144 1400 2348 1457 creatis
2370 1416 2521 1473 esse,

505 1496 570 1545 ut
601 1490 683 1545 sic
712 1488 870 1562 plura
896 1488 1039 1546 bona
1067 1494 1268 1555 essent,
1295 1502 1465 1562 quam
1502 1488 1651 1562 quod
1696 1496 1842 1545 esset
1883 1504 2050 1545 unum
2094 1496 2309 1546 tantum
2342 1506 2520 1563 genus

505 1593 688 1635 rerum
717 1591 751 1636 a
775 1578 888 1635 Deo
905 1577 1251 1651 productum.
1267 1575 1476 1651 Optimi
1502 1583 1687 1633 autem
1716 1584 1800 1634 est
1824 1578 2033 1651 optima
2060 1577 2521 1637 adducerezcond·

504 1668 732 1727 veniens
759 1666 928 1739 igitur
947 1665 1053 1723 l’uit
1075 1665 1210 1734 Deo,
1235 1665 1385 1740 quod
1407 1664 1464 1721 in
1489 1664 1655 1723 rebus
1674 1664 2056 1724 diversitatem
2083 1667 2433 1742 produceret.

1190 1835 1476 1907 CAPUT
1526 1834 1836 1905 LXXIII.

852 1978 949 2044 De
975 1976 1327 2043 diversitate
1346 1995 1572 2055 remm,
1600 1976 1825 2059 produ,
1856 1981 1914 2042 et
1941 1976 2169 2042 ordine.

578 2112 834 2187 oportuit
855 2120 1040 2169 autem
1068 2111 1446 2169 diversitatem
1466 2111 1525 2168 in
1552 2110 1716 2167 rebus
1738 2126 1865 2169 cum
1892 2110 2081 2168 ordine
2108 2111 2348 2187 quodam
2372 2113 2527 2173 insti·

507 2202 613 2271 tui,
645 2207 707 2257 ut
735 2200 946 2256 scilicet
974 2199 1229 2274 quaedam
1252 2188 1376 2256 aliis
1416 2207 1601 2256 essent
1630 2199 1862 2273 potiora.
1896 2200 2011 2256 Hoc
2050 2200 2195 2255 enim
2235 2201 2525 2263 adabun-

508 2287 756 2345 dantiam
780 2285 982 2342 divinae
1012 2285 1275 2342 bonitatis
1301 2284 1558 2358 pertinet,
1592 2290 1653 2342 ut
1681 2302 1795 2343 suae
1818 2284 2082 2344 bonitatis
2109 2274 2526 2347 similitudinem

508 2375 676 2433 rebus
703 2375 944 2431 causatis
970 2374 1356 2442 communicet,
1396 2379 1664 2447 quantum
1702 2374 1958 2446 possibile
1986 2383 2071 2431 est
2101 2390 2117 2431 ι
2148 2375 2295 2435 Deus
2336 2386 2526 2436 autem

509 2454 620 2521 non
651 2470 864 2521 tantum
888 2462 944 2520 in
982 2478 1041 2521 se
1078 2466 1252 2520 bonus
1291 2471 1394 2531 est,
1427 2462 1524 2519 sed
1562 2464 1729 2520 etiam
1758 2463 1866 2520 alia
1895 2463 1950 2520 in
1992 2465 2239 2522 bonitate
2278 2466 2521 2536 excellit,

510 2557 578 2623 et·
608 2568 674 2609 ea
719 2551 786 2609 ad
824 2550 1128 2608 bonitatem
1170 2549 1412 2608 adducit.
1455 2550 1527 2609 Ut
1575 2552 1743 2624 igitur
1791 2550 2087 2625 perfectior
2133 2559 2279 2610 esset
2339 2570 2526 2613 rerum

479 2647 824 2699 &reaten-um
866 2639 1164 2697 similitudo
1193 2639 1263 2696 ad
1303 2639 1498 2706 Deum,
1526 2638 1893 2696 necessarium
1923 2639 2026 2697 suit
2051 2646 2110 2698 ut
2147 2644 2403 2717 quaedam
2433 2660 2528 2703 res

511 2728 638 2788 aliis
666 2728 1130 2786 constituerentur
1160 2727 1431 2796 meliores»,
1470 2736 1527 2785 et
1558 2737 1616 2784 ut
1652 2728 1908 2800 quaedam
1942 2730 1996 2785 in
2034 2728 2141 2787 alia
2180 2739 2425 2802 agerent,
2457 2747 2528 2790 ea

511 2817 582 2877 ad
609 2816 997 2891 perlectionem
1020 2816 1287 2874 ducendo.
1313 2816 1491 2874 Prima
1512 2825 1697 2874 autem
1720 2816 2013 2888 diversitas
2038 2834 2219 2874 rerum
2243 2819 2528 2893 principa·

509 2904 639 2965 liter
667 2906 724 2964 in
750 2904 1072 2966 diversitate
1098 2905 1397 2963 formarum
1423 2905 1697 2963 consistit.
1723 2904 1987 2963 Formalis
2015 2917 2202 2964 autem
2230 2906 2527 2965 diversitas

511 2995 814 3053 secundum
851 2995 1441 3075 contrarietatem-est.
1480 2994 1757 3052 Dividitur
1797 2995 1943 3050 enim
1980 3010 2151 3067 genus
2184 2995 2241 3051 in
2277 2996 2528 3071 diversas

510 3085 722 3157 species
768 3083 1091 3141 differentiis
1141 3081 1452 3139 contrariis.
1496 3082 1558 3137 ln
1599 3083 1993 3140 contrarietate
2042 3092 2227 3141 autem
2274 3084 2529 3141 ordinem

510 3184 735 3229 necesse
759 3178 1001 3242 estesse,
1020 3186 1146 3228 nam
1174 3185 1390 3244 semper
1409 3169 1642 3229 alterum
1662 3171 2061 3229 contrariorum
2092 3172 2389 3248 perfectius
2416 3179 2524 3229 est.

513 3259 746 3331 Oportet
789 3260 956 3332 igitur
997 3275 1181 3319 rerum
1226 3259 1605 3317 diversitatem
1651 3258 1892 3333 quodam
1932 3260 2125 3318 ordine
2166 3278 2199 3319 a
2241 3261 2357 3318 Deo
2403 3275 2530 3318 esse

511 3346 844 3417 institutam,
874 3353 938 3405 ut
964 3347 1176 3407 scilicet
1202 3348 1459 3422 quaedam
1484 3348 1595 3406 sint
1621 3348 1745 3407 aliis
1772 3350 2011 3423 potiora.

1195 3516 1480 3587 CAPUT
1538 3517 1844 3587 LXXIV.

632 3660 940 3741 Quomodo
961 3677 1058 3727 res
1084 3666 1297 3727 ereata
1322 3664 1592 3745 quaedam
1608 3664 1754 3744 plus
1784 3663 1999 3728 habent
2025 3664 2098 3729 de
2114 3663 2418 3746 potentia,

930 3750 1134 3815 minus
1157 3751 1231 3816 de
1255 3758 1421 3831 actu,
1453 3754 1723 3836 quadam
1747 3771 1778 3819 e
1803 3770 2101 3819 converso.

587 3882 728 3954 Quia
774 3899 905 3943 vero
945 3886 1375 3962 unumquodque
1425 3886 1481 3945 in
1519 3894 1735 3947 tantum
1763 3887 1942 3947 nobile
1967 3899 2024 3947 et
2070 3889 2374 3963 perlectum
2420 3895 2508 3945 est

511 3968 576 4031 ln
611 3976 880 4047 quantum
921 3972 992 4033 ad
1021 3973 1264 4037 divinam
1307 3974 1721 4039 similitudinem
1764 3977 1997 4047 accedit,
2023 3978 2173 4037 Deus
2217 3986 2407 4036 autem
2443 3984 2534 4034 est
