2850 4517
510 318 630 379 442
984 334 1037 381 s.
1079 334 1317 382 mou
1354 334 1685 387 aemam
1714 332 2036 381 ormana

512 466 637 508 cum
666 450 967 511 fornicatur
988 452 1089 510 abs
1114 453 1420 528 te,·quaerit
1447 459 1605 510 extra
1630 461 1704 519 te,
1736 468 1862 529 quae
1885 466 2027 525 pura
2061 455 2121 507 et
2155 446 2386 522 limpida
2410 466 2517 506 non

462 608 470 613 ⁸
510 539 739 609 invenit,
763 540 869 597 nisi
900 557 1026 598 cum
1060 541 1202 600 redit
1244 543 1315 599 ad
1345 548 1424 599 te.
1459 562 1486 596 ιο
1518 531 1708 599 Tertio
1744 541 1907 598 modo
1953 539 2085 615 quia
2123 538 2422 614 aliquando
2462 542 2518 595 in

490 629 713 697 ‚mundo
756 630 865 687 isto
902 635 1096 703 regnat
1138 641 1430 707 peccatum
1461 650 1474 687 ε
1507 640 1563 689 et
1606 631 1711 688 hoc
1751 644 1836 688 est
1880 630 2102 705 quando
2135 630 2299 685 homo
2325 634 2414 685 est
2440 627 2517 684 ita

504 716 829 791 dispositus,
852 721 1002 794 quod
1038 722 1232 777 statim
1262 722 1517 796 sequitur
1552 726 1608 779 et
1646 720 1999 795 prosequitur
2035 720 2345 795 appetitum
2387 732 2518 791 pec-

510 807 644 864 cati.
668 811 862 881 Apost.
880 808 1047 867 Rom.
1076 826 1138 868 vx
1166 828 1182 866 ι
1207 810 1483 883 Neam-90
1503 816 1984 884 nympuoeaum
2006 808 2073 865 in
2096 813 2274 865 miro
2295 806 2520 864 mortali

513 912 731 969 comere
758 898 906 955 :sed
932 898 1098 955 debet
1135 900 1282 957 Deus
1319 917 1548 973 regnare
1577 900 1631 957 in
1661 900 1826 958 corde
1855 907 1971 956 tuo.
2002 899 2092 956 lsa
2119 914 2202 955 ιιι
2227 913 2243 955 2
2267 896 2398 953 Sion
2425 912 2519 951 re-

444 1000 453 1009 ·
512 984 694 1057 quabit
725 986 867 1043 Deus
889 993 1033 1044 tuus.
1058 988 1128 1046 Et
1170 989 1272 1047 hoc
1310 996 1395 1046 est
1437 990 1656 1063 quando
1699 994 1924 1063 paratus
1952 1001 2014 1045 es
2045 988 2269 1044 obedire
2298 987 2433 1054 Deo,
2463 989 2519 1041 et
2563 1018 2570 1025 -

514 1090 734 1131 servare
757 1076 941 1134 omnia
969 1077 1230 1137 mandata
1258 1094 1378 1137 sua.
1414 1081 1551 1137 Cum
1573 1096 1700 1153 ergo
1723 1080 1960 1155 petimus
1984 1075 2133 1152 quod
2169 1076 2358 1135 veniat
2389 1090 2518 1146 reg-

516 1179 665 1232 uum,
692 1181 911 1223 oramus
928 1169 1076 1242 quod
1114 1184 1221 1225 non
1252 1176 1445 1243 regnet
1474 1171 1532 1226 in
1559 1170 1714 1226 nobis
1743 1174 2054 1242 peccatum,
2084 1167 2183 1243 sed
2207 1166 2324 1240 ipse
2347 1165 2514 1221 DeuS.

516 1252 617 1307 Per
654 1256 797 1315 hanc
833 1265 1019 1314 autem
1061 1262 1399 1335 petitionem,
1434 1264 1780 1338 pervenimus
1828 1262 1900 1319 ad
1935 1257 2357 1321 beatitudinem,
2409 1266 2518 1325 qua

514 1341 716 1400 dicitur
738 1346 932 1405 Matth.
960 1366 998 1405 v
1026 1368 1039 1405 :
1066 1350 1224 1408 Beati
1240 1352 1395 1411 mites
1418 1370 1438 1409 .-
1463 1370 1594 1410 nam
1618 1352 1917 1410 secundum
1942 1350 2179 1424 primam
2216 1344 2518 1418 expositio-

512 1448 659 1501 nem,
686 1452 755 1491 ex
782 1453 890 1511 quo
937 1438 1097 1495 homo
1136 1440 1413 1499 desiderat
1443 1442 1590 1516 quod
1631 1443 1778 1499 Deus
1818 1441 1893 1497 sit
1939 1440 2202 1497 Dominus
2243 1436 2517 1505 omnium,

514 1542 623 1583 non
650 1526 893 1585 vindicat
914 1542 973 1585 se
993 1528 1063 1585 de
1092 1528 1293 1603 injuria
1320 1529 1428 1586 sibi
1461 1524 1632 1601 iila'ta,
1655 1530 1752 1587 sed
1777 1536 2014 1587 reservat
2038 1544 2159 1585 eam
2200 1527 2336 1585 Deo.
2367 1528 2512 1583 Nam

400 1690 405 1694 ἱ
516 1614 562 1672 si
592 1616 899 1674 vindicares
924 1624 995 1685 te,
1028 1633 1133 1675 non
1162 1634 1438 1691 quaereres
1469 1619 1618 1692 quod
1655 1617 1939 1677 adveniret
1978 1632 2203 1689 regnum
2239 1616 2380 1688 eJus.
2409 1614 2513 1671 Se-

514 1706 755 1763 cundum
773 1722 903 1763 vero
926 1708 1224 1765 secundam
1246 1708 1664 1781 expositionem,
1681 1708 1727 1763 si
1759 1715 1819 1765 tu
1844 1716 2100 1780 expectas
2122 1721 2355 1778 regnum
2374 1705 2513 1777 ejus,

401 1798 406 1803 ’
516 1796 571 1853 id
596 1800 699 1865 est,
716 1794 946 1869 gloriam
964 1796 1229 1868 Paradisi,
1253 1813 1359 1854 non
1384 1796 1763 1854 debes‘curare
1786 1796 1834 1854 si
1857 1796 2046 1870 perdis
2073 1812 2163 1853 res
2191 1796 2515 1852 mundanas·

516 1888 673 1955 Item,
699 1886 999 1944 secundum
1020 1886 1237 1945 tertiam
1262 1886 1677 1960 expositionem,
1707 1886 1756 1959 si
1787 1892 1844 1942 tu
1873 1887 2018 1961 petis
2040 1884 2190 1959 quod
2213 1886 2361 1941 Deus
2390 1902 2519 1959 reg-

435 1996 438 2001 ·
520 1985 613 2034 net
642 1976 699 2045 in
741 1985 813 2043 te,
840 1984 897 2034 et
938 1975 1203 2047 Christus,
1234 1992 1360 2034 cum
1401 1977 1520 2052 ipse
1561 1974 1726 2032 fuerit
1771 1974 2113 2045 mitissimus,
2144 1982 2202 2032 et
2248 1982 2310 2031 tu
2354 1973 2520 2031 debes

401 2112 407 2117 .
518 2081 637 2123 esse
680 2065 853 2123 mitis.
890 2064 1084 2121 Matth.
1114 2082 1179 2123 xi
1215 2083 1228 2121 z
1260 2065 1462 2123 Discite
1495 2082 1531 2122 a
1574 2082 1654 2123 me
1682 2065 1816 2139 ,quia
1851 2064 2002 2121 mitis
2045 2080 2184 2121 sum.
2237 2063 2407 2119 Hebr.
2431 2078 2516 2121 x:

518 2154 791 2228 Rapinam
812 2152 1071 2212 bonorum
1092 2161 1392 2213 vestrorum
1418 2172 1536 2213 cum
1559 2154 1756 2229 qaudio
1777 2152 2099 2231 suscepistis·

1270 2352 1491 2416 Tertia·
1513 2334 1758 2437 petitio.

583 2513 715 2571 Fiat
736 2512 979 2571 voluntas
1020 2518 1121 2571 tua
1153 2510 1294 2570 sicut
1328 2511 1389 2569 in
1431 2512 1569 2571 Goelo
1611 2519 1663 2571 et
1702 2510 1762 2571 in
1795 2512 1986 2571 Terra.
2016 2512 2263 2571 Tertium
2306 2514 2520 2571 donum

506 2590 662 2676 quod
690 2600 857 2660 efficit
892 2602 949 2658 in
978 2602 1135 2659 nobis
1173 2601 1411 2674 Spiritus
1445 2602 1680 2660 Sanctus
1722 2618 1827 2659 non
1855 2601 2028 2659 solum
2059 2602 2228 2662 efficit
2264 2602 2322 2658 in
2355 2602 2522 2659 bonis

514 2692 717 2749 donum
758 2690 991 2760 timoris,
1022 2692 1079 2747 et
1118 2690 1322 2747 donum
1363 2692 1607 2763 pietatiS,
1639 2706 1766 2765 quae
1809 2696 1893 2747 est
1932 2690 2108 2748 dulcis
2159 2692 2392 2749 affectus
2447 2690 2521 2748 ad

514 2782 689 2839 Deum
714 2786 773 2837 ut
796 2781 1006 2838 dictum
1030 2788 1134 2848 est,
1166 2780 1263 2837 sed
1288 2780 1457 2837 etiam
1495 2778 1628 2839 facit
1655 2779 1928 2837 hominem
1959 2780 2264 2853 sapientem
2293 2798 2306 2837 :
2336 2786 2394 2836 et
2417 2781 2524 2837 boc

516 2868 737 2945 petebat
766 2869 942 2926 David
967 2870 1023 2924 in
1051 2868 1250 2927 Psalm.
1282 2884 1488 2937 cxvm,
1518 2868 1708 2927 dicens
1735 2886 1749 2925 ε
1778 2868 2080 2926 Bonitatem
2101 2875 2153 2925 et
2175 2861 2524 2943 disciplinam

518 2972 567 3015 et
583 2956 857 3015 scientiam
880 2957 1001 3014 doce
1022 2975 1125 3015 me.
1150 2957 1219 3013 Et
1254 2954 1375 3015 haec
1416 2965 1502 3015 est
1544 2956 1794 3026 scientia,
1826 2957 1956 3031 quia
1995 2955 2156 3014 homo
2184 2957 2327 3015 bene
2354 2956 2519 3026 vivit,

520 3064 685 3123 quam
705 3047 893 3104 docuit
929 3062 1026 3104 nos
1065 3046 1303 3121 Spiritus
1339 3048 1593 3105 SanctuS.
1625 3048 1770 3106 Inter
1809 3046 1918 3104 alia
1941 3042 2126 3105 autem
2150 3063 2278 3123 quae
2307 3046 2525 3104 faciunt

518 3137 587 3193 ad
610 3132 915 3207 scientiam,
944 3144 999 3193 et
1027 3137 1353 3213 sapientiam
1382 3136 1617 3194 hominis
1641 3136 1922 3211 potissima
1945 3136 2217 3209 sapientia
2246 3140 2352 3204 est,
2369 3135 2525 3211 quod

514 3225 675 3299 homo
717 3241 824 3281 non
866 3224 1132 3283 innitatur
1168 3226 1352 3284 sensui
1384 3241 1505 3283 suo.
1538 3225 1793 3284 Proverb.
1833 3242 1903 3285 111
1929 3245 1943 3283 ι
1973 3224 2059 3285 Ne
2086 3224 2355 3282 innitaris
2371 3242 2526 3299 pru·

514 3312 706 3371 dentice
731 3320 861 3373 tuoe.
886 3316 1027 3373 Nam
1054 3313 1133 3383 illi
1159 3316 1252 3390 qui
1282 3320 1619 3390 praesumunt
1655 3315 1724 3372 de
1761 3330 1923 3373 sensu
1963 3330 2064 3371 suo
2094 3315 2194 3385 ita,
2227 3314 2378 3388 quod
2407 3330 2526 3373 non

514 3404 743 3483 credunt
767 3402 908 3470 aliis,
936 3404 1035 3461 sed
1062 3399 1162 3461 tibi
1191 3410 1424 3474 tautum,
1453 3420 1670 3478 semper
1715 3404 2064 3461 inveniuntur
2106 3411 2163 3460 et
2193 3406 2526 3477 judicantur

516 3490 689 3559 stulti,
709 3484 966 3549 Proverb'.
993 3507 1168 3549 xxvrz
1188 3490 1389 3553 Vidisti
1410 3492 1672 3550 hominem
1694 3491 1982 3567 sapientem
2005 3491 2108 3547 sibi
2122 3492 2321 3559 videri,
2345 3493 2524 3567 magis

450 3574 455 3579 ’
517 3577 607 3635 illo
631 3580 851 3661 speciem
874 3580 1081 3639 habebit
1104 3580 1381 3654 insipiens.
1397 3581 1555 3652 Quod
1579 3588 1761 3641 autem
1789 3580 1951 3638 homo
1981 3597 2086 3637 non
2112 3581 2306 3638 credat
2331 3582 2528 3637 sensui

518 3680 633 3735 suo,
665 3670 914 3742 procedit
934 3686 1001 3727 ex
1026 3669 1335 3729 humilitate
1363 3672 1544 3729 :unde
1571 3679 1636 3729 et·
1657 3673 1807 3733 locus
1831 3669 2158 3729 humilitatis
2181 3678 2266 3727 est
2291 3670 2526 3744 sapien-

518 3755 614 3821 tia,
636 3762 700 3811 ut
722 3757 923 3815 dicitur
968 3760 1129 3817 Prov.
1156 3777 1240 3818 xx.
1271 3760 1502 3835 Superbi
1531 3769 1713 3819 autem
1754 3761 1859 3818 sibi
1884 3760 2016 3833 ipsis
2058 3759 2221 3815 nimis
2257 3760 2523 3816 credunt.

520 3840 691 3898 Docet
718 3859 847 3915 ergo
873 3846 977 3903 hoc
1011 3848 1249 3921 Spiritus
1285 3850 1518 3907 Sanctus
1540 3867 1636 3924 per
1659 3852 1860 3908 donum
1903 3847 2168 3917 scientiae,
2202 3855 2263 3904 ut
2303 3847 2528 3905 scilicet

400 3982 415 3990 ,
522 3938 630 3983 non
655 3928 919 3992 faciamus
956 3935 1294 3999 voluntatem
1328 3945 1592 4011 nostram,
1618 3939 1718 4001 sed
1754 3938 2090 3999 voluntatem
2127 3935 2254 3995 Dei.
2280 3936 2353 3995 Et
2393 3936 2528 3994 ideo
