2850 4517
826 374 960 420 vm.
990 392 1073 407 —
1092 376 1165 421 m
1203 368 1560 421 osu-mmm
1609 376 1954 422 »nummu
2269 346 2393 422 44'3

387 490 615 558 proptor
638 484 745 543 hoo
780 487 985 547 donum
1026 488 1264 563 potimus
1290 507 1323 547 a
1348 492 1483 560 Deo,
1513 499 1577 549 ut
1615 492 1712 547 flat
1753 492 2008 549 voluntas
2033 506 2137 549 sua
2157 491 2304 571 siout
2329 491 2418 571 in·

386 574 532 632 ooelo
550 581 612 631 et
650 576 710 632 in
732 582 897 645 terra,
930 584 988 635 et
1026 579 1085 635 in
1120 578 1227 636 hoo
1262 588 1491 653 apparet
1535 580 1738 637 donum
1779 581 2046 638 scientiae.
2083 580 2241 638 {Inde
2285 572 2390 637 h‘oo

386 664 552 721 modo
586 664 793 721 dicitur
820 668 965 723 Deo:
984 667 1119 725 fiat
1132 670 1377 726 voluntas
1404 682 1503 726 wa
1519 656 1691 727 :siout
1721 670 1936 727 si'os'set
1953 686 2097 726 unus
2113 668 2385 737 infirmus,

386 761 447 809 et
468 753 637 810 vellet
656 754 865 829 aliquid
884 772 918 812 a
942 757 1177 825 medico,
1204 774 1313 815 non
1328 759 1560 833 praeciss
1577 759 1712 828 vult,
1737 758 1834 816 sed
1859 760 1930 816 de
1955 754 2240 817 voluntate
2263 772 2390 815 tne-

386 840 529 912 dien
555 840 693 898 alias
708 844 758 900 si
786 850 1001 901 tantum
1029 845 1099 901 de
1124 837 1409 904 voluntate
1431 864 1533 906 suu
1549 848 1736 916 vellet,
1765 853 1914 905 esset
1937 846 2159 905 stultus.
2173 848 2263 905 Sic
2289 860 2390 905 nos

386 948 421 989 a
456 931 571 987 Deo
596 932 727 987 nihil
748 940 937 1006 petere
968 935 1247 1004 debemus,
1276 938 1381 993 nisi
1403 938 1556 1011 quod
1585 938 1680 995 fiat
1699 937 1770 994 de
1797 937 1955 994 nobis
1983 937 2236 995 voluntas
2263 950 2387 1006 sus,

384 1019 445 1077 id
464 1027 568 1087 est,
594 1030 655 1078 ut
672 1021 925 1079 voluntas
950 1040 1050 1080 sua
1072 1025 1414 1099 compleatur
1437 1027 1494 1082 in
1517 1026 1694 1083 nobis·
1719 1027 1875 1094 Tunc
1897 1027 2044 1083 enim
2067 1031 2152 1083 est
2179 1033 2389 1084 rectum

386 1126 483 1167 cor
494 1110 748 1179 hominis»,
766 1113 989 1185 quando
1008 1115 1305 1171 coneordat
1321 1118 1450 1172 eum
1476 1114 1758 1174 voluntate
1777 1115 1982 1173 divina.
2001 1116 2118 1172 Hoc
2133 1115 2394 1171 Christus

386 1200 536 1267 fecit,
564 1200 726 1257 Joan.
751 1216 813 1258 vt
840 1219 856 1257 ι
883 1203 1139 1259 Ducendi
1156 1204 1219 1259 de
1246 1206 1387 1271 coeln,
1416 1220 1527 1261 non
1545 1212 1610 1262 ut
1629 1204 1831 1283 faeiam
1853 1206 2176 1263 mluntatem
2194 1221 2393 1271 mam,

385 1288 477 1345 aad
496 1288 613 1361 ejus
630 1290 725 1363 qui
748 1290 901 1349 misit
918 1308 1020 1349 m.
1032 1293 1281 1350 Christus
1298 1294 1444 1350 enim
1465 1294 1766 1351 secundum
1785 1294 1936 1367 quod
1953 1296 2120 1363 Deus,
2138 1294 2391 1352 eamdem

386 1377 725 1437 voluntatem
760 1380 927 1437 habet
960 1392 1088 1439 oum
1134 1392 1309 1457 patre,
1336 1384 1436 1441 sed
1483 1384 1782 1441 secundum
1821 1383 1968 1458 quod
2007 1382 2190 1454 homo,
2224 1383 2392 1441 habet
2455 1422 2462 1429 -

386 1468 551 1523 aliam
580 1468 917 1526 voluntatem
942 1486 975 1528 a
1003 1480 1158 1545 patre
1185 1490 1199 1530 ε
1227 1479 1284 1529 ει
1310 1474 1611 1531 seeundum
1637 1472 1782 1530 hano
1805 1472 1940 1550 dicit
1967 1490 2026 1530 εε
2055 1490 2162 1531 non
2209 1473 2391 1531 facere

386 1557 721 1615 voluntatem
744 1570 922 1626 suam,
952 1561 1046 1616 sed
1073 1562 1265 1634 patris,
1294 1567 1351 1617 et
1378 1549 1503 1618 ideo
1525 1563 1687 1619 docet
1714 1577 1816 1619 nos
1857 1577 2018 1620 orare
2057 1570 2114 1619 et
2149 1552 2340 1637 petere
2373 1578 2388 1619 z

385 1646 520 1706 Fiat
544 1649 787 1705 voluntas
824 1656 939 1707 tua.
967 1649 1071 1706 Sed
1110 1651 1242 1721 quid
1291 1656 1375 1706 est
1414 1651 1560 1723 quod
1603 1650 1846 1709 dicitur?
1873 1650 2064 1708 Nonne
2093 1652 2148 1708 in
2187 1652 2387 1710 Psalm.

386 1754 549 1809 cxm,
580 1738 825 1794 dicitur-2
852 1736 1045 1793 Omnia
1074 1754 1407 1811 quacumque
1429 1736 1599 1794 voluit
1616 1734 1791 1811 fecit?
1812 1738 1868 1795 Si
1895 1735 2078 1795 omnia
2106 1739 2238 1797 facit
2263 1756 2388 1813 quae

384 1827 502 1885 vult
520 1827 577 1882 in
604 1824 745 1882 ooelo
772 1830 830 1880 et
854 1825 912 1879 in
936 1829 1101 1891 terra,
1131 1824 1263 1897 quid
1288 1829 1373 1879 est
1396 1824 1504 1881 hoc
1529 1824 1676 1898 quod
1701 1824 1856 1893 dicit,
1887 1826 1987 1881 fiat
2009 1825 2265 1884 voluntas
2290 1833 2386 1884 tua

382 1918 532 1975 sicut
557 1915 614 1970 in
646 1914 788 1971 ooelo
815 1918 872 1970 et
899 1914 954 1969 in
992 1912 1181 1970 terra?
1204 1914 1289 1970 Ad
1312 1913 1416 1970 boc
1449 1914 1735 1971 sciendum
1767 1920 1870 1982 εει,
1902 1903 2051 1989 quod
2095 1910 2244 1973 D'eus
2282 1918 2389 1974 tria

384 2005 503 2063 vult
546 2004 616 2060 de
642 2002 837 2071 ³nobis,
866 2008 924 2059 et
968 2018 1067 2059 uos
1111 1992 1351 2077 petimus
1386 2003 1536 2077 quod
1581 2004 1700 2061 haeo
1754 2003 2104 2076 impleantur.
2144 2003 2390 2063 Primum

384 2094 608 2169 quidem
637 2094 783 2168 quod
816 2094 963 2149 Deus
984 2092 1102 2150 vult
1130 2092 1199 2149 de
1223 2092 1398 2159 nobiS,
1427 2098 1512 2149 est
1554 2092 1703 2165 quod
1740 2108 1839 2149 nos
1880 2092 2178 2151 habeamus
2213 2096 2389 2153 vitam
2479 2120 2486 2133 ·

382 2190 666 2242 aeternam.
700 2182 1041 2256 Quicumque
1080 2181 1223 2238 enim
1248 2181 1381 2238 facit
1408 2180 1618 2255 aliquid
1665 2189 1886 2256 propter
1933 2180 2172 2255 aliquem
2199 2184 2386 2253 finem,
2442 2225 2448 2231 -

383 2272 503 2330 vult
521 2273 591 2329 de
612 2270 708 2328 illa
736 2288 795 2328 re
810 2270 963 2338 iliud,
978 2285 1077 2344 pro
1100 2284 1209 2345 quo
1232 2270 1366 2326 facit
1390 2285 1535 2327 eam.
1556 2270 1703 2327 Deus
1724 2267 1907 2327 autem
1931 2268 2063 2328 fecit
2087 2270 2384 2340 hominem,

384 2361 481 2419 sed
509 2376 619 2418 non
644 2376 745 2435 pro
770 2360 941 2419 nihilo
968 2378 982 2415 ε
1015 2359 1149 2435 quia
1174 2360 1317 2417 sicut
1344 2358 1548 2417 dicitur
1575 2357 1630 2415 in
1660 2360 1860 2416 Psalm.
1881 2375 2135 2432 Lxxxvn
2163 2378 2178 2416 τ
2210 2360 2390 2420 Num-

384 2450 512 2526 qm‘d
546 2467 681 2508 vane
710 2450 1042 2509 'constituisti
1079 2466 1257 2507 omnes
1278 2448 1419 2523 filios
1460 2448 1770 2515 hominum?
1790 2448 1944 2507 Fecit
1984 2458 2114 2523 e'rgo
2141 2449 2392 2508 homines

384 2550 610 2615 propter
633 2540 863 2613 aliquid,
894 2540 993 2597 sed
1012 2540 1122 2596 noh
1151 2547 1373 2612 propter
1399 2539 1729 2612 voluptateS‚
1754 2540 1886 2613 quia
1913 2546 1970 2596 et
1997 2538 2160 2598 bruta
2187 2540 2391 2598 habent

382 2646 499 2696 εεε,
527 2628 622 2684 sed
650 2634 712 2683 ut
739 2626 941 2683 habeat
968 2628 1140 2685 vitam
1172 2635 1456 2683 aeternam.
1485 2626 1618 2684 Vult
1659 2642 1788 2698 ergo
1823 2628 2105 2697 Dominu8‚
2141 2638 2202 2686 ut
2226 2629 2390 2687 homo

382 2706 587 2774 habeut
610 2716 784 2772 vitam
810 2721 1095 2771 aeternam.
1121 2713 1349 2783 Quando
1372 2729 1504 2769 vero
1531 2713 1737 2788 aliquid
1764 2716 2126 2789 consequitur
2155 2716 2290 2774 iilud
2319 2718 2388 2775 ad
2413 2750 2419 2759 -

386 2805 534 2880 quod
562 2804 769 2861 sactum
807 2808 912 2870 est,
944 2801 1143 2860 dicitur
1172 2802 1318 2874 quod
1343 2800 1588 2858 saivatur
1621 2821 1634 2855 z
1663 2802 1883 2874 quando
1924 2817 2054 2859 vero
2095 2819 2203 2860 non
2251 2820 2394 2862 con·-

386 2894 655 2969 sequitur,
680 2892 883 2950 dioitur
909 2888 1057 2965 quod
1080 2905 1169 2946 res
1201 2888 1298 2947 illa
1331 2889 1599 2962 perditur.
1630 2890 1780 2947 Deus
1819 2894 2004 2949 autem
2047 2891 2179 2948 fecit
2206 2890 2389 2949 homi-

384 3001 511 3042 nem
534 2982 951 3059 propter-vitam
973 2988 1257 3038 aeternam.
1282 2978 1418 3037 Cum
1456 2994 1585 3051 ergo
1609 2980 1966 3052 consequitur
2005 2980 2178 3038 vitam
2221 2988 2387 3040 aeter-

385 3091 533 3142 nam,
560 3072 806 3131 salvatur
834 3088 849 3127 z
874 3078 931 3128 et
952 3068 1058 3127 hoo
1090 3068 1211 3127 vuit
1238 3069 1524 3125 Dominus·
1552 3069 1711 3125 Joan.
1737 3085 1798 3125 v1
1828 3086 1842 3126 z
1875 3070 2000 3127 Hoec
2032 3078 2107 3128 est
2145 3066 2389 3129 uoluntas

381 3163 563 3241 patris
584 3162 687 3219 mei
711 3161 803 3235 qui
831 3159 975 3218 misit
1001 3178 1102 3227 me,
1122 3167 1189 3217 ut
1214 3158 1383 3216 omnis
1411 3156 1503 3231 qai
1519 3157 1662 3214 videt
1684 3144 1880 3230 filium,
1897 3166 1948 3218 et
1964 3160 2138 3219 credit
2160 3161 2221 3225 ivi
2245 3176 2387 3229 oum,

387 3254 577 3311 habeat
594 3252 765 3311 vitam
787 3258 1066 3309 aeternam.
1096 3250 1227 3307 Haec
1267 3256 1453 3305 autem
1492 3246 1744 3305 voluntas
1762 3248 1879 3320 jam
1904 3249 2174 3323 completa
2202 3258 2288 3308 est
2329 3248 2386 3306 in

388 3343 631 3417 Angelis,
666 3350 723 3400 et
754 3344 815 3399 in
856 3341 1062 3399 sanctis
1102 3341 1195 3414 qui
1236 3345 1364 3396 sunt
1404 3338 1463 3396 in
1502 3338 1698 3413 patria,
1733 3340 1872 3413 quia.
1900 3338 2090 3397 vident
2121 3341 2294 3397 Deum
2333 3347 2390 3396 et

388 3439 723 3507 cognoscunt
752 3439 808 3493 et
830 3430 1082 3490 fruuntur
1100 3445 1167 3498 eo
1194 3428 1327 3485 :sed
1358 3444 1458 3485 nos
1491 3414 1869 3485 desideramus
1905 3427 2053 3511 quod
2094 3429 2240 3486 sicut
2288 3444 2392 3487 vo-

390 3525 573 3581 luntas
593 3521 695 3579 Dei
718 3517 988 3595 completa
1018 3518 1180 3575 estin
1204 3517 1379 3575 beatis
1408 3517 1503 3591 qui
1533 3526 1658 3575 sunt
1693 3518 1749 3574 in
1783 3516 2060 3585 ooelis,“ita
2107 3518 2390 3592 complea-

388 3620 479 3672 tur
497 3612 559 3677 in
585 3611 740 3669 nobis
759 3608 856 3685 qui
883 3622 1073 3677 sumus
1101 3606 1155 3662 in
1185 3614 1352 3664 terra.
1381 3604 1450 3663 Et
1477 3606 1581 3664 hoc
1603 3606 1842 3681 petimus
1877 3620 2003 3683 curn
2026 3621 2266 3675 oramuS,
2293 3607 2389 3665 fiat

388 3704 645 3761 voluntas
668 3708 761 3757 tua
786 3701 840 3756 in
868 3698 1027 3756 nobis
1052 3698 1144 3771 qui
1165 3712 1353 3754 sumus
1382 3696 1437 3751 in
1469 3706 1634 3765 terra,
1652 3697 1796 3755 siout
1821 3696 1874 3753 in
1904 3698 2110 3762 sanctis
2137 3696 2232 3771 qui
2261 3705 2389 3755 sunt

337 3786 342 3789 ’
388 3795 447 3851 in
485 3792 646 3866 ooejo.
676 3790 801 3849 Alia
836 3788 1090 3848 voluntas
1130 3786 1230 3842 Dei
1277 3788 1345 3842 de
1383 3784 1538 3843 nobis
1581 3790 1664 3843 εει
1703 3794 1763 3843 ut
1807 3784 2087 3867 servemus
2125 3786 2390 3844 mandata

390 3885 530 3957 ejus.
556 3880 785 3953 Quando
808 3880 953 3936 enim
979 3876 1179 3951 aliquis
1206 3875 1483 3933 desiderat
1508 3874 1733 3948 aliquid,
1768 3890 1874 3933 non
1897 3872 2080 3933 'solum
2108 3875 2224 3933 vult
2253 3875 2387 3931 illud

395 3973 549 4047 quod
573 3970 872 4040 desiderat,
897 3968 995 4029 sed
1028 3966 1211 4028 omma
1254 3984 1350 4042 per
1379 3980 1504 4043 quae
1539 3965 1756 4027 venitur
1780 3967 1850 4027 ad
1895 3964 2029 4025 illud
2055 3982 2069 4023 ε
2094 3966 2240 4025 sicut
2265 3980 2388 4025 me-
