2850 4517
542 392 666 455 406
977 419 984 425 ·
1021 410 1075 457 s.
1116 410 1358 457 ‘monas
1392 410 1722 462 nomm-ns
1761 408 2076 454 opuscum

534 525 678 590 ltere
712 542 734 585 .·
776 531 836 583 et
858 524 983 585 ideo
1014 527 1342 585 addiderunt
1369 543 1385 583 ε
1414 527 1596 586 Natus
1630 543 1695 583 ex
1727 522 1920 585 Maria
1959 522 2204 598 Viryine.
2234 523 2400 581 Arius
2425 538 2570 581 vero

540 620 600 669 et
636 613 1003 688 Apollinarius
1031 615 1307 683 dixerunt3
1335 615 1636 690 quodlicet
1677 614 1926 671 Christus
1961 613 2130 669 fuerit
2153 611 2394 670 Verbum
2435 612 2564 681 Dei,

536 708 601 765 ,ει
647 710 809 761 natus
835 720 905 761 ex
938 704 1111 761 Maria
1147 704 1388 775 Virgine,
1436 711 1620 760 tamen
1653 718 1760 761 non
1796 698 1987 768 habuit
2018 702 2281 783 anim2m‚
2312 701 2411 758 sed
2440 701 2566 757 loco

541 792 744 849 animae
788 792 893 849 fuit
928 792 1005 849 ibi
1042 792 1323 850 divinitas.
1366 793 1476 851 Sed
1517 792 1622 857 hoc
1659 798 1745 850 est
1783 798 1976 849 contra
2017 792 2376 867 scripturam,
2428 789 2564 863 quia

542 880 792 939 Christus
819 881 961 941 dixit
984 882 1141 941 Joan.
1174 897 1261 939 ιιι
1293 899 1310 939 t
1338 882 1502 940 Nunc
1527 881 1712 939 anima
1733 897 1851 938 mea
1876 880 2097 938 turbata
2131 887 2228 947 est,
2252 886 2312 937 et
2334 881 2560 947 iterum,

540 969 737 1033 Matth.
777 986 923 1030 xxv!
971 987 987 1029 z
1041 971 1237 1028 Tristis
1277 977 1353 1029 est
1380 970 1566 1027 anima
1591 986 1706 1026 mea
1731 985 1892 1043 usquo
1919 971 1993 1027 ad
2017 976 2244 1027 mortem
2285 984 2307 1027 .·
2348 975 2406 1025 et
2433 968 2564 1025 ideo

542 1060 721 1115 sancti
758 1061 951 1117 Patres
978 1059 1048 1117 ad
1080 1060 1187 1117 hoc
1213 1058 1606 1138 removendum
1631 1059 1964 1116 addiderunt
2013 1074 2029 1115 ι
2071 1058 2152 1116 Et
2193 1057 2343 1115 homo
2381 1058 2562 1131 factm

545 1154 639 1212 est.
672 1149 847 1205 Homo
890 1148 1039 1205 enim
1065 1164 1134 1206 ex
1172 1150 1356 1206 anima
1381 1154 1442 1204 et
1487 1163 1714 1223 corpore
1741 1146 1996 1205 consistit
2042 1162 2059 1206 z
2102 1146 2250 1204 unde
2271 1145 2563 1204 verissime

543 1235 737 1293 habuit
762 1236 945 1295 omnia
988 1253 1115 1311 quae
1144 1237 1307 1295 homo
1339 1237 1540 1295 habere
1578 1243 1759 1311 potest
1785 1242 1986 1310 praetcr
2012 1242 2321 1312 peccatum.
2351 1237 2414 1292 ln
2453 1233 2564 1293 hoc

542 1329 733 1383 autem
766 1326 1165 1399 quoddicitur
1206 1342 1223 1383 z
1263 1325 1434 1383 Homo
1472 1324 1670 1398 factus,
1712 1325 2073 1383 destruuntur
2109 1318 2300 1383 ornnes
2343 1338 2562 1381 errores

541 1414 795 1486 superius
824 1414 1007 1487 positi,
1038 1416 1097 1471 et
1120 1430 1310 1472 omnes
1348 1414 1441 1472 alii
1471 1415 1564 1488 qui
1592 1414 1702 1475 dici
1740 1420 1980 1488 possent,
2017 1419 2075 1471 et
2099 1412 2376 1487 praecipue
2401 1427 2562 1470 error

542 1500 886 1575 EutychetiS‚
914 1503 1011 1577 qui
1032 1503 1173 1559 dixit
1196 1503 1632 1560 commistionem
1655 1503 1876 1571 factam,
1908 1503 2113 1561 scilicet
2134 1517 2203 1558 ex
2227 1500 2414 1557 divina
2447 1517 2564 1558 na·

546 1596 673 1648 tura
694 1590 1021 1660 ethumana,
1041 1591 1245 1649 factam
1267 1608 1431 1651 unam
1455 1598 1708 1649 naturam
1732 1591 1951 1653 Christi,
1975 1606 2096 1664 quae
2115 1604 2216 1647 nec
2241 1590 2392 1646 Deus
2412 1605 2562 1662 pure

546 1686 651 1745 est,
696 1695 800 1737 nec
826 1696 995 1753 purus
1019 1680 1205 1738 homo.
1246 1681 1355 1738 Sed
1397 1681 1501 1738 hoc
1541 1689 1625 1737 est
1667 1679 1882 1747 salsum,
1926 1680 2057 1754 quia
2097 1684 2230 1735 tunc
2255 1692 2364 1735 non
2407 1684 2562 1736 esset

544 1767 733 1836 homo‚'
768 1774 823 1825 et
850 1774 935 1826 est
964 1770 1131 1827 etiam
1174 1776 1366 1828 contra
1405 1769 1511 1826 hoc
1555 1769 1701 1842 quod
1731 1769 1950 1837 dicitur,
1997 1768 2146 1841 quod
2190 1768 2353 1825 homo
2377 1766 2562 1825 factus

546 1864 653 1914 est.
683 1858 995 1915 Destruitnr
1018 1860 1187 1917 etiam
1214 1860 1366 1915 errm¹
1392 1858 1650 1925 Nestorii,
1693 1858 1786 1931 qui
1812 1857 1950 1914 dixit
1981 1857 2178 1915 Filium
2212 1857 2314 1914 Dei
2343 1858 2558 1914 unitum

546 1963 667 2005 esse
708 1947 915 2004 homini
936 1948 1129 2006 sotum
1156 1965 1254 2022 per
1282 1947 1754 2006 inhabitationem.
1785 1946 1893 2005 Sed
1930 1946 2036 2004 hoc
2063 1955 2150 2004 est
2178 1945 2393 2013 falsum,
2423 1946 2562 2019 quia

442 2046 447 2057 ’
546 2041 679 2101 tunc
702 2050 808 2091 non
836 2042 983 2093 esset
1006 2036 1187 2109 homo,
1214 2036 1312 2093 sed
1339 2037 1394 2092 in
1421 2036 1640 2093 bomine
1671 2054 1685 2093 z
1711 2043 1769 2094 et
1789 2035 1938 2109 quod
1963 2036 2037 2093 sit
2058 2034 2244 2104 homo,
2275 2040 2426 2108 patet
2459 2050 2561 2107 per

546 2126 739 2195 Apost.
764 2122 997 2197 Philipp.
1035 2140 1078 2181 u
1117 2140 1132 2181 z
1162 2124 1243 2181 Et
1274 2123 1461 2180 habitu
1483 2126 1730 2181 inventur
1753 2129 1815 2180 ut
1836 2124 2007 2181 homo.
2033 2124 2193 2181 Joan.
2227 2138 2337 2179 vm
2371 2138 2387 2181 ι
2417 2121 2562 2188 Quid

546 2209 793 2283 quoeritis
828 2228 909 2267 me
952 2212 1255 2285 interficere
1279 2213 1583 2279 hominem,
1631 2221 1742 2272 etc.
1788 2214 2080 2270 Possumus
2106 2220 2292 2271 autem
2341 2228 2561 2269 sumere

546 2315 616 2354 ex
640 2298 727 2353 his
745 2299 930 2372 aliqua
954 2301 1025 2357 ad
1044 2301 1428 2359 eruditionem.
1455 2303 1635 2359 Primo
1655 2303 1799 2359 enim
1814 2304 2168 2361 confirmatur
2186 2303 2323 2359 fides
2345 2311 2556 2360 nostru.

544 2386 603 2443 Si
632 2385 777 2440 enim
801 2386 1000 2460 aliquis
1022 2387 1231 2444 diceret
1264 2389 1450 2463 aliqua
1479 2392 1548 2447 de
1577 2392 1762 2463 aliqua
1788 2398 1932 2448 terra
1965 2397 2194 2459 remota,
2223 2390 2421 2465 etipse
2449 2406 2558 2447 non

546 2472 742 2529 fuisset
773 2471 873 2542 ibi,
900 2490 1007 2531 non
1038 2476 1355 2533 crederetur
1381 2479 1434 2534 ei
1461 2478 1605 2535 sieut
1641 2480 1689 2535 si
1725 2480 1800 2536 ibi
1841 2480 2055 2537 fuisset.
2082 2468 2395 2553 Antequam
2425 2494 2560 2551 ergo

546 2560 758 2618 veniret
792 2561 1043 2620 Christus
1066 2564 1125 2619 in
1160 2564 1445 2635 mundum,
1496 2567 1838 2640 patriarchae,
1879 2574 1933 2625 et
1969 2566 2269 2641 prophetae,
2301 2575 2361 2625 et
2395 2568 2559 2626 Joan.

550 2648 793 2724 Baptista
829 2650 1088 2709 dixerunt⁴
1108 2653 1291 2727 aliqua
1320 2653 1389 2711 de
1414 2656 1578 2713 Deo:
1607 2657 1704 2714 sed
1743 2665 1927 2715 tamen
1957 2672 2068 2715 non
2096 2657 2178 2715 ita
2201 2656 2562 2715 crediderunt

550 2739 627 2795 sis
668 2738 935 2809 homines,
974 2740 1119 2798 sicut
1145 2741 1379 2811 Christo,
1425 2744 1522 2817 qui
1549 2745 1666 2801 ‘fuit
1693 2760 1819 2803 cum
1845 2745 1979 2814 Deo,
2007 2742 2182 2803 immo
2219 2760 2387 2803 unum
2429 2760 2563 2803 cum

544 2829 665 2900 ipso
698 2844 719 2885 ε
757 2829 900 2886 unde
932 2830 1164 2887 multum
1202 2832 1357 2889 firma
1386 2841 1473 2889 est
1499 2826 1635 2890 fides
1669 2834 1859 2891 nostra
1899 2834 1970 2891 ab
1997 2832 2116 2908 ipso
2142 2833 2360 2891 Christo
2395 2833 2564 2891 nobis

545 2914 771 2972 tradita.
800 2916 958 2973 Joan.
986 2932 1009 2974 1
1048 2933 1065 2976 z
1106 2918 1451 2977 Deum-nemo
1478 2920 1618 2978 vidit
1651 2934 1906 2994 unquam,
1936 2920 2244 2994 unigenitus
2278 2920 2426 2995 filius
2463 2920 2564 2994 qui

544 3009 621 3062 est
660 3003 723 3059 in
758 3004 887 3061 sinu
919 3005 1122 3078 patris,
1158 3006 1269 3080 ipse
1308 3008 1592 3066 enarravit
1615 3026 1634 3067 ,·.
1659 3018 1716 3067 et
1743 3010 1870 3067 inde
1897 3020 1982 3067 est
2028 3010 2177 3085 quod
2203 3010 2378 3067 muita
2425 3010 2564 3067 fidei

546 3100 761 3156 secreta
799 3102 927 3149 sunt
964 3094 1255 3153 manifesta
1296 3097 1454 3154 nobis
1492 3105 1616 3172 post
1654 3097 1952 3157 adventum
1992 3098 2232 3167 Christi‚·
2261 3114 2390 3172 quae
2425 3106 2566 3156 ante

546 3178 762 3236 occulta
786 3189 963 3239 erant.
988 3184 1257 3253 Secundo,
1284 3202 1353 3241 ex
1390 3183 1458 3243 iis
1481 3187 1726 3245 elevatur
1760 3204 1888 3261 spes
1905 3194 2127 3245 'nostra.
2155 3188 2385 3245 Constat
2407 3187 2568 3245 enim

544 3265 690 3337 quod
720 3267 820 3329 Dei
850 3268 993 3327 filius
1020 3286 1127 3328 non
1156 3287 1253 3346 pro
1276 3288 1448 3347 parva
1473 3275 1546 3332 ad
1572 3290 1674 3333 nos
1707 3276 1880 3346 venit,
1919 3292 2140 3335 sumens
2161 3292 2386 3334 carnem
2425 3292 2568 3335 nos-

546 3361 708 3423 tram,
737 3356 838 3412 sed
869 3374 969 3430 pro
1006 3374 1204 3433 magna
1230 3361 1472 3420 utilitate
1499 3371 1688 3422 nostra
1715 3381 1730 3443 ς
1764 3365 1908 3421 unde
1937 3365 2072 3423 fecit
2094 3365 2374 3440 quoddam
2395 3379 2566 3423 corn·

547 3442 807 3517 mercium
834 3446 1047 3503 scilicet
1072 3448 1220 3522 quod
1248 3453 1545 3525 assumpsit
1569 3468 1768 3527 corpus
1795 3453 2116 3521 animatum,
2149 3462 2208 3511 et
2233 3454 2304 3511 de
2329 3454 2568 3527 Virgine

547 3531 694 3587 nasci
714 3531 971 3604 dignatus
994 3542 1100 3603 est,
1125 3543 1189 3593 ut
1210 3539 1367 3596 nobis
1385 3541 1676 3613 largiretur
1695 3532 1853 3600 suern
1876 3542 2160 3610 deitatem,
2187 3543 2351 3600 etsie
2375 3542 2568 3601 factus

549 3625 631 3676 est
654 3618 835 3687 thO,
868 3629 928 3680 ut
956 3623 1231 3683 hominem
1254 3627 1463 3686 faceret
1483 3630 1679 3687 Deum.
1704 3632 1864 3688 Rom.
1885 3648 1921 3688 v
1955 3648 1968 3687 ε
1994 3631 2104 3688 Per
2131 3648 2280 3704 quem
2305 3630 2568 3689 habemus

552 3722 926 3781 accessumper
958 3711 1118 3784 fidem
1152 3714 1213 3770 in
1236 3717 1476 3789 qratiam
1503 3717 1685 3786 istam,
1713 3710 1765 3778 et
1795 3720 2104 3794 ylorr‘amur
2143 3720 2204 3778 in
2242 3736 2330 3794 spe
2366 3719 2570 3791 olorioe

548 3792 783 3865 filiorum
819 3797 939 3855 Dei.
986 3800 1191 3871 Tertio,
1242 3820 1327 3861 ex·
1351 3805 1454 3862 hoc
1493 3808 1813 3866 accenditur
1839 3810 2100 3867 charitas.
2145 3808 2372 3867 Nullum
2407 3811 2568 3866 enim

546 3887 635 3937 est
678 3887 811 3939 tam·
836 3885 1059 3945 evidens
1104 3889 1306 3953 divinae
1356 3892 1643 3952 charitatis
1691 3896 1973 3966 indicium,
2014 3913 2182 3971 quam
2215 3897 2366 3971 quod
2407 3898 2571 3955 Deus-

546 3972 763 4027 creator
810 3974 1055 4033 omnium
1092 3978 1273 4039 factus
1316 3988 1406 4040 est
1447 3991 1718 4055 creatura,
1750 3987 2014 4045 Dominus
2040 3994 2230 4046 noster
2261 3986 2448 4045 factus
2473 3994 2572 4045 est

2437 4112 2466 4136 Χ
