2850 4517
501 383 584 446 50
983 396 1038 446 a.
1079 394 1316 445 mona
1352 394 1682 449 numam
1720 394 2032 442 ornacum

506 525 626 573 tum
666 529 795 591 quae
829 520 959 575 sunt
999 514 1058 573 in
1099 514 1278 584 nobis,
1308 520 1441 573 sunt
1476 514 1534 571 in
1572 512 1879 583 intellectu,
1905 512 2158 587 sequitur
2215 511 2365 585 quod
2414 525 2517 570 nos

506 605 681 677 simus
706 605 1101 679 intelligentes,
1125 604 1222 662 sed
1248 604 1397 679 quod
1427 604 1600 661 simus
1625 602 1910 660 intellecti.
1942 600 2190 675 Amplius
2217 600 2265 657 si
2288 616 2388 659 nos
2416 615 2517 675 per

506 694 846 753 intellectum
863 692 1169 753 formaliter
1190 693 1566 765 intelligimus,
1588 700 1803 765 oportet
1831 691 1977 765 quod
2006 690 2187 765 ipsum
2213 689 2517 763 intelligere
2550 720 2559 728 ·

506 782 837 852 intellectus,
853 784 925 841 sit
951 783 1257 855 intelligere
1285 782 1539 849 bominis,
1566 781 1711 838 sicut
1732 781 1926 837 eadem
1950 790 2034 838 est
2062 778 2350 837 calefactio
2374 780 2517 851 ignis

509 872 808 933 etcaloris.
834 874 888 931 Si
926 871 1093 945 igitur
1137 872 1285 928 idem
1317 880 1402 928 est
1438 869 1749 927 intellectus
1787 884 2011 927 numero
2049 869 2105 926 in
2144 885 2231 925 me
2257 875 2314 924 et
2344 868 2401 924 in
2434 878 2513 936 te,

446 990 457 999 ·
508 963 756 1036 sequitur
793 961 865 1019 de
908 962 1256 1031 necessitate,
1287 960 1435 1034 quod
1475 967 1727 1034 respectu
1760 960 2005 1032 ejusdem
2026 957 2409 1030 ‚intelligibilis
2444 958 2517 1013 sit

507 1051 657 1112 idem
686 1050 993 1122 intelligere
1021 1065 1204 1107 meum
1248 1058 1304 1107 et
1343 1043 1517 1113 tuum,
1542 1048 1672 1106 dum
1700 1048 1913 1105 scilicet
1944 1046 2106 1103 simul
2135 1046 2344 1120 aliquid
2372 1046 2519 1103 idem

508 1140 886 1213 intelligimus,
914 1138 1061 1211 quod
1085 1145 1171 1195 est
1195 1137 1531 1213 impossibile
1557 1156 1572 1194 z
1603 1153 1710 1194 non
1740 1138 1886 1195 enim
1913 1137 2253 1193 diversorum
2281 1152 2520 1209 operan-

388 1250 398 1259 ·
509 1229 650 1287 tium
681 1235 1004 1303 potestesse
1046 1243 1155 1285 una
1182 1236 1242 1285 et
1276 1228 1472 1285 eadem
1510 1243 1734 1284 numero
1771 1226 2037 1300 operatio.
2068 1225 2410 1299 Impossibile
2434 1233 2521 1283 est

513 1319 682 1391 igitur
705 1317 851 1391 quod
873 1318 949 1375 sit
972 1332 1114 1374 unus
1137 1316 1450 1375 intellectus
1472 1316 1527 1374 in
1552 1315 1824 1373 omnibus.
1854 1315 2115 1389 Sequitur
2144 1330 2274 1387 ergo
2297 1316 2445 1389 quod
2468 1317 2520 1374 si

511 1405 826 1465 intellectus
863 1415 949 1464 eat
990 1405 1416 1480 incorruptiblis‚
1469 1411 1531 1462 ut
1576 1412 1857 1463 ostensum
1890 1410 1993 1469 est,
2032 1404 2179 1477 quod
2220 1403 2519 1461 destructis

512 1494 832 1567 corporibus
866 1502 1184 1553 remaneant
1210 1494 1394 1568 plures
1417 1494 1727 1551 intellectus
1756 1493 2055 1551 secundum
2093 1508 2376 1550 numerum
2415 1492 2523 1571 lic-

514 1586 742 1643 minum.
773 1584 852 1641 Ba
883 1599 1011 1643 vero
1030 1600 1156 1658 quae
1186 1585 1240 1641 in
1264 1585 1603 1653 contrarium
1628 1583 1977 1656 objiciuntur,
1996 1582 2157 1639 facile
2180 1590 2265 1639 est
2285 1582 2519 1642 solvere.

513 1674 698 1731 Prima
725 1674 872 1730 enim
899 1674 1041 1732 ratio
1073 1674 1447 1748 multipliciter
1475 1674 1681 1731 deficit.
1707 1673 1889 1729 Primo
1920 1671 2143 1744 quidem
2171 1672 2521 1729 concedimus

513 1760 662 1821 idem
685 1776 808 1819 esse
831 1761 1168 1819 intellectum
1197 1762 1267 1821 ab
1291 1762 1543 1819 omnibus
1562 1760 1890 1826 hominibus,
1908 1760 2033 1817 dico
2055 1769 2243 1817 autem
2266 1760 2522 1817 intellec·

517 1859 634 1909 tum
659 1851 736 1918 id,
761 1851 909 1925 quod
935 1858 1023 1909 est
1045 1851 1354 1923 intellectus
1378 1851 1655 1924 objectum
1679 1868 1698 1909 z
1723 1850 2002 1925 objectum
2042 1857 2229 1907 autem
2268 1850 2522 1907 intellec-

516 1947 609 1999 tus
640 1956 748 1997 non
787 1947 874 1998 est
919 1940 1132 2014 species
1171 1941 1547 2017 intelligibilis,
1592 1940 1687 1997 sed
1730 1938 2012 2014 quidditas
2056 1939 2156 1996 rei.
2204 1938 2326 1997 Non
2376 1940 2523 1996 enim

516 2030 764 2089 scientim
799 2028 1198 2111 intellectuales
1236 2040 1425 2087 omnes
1466 2040 1595 2088 sunt
1634 2030 1703 2087 de
1739 2028 2026 2103 speciebus
2065 2027 2519 2101 intelligibilibus

515 2118 614 2176 sed
631 2125 760 2177 sunt
786 2118 855 2175 de
881 2120 1094 2176 naturis
1131 2134 1334 2185 renum,
1361 2119 1504 2176 sicut
1541 2118 1708 2175 etiam
1732 2117 2007 2190 objectum
2032 2118 2182 2174 visus
2220 2123 2303 2174 est
2349 2118 2517 2188 color,

464 2212 473 2221 '
518 2224 626 2265 non
656 2208 868 2280 species
896 2208 1096 2264 coloris
1127 2223 1254 2279 quae
1289 2214 1373 2262 est
1411 2208 1465 2261 in
1497 2206 1676 2263 oculo.
1702 2205 1963 2276 Quamvis
1993 2206 2159 2278 igitur
2190 2207 2305 2265 sint
2338 2207 2521 2281 plures

517 2294 830 2355 intellectus
855 2296 1199 2352 diversorum
1234 2294 1531 2362 bominum,
1558 2312 1665 2352 non
1693 2305 1874 2352 tamen
1900 2303 1984 2353 est
2014 2297 2115 2351 nisi
2157 2313 2323 2353 unum
2357 2298 2523 2354 intel-

519 2383 726 2439 lectum
748 2382 892 2456 apud
913 2398 1123 2450 omnes,
1150 2382 1292 2439 sicut
1331 2399 1498 2439 unum
1544 2382 1847 2441 coloratum
1884 2393 1987 2452 est,
2021 2386 2167 2458 quod
2216 2400 2247 2441 a
2290 2384 2524 2442 diversis

519 2470 938 2543 inspicientibus
983 2470 1221 2527 videtur.
1265 2472 1534 2538 Secundo,
1580 2473 1708 2547 quia
1765 2489 1869 2530 non
1913 2482 1995 2529 est
2049 2474 2437 2540 necessarium,
2476 2474 2523 2530 si

521 2559 729 2632 aliquid
749 2568 834 2621 est
862 2558 1224 2630 individuum,
1252 2561 1397 2634 quod
1425 2562 1501 2617 sit
1524 2561 1860 2619 intellectum
1884 2562 1939 2617 in
1964 2563 2228 2635 potentia,
2252 2569 2308 2618 et
2332 2579 2435 2618 non
2468 2564 2522 2618 in

523 2653 673 2715 actu,
700 2648 795 2705 sed
835 2646 940 2705 boc
980 2657 1065 2706 est
1100 2664 1291 2713 verum
1334 2651 1389 2706 in
1434 2649 1542 2707 illis
1574 2656 1787 2707 tantum
1824 2666 1949 2725 quae
1987 2650 2399 2707 individuantur
2428 2668 2524 2725 per

523 2724 812 2799 ‘nuteriam
845 2754 860 2793 ι
890 2745 1107 2810 oportet
1131 2740 1275 2796 enim
1302 2738 1433 2795 illud
1459 2740 1603 2813 quod
1648 2748 1735 2797 est
1762 2740 2098 2797 intellectum
2138 2740 2192 2796 in
2230 2746 2375 2806 actu,
2404 2754 2524 2798 esse

522 2825 907 2885 immateriale.
945 2826 1099 2884 Unde
1139 2827 1465 2887 substantiae
1506 2828 1914 2896 immaterialeS,
1944 2828 2071 2885 licet
2108 2829 2219 2885 sint
2269 2832 2523 2903 quaedam

523 2914 804 2996 individua
826 2932 921 2989 per
948 2932 1008 2974 se
1035 2917 1354 2983 existentia,
1387 2926 1515 2974 sunt
1553 2925 1734 2975 tamen
1772 2917 2047 2975 intellecta
2077 2918 2131 2974 in
2161 2926 2289 2974 actu
2322 2937 2335 2975 ε
2381 2919 2525 2977 unde.

521 3013 580 3063 et
625 3007 837 3079 species
880 3006 1250 3077 intelligibiles
1296 3023 1421 3079 quae
1459 3015 1585 3062 sunt
1623 3006 2033 3077 immaterialeS‚
2062 3006 2187 3065 licet
2239 3010 2348 3067 sint
2402 3010 2525 3067 aliae

522 3106 750 3157 numero
779 3096 949 3152 inme
977 3104 1034 3151 et
1063 3095 1117 3151 in
1149 3103 1224 3163 te,
1253 3110 1360 3151 non
1395 3101 1615 3168 propter
1644 3094 1745 3151 hoc
1784 3096 2015 3169 perdunt
2044 3098 2178 3171 quin
2210 3097 2321 3153 sint
2358 3098 2527 3154 intel-

524 3183 758 3257 ligibiles
781 3191 909 3243 actu
937 3201 952 3240 ε
983 3183 1079 3240 sed
1111 3181 1418 3241 intellectus
1456 3184 1763 3257 intelligens
1787 3202 1885 3259 per
1925 3202 2020 3243 eas
2061 3202 2219 3243 suum
2252 3185 2527 3259 objectum

526 3272 828 3333 reflectitur
856 3289 1022 3347 supra
1049 3274 1289 3345 seipsum
1318 3272 1671 3345 intelligendo
1707 3276 1883 3347 ipsum
1920 3291 2081 3331 suum
2116 3267 2438 3348 intelligere,
2469 3287 2526 3335 et

526 3364 767 3437 speciem
794 3377 904 3437 qua
933 3361 1429 3433 intelligit-Deinde
1452 3362 1907 3423 considerandum
1929 3372 2014 3420 est
2036 3364 2203 3438 quod,
2220 3366 2265 3421 si
2293 3376 2525 3439 ponatur

528 3466 671 3509 unus
698 3451 1006 3508 intellectus
1031 3450 1275 3507 omnium
1305 3450 1602 3519 hominum,
1637 3452 1813 3511 adhuc
1848 3461 1934 3509 est
1979 3453 2171 3510 eadem
2208 3454 2523 3523 difficultaS,

527 3542 660 3615 quia
686 3540 864 3599 adbuc
894 3546 1139 3598 remanet
1165 3539 1459 3598 multitudo
1487 3540 1881 3610 intellectuum,
1910 3558 2035 3599 cum
2058 3545 2168 3600 sint
2198 3538 2381 3617 plures
2408 3544 2530 3602 sub-

529 3630 750 3688 stantiae
771 3639 1040 3703 separatae
1067 3629 1450 3702 intelligentes,
1475 3638 1531 3687 et
1555 3630 1631 3687 ila
1660 3639 1981 3706 sequeretur
2009 3634 2310 3690 secundum
2337 3650 2526 3692 eorum
2586 3624 2595 3632 ’

528 3722 815 3787 rationem,
849 3720 993 3793 quod
1024 3717 1301 3776 intellecta
1337 3727 1519 3777 essent
1554 3721 1850 3778 secundum
1895 3739 2181 3779 numerum
2205 3723 2444 3791 diversa,
2473 3730 2529 3781 et

529 3827 626 3883 per
645 3824 984 3882 consequens
1004 3806 1360 3867 individualia
1387 3817 1446 3865 et
1470 3826 1576 3867 non
1605 3811 1881 3869 intellecta
1913 3814 1964 3868 in
1990 3824 2115 3869 actu
2144 3815 2340 3887 primo.
2371 3814 2531 3871 Patet

530 3898 698 3970 igitur
711 3898 857 3973 quod
881 3897 1163 3972 praemissa
1181 3898 1321 3955 ratio
1345 3898 1391 3955 si
1413 3898 1618 3973 aliquid
1642 3902 1988 3959 necessitatis
2015 3902 2259 3971 baberet,
2286 3902 2533 3961 auferret

530 3986 902 4062 pluralitatem
927 3987 1300 4055 intellectuum
1321 3989 1659 4064 simpliciter,
1683 3999 1739 4048 ει
1762 4006 1871 4047 non
1893 3990 2071 4048 solum
2098 3993 2155 4048 in
2182 3989 2527 4049 bominibus:
