2850 4517
505 382 625 447 434
983 398 1035 444 s.
1080 396 1316 441 'rnoMAE
1356 396 1686 447 Aonmffls
1725 396 2036 440 opuscunn

510 530 640 575 nam
675 514 847 589 ipsius
880 520 965 572 est
1005 515 1200 571 docere
1243 514 1376 587 quid
1418 527 1519 571 nos
1567 530 1726 569 orare
1771 518 2046 585 oporteat.
2069 512 2211 570 Nam
2259 512 2517 585 discipuli

510 606 765 663 dixerunt
792 604 861 673 ei,
900 606 1062 663 Lucae
1091 621 1134 662 11
1164 620 1175 660 :
1209 603 1456 670 Domine,
1488 604 1608 661 doce
1636 620 1730 659 noe
1755 619 1936 659 orare.
1967 604 2046 659 Ea
2070 618 2204 673 ,ergo
2244 618 2371 676 quae
2403 604 2520 676 ipse

511 710 668 751 orare
692 695 877 752 docuit
907 695 1211 751 rectissime
1240 694 1624 767 postulantur:
1659 694 1798 748 unde
1831 694 2124 763 Angustia.
2157 713 2184 745 α
2219 692 2521 763 Quaecum-

512 800 617 857 que
639 790 824 839 autem
854 783 1314 851 verba‘dioamuS,
1340 783 1472 839 nibil
1492 782 1642 851 aliud
1665 782 1919 849 dicimus,
1949 798 2116 855 quam
2145 782 2293 854 quod
2324 782 2380 837 in
2412 783 2520 839 ista

510 871 756 929 oratione
782 870 1057 947 ‚dominica
1080 872 1453 944 positum‘est,
1476 868 1523 925 si
1553 877 1700 925 recte
1735 875 1789 923 et
1827 874 2192 940 congruenter
2215 884 2438 927 oramus
2467 890 2519 926 x».

510 960 686 1019 Debet
711 946 879 1017 etiam
908 976 1027 1016 esse
1052 959 1303 1015 ordinata
1333 959 1477 1015 sicut
1506 956 1857 1024 desiderium,
1889 951 2016 1013 eum
2061 958 2237 1013 oratio
2269 960 2343 1015 sit
2371 960 2523 1016 desi·

512 1050 647 1106 dorii
680 1048 970 1122 interpreS.
999 1048 1097 1106 Est
1122 1055 1304 1105 autem
1332 1046 1423 1105 hio
1453 1046 1672 1103 debitus
1695 1046 1854 1114 ordo,
1879 1052 1940 1101 ut
1968 1046 2279 1119 spiritualia
2318 1064 2522 1108 earna-

512 1138 674 1198 libus,
702 1137 949 1193 coelestia
996 1138 1227 1193 terrenis
1276 1136 1636 1193 desiderando
1665 1143 1720 1191 et
1763 1135 1967 1191 orando
2015 1136 2393 1208 praeferamus,
2425 1154 2520 1193 se-

514 1227 771 1287 cundum·
790 1226 928 1289 ,illud
970 1225 1163 1287 Matth.
1204 1240 1263 1281 v1
1288 1242 1301 1281 ι
1328 1225 1578 1281 Primum
1605 1224 1834 1297 quaerite
1857 1240 2084 1297 regnum
2114 1224 2235 1290 Dei,
2266 1232 2376 1283 etc.
2403 1228 2522 1285 Hoc

514 1316 779 1374 Dominus
808 1316 862 1372 in
891 1314 995 1372 hac
1028 1314 1273 1372 oratione
1310 1330 1533 1389 servare
1558 1314 1764 1379 docuit,
1793 1314 1849 1368 in
1891 1330 2001 1385 qua
2045 1314 2220 1386 primo
2247 1322 2522 1387 petuntur

516 1404 778 1472 caelestia,
812 1412 867 1459 et
892 1404 1235 1476 postmodum
1264 1412 1502 1460 terrena.
1532 1402 1704 1457 Debet
1735 1401 1903 1458 etiam
1931 1401 2108 1459 oratio
2137 1418 2256 1459 esse
2292 1405 2517 1473 devota,

516 1493 645 1567 quia
692 1492 964 1564 pinguedo
1005 1492 1315 1552 devotionis
1364 1491 1498 1548 facit
1539 1492 1878 1547 sacrificium·
1917 1492 2175 1548 orationis
2229 1477 2350 1550 esse
2399 1497 2522 1553 Deo

516 1586 822 1654 acceptum,
846 1581 1143 1637 secundum
1170 1580 1301 1638 illud
1327 1581 1528 1637 Psalm.
1559 1596 1674 1636 nxn
1703 1598 1719 1635 ε
1751 1580 1818 1647 In
1841 1579 2047 1636 ‘nomine
2071 1587 2156 1637 tuo
2179 1582 2358 1637 levabo
2390 1600 2520 1639 ma·

518 1686 619 1731 nus
646 1686 785 1726 meas
809 1686 828 1729 .·
856 1669 993 1726 sieut
1017 1668 1170 1743 adipe
1192 1664 1246 1726 et
1263 1668 1585 1743 pinquedine
1609 1670 1883 1740 repleatur
1911 1668 2096 1724 anima
2115 1686 2248 1725 mea.
2279 1672 2516 1730 Devotio

518 1766 704 1819 autem
760 1758 1079 1833 plerumque
1122 1766 1349 1835 prop-ter
1395 1758 1762 1830 prolixitatem
1815 1757 2079 1813 orationis
2128 1759 2454 1818 obtunditur
2503 1779 2520 1821 ε

520 1850 663 1911 unde
708 1848 972 1930 Dominus
1017 1849 1346 1921 superfluam
1384 1846 1647 1903 orationis
1685 1846 2054 1919 prolixitatem
2101 1846 2290 1905 docuit
2321 1844 2521 1921 vitare,

522 1940 729 2006 dicem,
759 1940 952 1998 Mattb.
981 1953 1038 1994 vi
1066 1955 1081 1993 t
1113 1937 1342 1994 Orontes
1369 1944 1546 1993 autem
1572 1934 1735 1993 nolite
1759 1936 1984 1992 multum
2005 1936 2171 2008 loqui.
2191 1938 2260 1994 Et
2285 1942 2522 2012 August.

524 2028 661 2088 dicit
683 2027 751 2083 ad
783 2028 1011 2083 Probam
1028 2043 1040 2081 :
1060 2046 1085 2080 t<
1119 2026 1367 2083 Absitab
1393 2026 1639 2083 oratione
1669 2025 1840 2081 multa
1863 2024 2088 2093 locuti-o,
2118 2027 2216 2083 sed
2240 2044 2350 2084 non
2377 2030 2524 2089 desit

520 2116 695 2178 multa
721 2115 985 2194 precatio,
1018 2117 1065 2173 si
1105 2116 1321 2172 fervens
1358 2123 1668 2189 perseveret
1709 2114 1938 2169 intentio
1973 2133 2024 2183 n,
2071 2116 2216 2173 unde
2258 2118 2524 2176 Dominus

522 2205 665 2268 banc
706 2206 1007 2262 orationem
1046 2205 1266 2262 brevem
1308 2202 1568 2259 instituit.
1615 2203 1905 2283 Consurgit
1951 2207 2135 2259 autem
2184 2204 2406 2263 devotio
2456 2225 2526 2266 ex

520 2294 808 2363 charitate,
838 2310 963 2367 quae
986 2300 1072 2349 est
1098 2308 1253 2349 amor
1276 2293 1373 2348 Dei
1402 2298 1459 2347 et
1487 2292 1738 2365 proximi,
1767 2307 2000 2365 quorum
2027 2298 2319 2367 utrumque
2342 2297 2402 2352 iu
2421 2295 2526 2353 hae

522 2381 771 2438 oratione
821 2380 1146 2437 ostenditur.
1202 2381 1342 2437 Nam
1394 2378 1464 2435 ad
1521 2378 1906 2436 insinuandum
1956 2380 2202 2437 divinum
2255 2399 2519 2454 amorem,

522 2484 783 2531 vocamus
822 2482 946 2524 eum
971 2474 1183 2541 patrem
1215 2484 1228 2523 :
1260 2468 1331 2523 ad
1358 2467 1746 2524 insinuandum
1774 2466 1957 2526 autem
1985 2485 2226 2527 amorem
2257 2474 2518 2545 proximi,

520 2558 883 2617 communiter
924 2573 1025 2633 pro
1066 2556 1315 2613 omnibus
1362 2571 1600 2624 oramus,
1647 2554 1892 2615 dieentes
1919 2576 1932 2615 ε
1961 2558 2132 2627 Pater
2170 2568 2374 2628 noster,
2411 2569 2520 2619 etc.

520 2651 597 2711 Et
622 2647 833 2705 dimitte
854 2646 1006 2704 nobie
1032 2645 1205 2703 debita
1228 2654 1435 2713 nostra,
1466 2652 1573 2703 etc.
1605 2647 1674 2704 ad
1701 2649 1846 2721 quod
1887 2649 2261 2719 proximorum
2297 2649 2524 2708 dileetio

520 2754 623 2801 nos
664 2732 894 2795 innubit.
936 2737 1111 2794 Debet
1148 2737 1317 2795 etiam
1362 2736 1540 2793 oratio
1586 2752 1706 2793 esse
1761 2738 2000 2803 humilis,
2035 2740 2336 2795 secundum
2389 2738 2523 2797 illud

520 2827 666 2891 Psal.
694 2845 748 2885 cl
776 2844 789 2883 z
819 2826 1070 2900 Respexit
1094 2827 1153 2883 in
1180 2826 1476 2883 orationem
1499 2826 1799 2884 humilium.
1833 2826 1900 2883 Et
1917 2828 2050 2883 Luc.
2080 2844 2226 2886 xvm
2250 2828 2318 2885 de
2348 2829 2528 2903 phari-

524 2934 636 2980 saeo
664 2924 721 2975 et
758 2916 1067 2991 publicane.
1097 2916 1166 2974 Et
1191 2917 1362 2973 Judit.
1397 2932 1455 2972 ix
1485 2933 1498 2969 ε
1525 2915 1824 2971 Humilium
1864 2922 1913 2973 et
1950 2922 2350 2976 mansuetorum
2384 2936 2527 2975 eem-

524 3025 626 3089 per
644 3006 743 3067 tibi
764 3006 972 3083 placuit
991 3004 1307 3078 deprecatio,
1340 3021 1463 3080 quae
1491 3006 1714 3079 quidem
1743 3004 2021 3062 humilitas
2052 3006 2110 3061 in
2144 3006 2248 3064 bac
2273 3009 2528 3067 oratione

528 3106 777 3157 servatur
804 3115 816 3152 z
848 3112 979 3153 nam·
1002 3112 1133 3153 vera
1175 3094 1454 3151 humilitas
1489 3101 1574 3151 est
1615 3095 1834 3166 quando
1877 3094 2076 3169 aliquis
2117 3094 2254 3151 nibil
2297 3112 2370 3153 ex
2407 3098 2529 3155 suis

530 3188 736 3244 viribus
758 3186 1058 3259 praesumit,
1086 3185 1181 3241 sed
1212 3192 1386 3241 totum
1415 3198 1485 3239 ex
1521 3182 1706 3239 divina
1745 3183 1950 3240 virtute
1990 3184 2396 3257 impetrandum
2423 3204 2529 3243 ex·

522 3280 728 3351 pectet.
749 3276 893 3333 Nota
921 3274 1159 3347 insuper,
1190 3274 1333 3347 quod
1365 3273 1473 3340 tria
1499 3271 1640 3329 bona
1670 3272 1802 3329 facit
1834 3273 2032 3330 oratio.
2063 3274 2244 3329 Primo
2267 3276 2414 3332 enim
2441 3286 2532 3334 est

522 3366 715 3423 efficax
738 3370 793 3421 et
823 3364 955 3421 utile
1000 3364 1301 3420 remedium
1324 3368 1515 3419 contra
1543 3362 1706 3419 mala.
1747 3361 1968 3418 Liberat
2009 3363 2156 3419 enim
2199 3378 2228 3420 e
2277 3366 2532 3438 peccatis

522 3455 849 3513 commissiS.
893 3444 1093 3509 Psalm.
1133 3467 1263 3508 xxx1
1294 3468 1310 3507 t
1352 3452 1432 3508 Tu
1477 3450 1734 3508 remisisti
1775 3450 2102 3525 impietatem
2136 3453 2338 3525 peccati
2373 3454 2530 3512 mei:

518 3562 623 3619 pro
646 3546 744 3602 hae
770 3542 948 3599 orabit
982 3538 1053 3596 *aci
1080 3547 1130 3596 te
1169 3540 1337 3596 omnis
1373 3548 1608 3597 sanctus.
1634 3540 1724 3597 Sie
1771 3540 1912 3597 latro
1953 3543 2006 3597 in
2043 3557 2207 3599 cruce
2236 3544 2440 3610 oravit,
2474 3552 2534 3600 et

522 3634 901 3690 remissionem
922 3628 1177 3701 obtinuit,
1209 3632 1338 3705 quia
1371 3648 1385 3687 ε
1414 3630 1583 3687 Hodie
1606 3646 1806 3687 meeum
1825 3630 1934 3687 eris
1976 3632 2036 3687 in
2071 3630 2357 3688 Paradieo.
2387 3634 2530 3690 Luc.

522 3738 687 3780 xxui.
720 3721 809 3778 Sic
848 3720 1170 3795 publicanus
1216 3720 1413 3787 oravit,
1447 3726 1502 3776 et
1540 3719 1872 3792 justificatus
1904 3720 2168 3777 deseendit
2210 3720 2271 3777 in
2312 3721 2534 3779 domtem

525 3826 697 3875 suam,
726 3810 859 3865 Luc.
883 3812 1049 3865 xviii.
1086 3808 1306 3865 Liberat
1342 3807 1510 3864 etiarn
1548 3821 1580 3863 a
1632 3806 1828 3864 timore
1869 3814 2220 3882 peecatorum
2260 3824 2536 3882 superve-

528 3898 796 3952 nientium
825 3912 857 3953 a
882 3896 1325 3953 tribulationibus
1346 3905 1402 3954 et
1427 3896 1688 3956 tristitiis.
1713 3897 1903 3955 Jacob.
1931 3898 2031 3959 ult.
2053 3914 2067 3954 ε
2091 3897 2385 3955 ³Tristatur
2411 3916 2540 3971 quie

530 3983 595 4058 in
618 3982 785 4067 vobis.
808 3990 923 4062 oret
949 4000 1095 4057 oequo
1119 3986 1319 4065 animo.
1345 3984 1566 4059 Liberat
1589 3986 1758 4053 etiam
1784 4002 1818 4045 a
1845 3980 2313 4065 persecutionibus
2337 3995 2394 4045 et
2417 3988 2542 4045 ini·
