2850 4517
542 258 659 315 374
1018 273 1069 315 s.
1114 232 1349 315 motui:
1388 268 1718 317 Aoumssls
1759 268 2072 311 opusctJLA

545 387 693 459 quod
730 394 814 443 est
843 402 930 443 res
971 393 1027 442 et
1072 390 1496 453 sacramentum,
1537 384 1750 441 scilicet
1776 398 1976 454 corpus
2003 382 2203 439 Christi
2247 398 2456 450 verum,
2494 390 2552 441 et

547 475 754 547 aliquid
802 474 947 548 quod
995 480 1080 530 est
1125 490 1212 531 res
1262 482 1496 539 tantum,
1541 472 1752 531 scilicet
1799 471 1982 529 unitas
2021 473 2266 545 corporis
2311 472 2546 545 mystici,

544 565 599 620 id
618 571 725 631 est,
754 563 906 620 Eccl.
938 579 1102 637 quam
1130 563 1235 619 hoc
1266 568 1668 621 sacramentum
1693 568 1749 617 et
1777 558 2070 633 significat,
2095 567 2152 617 et
2171 565 2384 625 causet.
2412 562 2552 617 Fue-

546 662 670 711 runt
704 663 887 710 eutem
911 653 1061 709 circa
1080 650 1185 709 hoc
1213 660 1617 709 sacramentum
1647 650 1801 707 multi
1829 666 2060 716 erroreS,
2090 665 2326 721 quorum
2351 650 2552 722 primus

547 747 631 799 est
655 760 847 803 eorum
886 742 980 814 qui
1012 741 1202 798 dicunt
1240 740 1385 814 quod
1429 740 1488 795 in
1525 740 1629 795 hoc
1669 744 2071 797 sacramentum
2114 752 2222 793 non
2253 746 2338 795 est
2365 754 2554 795 verum

548 846 742 905 corpus
784 830 1005 899 Christi,
1038 830 1131 885 sed
1178 836 1390 886 tantum
1418 828 1800 899 significative.
1831 832 2038 883 Auctor
2077 827 2279 889 erroris
2307 828 2427 898 ejus
2469 826 2556 882 di-

548 924 691 976 citur
710 918 876 975 fuisse
892 920 1269 991 Berengarius,
1292 924 1484 975 contra
1510 932 1672 991 quem
1698 917 1922 984 dicitur,
1949 917 2106 976 Joan.
2136 932 2196 973 vt
2226 933 2239 970 ε
2269 916 2416 973 Caro
2444 932 2557 973 mea

546 1025 668 1065 vere
696 1015 771 1065 est
811 1008 974 1075 cibus,
1002 1016 1049 1063 et
1076 1008 1293 1079 sanquis
1332 1023 1479 1063 meus
1501 1022 1620 1065 vere
1649 1015 1726 1063 est
1756 1012 1930 1078 potus.
1967 1005 2254 1064 Secundus
2291 1012 2378 1063 est
2407 1021 2556 1062 error

548 1096 1017 1163 Arrodinicarum,
1047 1097 1141 1169 qui
1171 1098 1403 1155 offerunt
1434 1096 1489 1151 in
1512 1101 1855 1152 sacramento
1879 1094 1982 1150 hoc
2011 1110 2208 1166 panem
2237 1096 2295 1149 et
2313 1110 2551 1163 caseum,

551 1184 796 1241 dicentes
815 1202 846 1242 a
864 1186 1057 1258 primis
1078 1184 1388 1241 hominibus
1411 1184 1714 1240 oblationes
1739 1183 1806 1239 de
1834 1182 2080 1254 frugibus
2107 1189 2272 1241 terrae
2293 1190 2351 1245 et
2376 1184 2556 1239 ovium

550 1272 855 1329 celebratas
895 1273 1080 1341 fuisse,
1123 1279 1313 1330 contra
1356 1273 1503 1346 quod
1533 1282 1634 1339 est,
1681 1273 1826 1345 quod
1866 1272 2130 1327 Dominus
2167 1271 2329 1343 hujus
2371 1287 2558 1328 sacra-

553 1362 723 1418 menti
766 1362 1063 1427 institutor,
1096 1378 1293 1433 panem
1338 1368 1394 1417 et
1441 1362 1628 1418 vinum
1663 1360 1946 1432 discipulis
1975 1360 2088 1417 suis
2127 1360 2300 1415 dedit.
2342 1362 2556 1418 Tertius

553 1456 637 1505 est
674 1465 825 1504 error
862 1450 1276 1523 Catafrygarum
1317 1456 1373 1505 et
1399 1451 1874 1522 Praeputiatorum,
1907 1449 2000 1521 qui
2045 1450 2114 1504 de
2151 1448 2380 1505 infantis
2427 1466 2557 1505 san-

402 1550 410 1557 ·
506 1532 513 1537 '
544 1536 736 1609 guine,
770 1552 933 1609 quem
968 1538 1035 1593 de
1071 1546 1184 1593 toto
1213 1539 1330 1609 ejus
1370 1554 1598 1611 corpore
1638 1540 1860 1595 minutis
1889 1546 2214 1609 punctorum
2245 1538 2556 1593 vulneribus

556 1632 899 1698 extorquent,
941 1627 1097 1699 quasi
1126 1626 1514 1683 eucharistiam
1544 1643 1698 1683 suam
1739 1627 2004 1683 conficere
2045 1626 2422 1699 perhibentur,
2454 1628 2555 1682 im-

558 1715 849 1779 miscentes
885 1731 1008 1771 eum
1040 1716 1249 1782 farinae,
1295 1733 1598 1788 panemque
1631 1716 1756 1771 inde
1785 1715 2066 1782 sacienteS,
2095 1716 2244 1787 quod
2276 1717 2450 1787 magis
2477 1723 2554 1773 est

558 1803 735 1859 simile
791 1806 1044 1861 sacrificii
1086 1806 1414 1872 daemonum,
1467 1820 1631 1879 qua-m
1681 1805 1936 1863 sacrificii
1987 1804 2208 1873 Christi,
2261 1806 2554 1861 secundum

558 1892 712 1959 iilud,
740 1893 881 1949 Psal.
912 1912 979 1950 cv
1007 1911 1021 1948 t
1054 1896 1377 1965 Effuderunt
1402 1893 1715 1967 sanquinem
1741 1893 2085 1959 innocentem,
2108 1910 2262 1965 quem
2281 1894 2554 1965 sacrifiea-

558 1989 752 2039 verunt
777 1984 1105 2056 sculptilibus
1134 1983 1411 2040 chanaan.
1459 1983 1698 2052 Quartus
1725 1990 1810 2038 est
1846 1999 1997 2042 error
2035 1984 2426 2055 Aquariorum‚
2467 1984 2551 2055 qui

560 2087 759 2144 aquam
782 2072 955 2129 solam
982 2074 1035 2127 in
1060 2073 1343 2128 sacrificiis
1367 2073 1618 2139 offerunt,
1651 2087 1774 2127 cum
1802 2080 2002 2137 tamen,
2036 2071 2200 2127 Prov.-
2227 2087 2313 2127 lx.
2347 2072 2555 2133 dicatur

559 2156 635 2215 ex*
656 2178 747 2216 ore
784 2163 1088 2233 sapientiae,
1134 2162 1228 2233 qui
1276 2170 1360 2217 est
1408 2161 1656 2217 Christus
1701 2178 1714 2218 ε
1758 2161 1936 2218 Bibite
1977 2161 2159 2221 vinum
2195 2161 2333 2232 quod
2373 2160 2554 2217 miscui

558 2248 720 2304 vobis.
750 2249 985 2317 Quintus
1014 2256 1097 2305 est
1120 2266 1271 2305 error
1295 2249 1638 2322 Ophitarum,
1671 2250 1764 2322 qui
1801 2258 2109 2322 serpentem
2137 2250 2417 2308 Christum
2445 2265 2554 2305 esse

557 2339 911 2403 aestimanteS,
946 2338 1147 2393 habent
1176 2355 1341 2393 unum
1376 2338 1659 2393 colubrum
1688 2347 1964 2397 assuetum
2002 2354 2170 2411 panes
2197 2338 2386 2409 lingua
2423 2340 2554 2395 lam-

558 2427 709 2493 bere,
760 2434 929 2497 atque
969 2427 1047 2480 ita
1091 2425 1169 2480 eis
1210 2426 1357 2481 velut
1393 2426 1793 2483 Eucharistiam
1833 2428 2193 2483 sanctificare.
2235 2428 2446 2485 Sextus
2480 2434 2555 2483 est

558 2530 710 2570 error
750 2514 1226 2585 Preeputiatorum,
1263 2514 1359 2587 qui
1398 2520 1610 2571 tantum
1645 2516 1778 2572 dant
1815 2516 2134 2575 mulieribus
2168 2514 2550 2589 principatum,

560 2610 621 2659 ut
660 2604 967 2660 sacerdotio
996 2618 1212 2677 quoque
1253 2605 1397 2677 apud
1434 2620 1528 2661 eos
1563 2606 1914 2662 honorentur.
1959 2606 2252 2679 SeptimuS,
2295 2611 2382 2663 est
2408 2623 2553 2665 error

556 2695 862 2766 Pauper-um
908 2693 977 2749 de
1009 2694 1292 2765 Lugduno,
1334 2694 1429 2768 qui
1471 2688 1662 2751 dicunt
1703 2696 2000 2769 quemiibet
2031 2696 2246 2767 justum
2285 2695 2551 2756 hominem

556 2796 716 2853 posse
734 2782 1007 2838 conficere
1034 2782 1139 2838 hoc
1161 2790 1562 2839 sacramentum
1595 2800 1608 2838 :
1649 2793 1838 2841 contre
1868 2799 2006 2857 quos
2028 2800 2244 2843 errores
2272 2794 2375 2854 est,
2413 2785 2546 2858 quod

555 2870 821 2928 Dominus
854 2874 1019 2944 ApoS.
1064 2870 1178 2927 suis
1215 2880 1543 2944 potestatem
1582 2871 1810 2928 tradidit
1835 2872 1940 2928 hoc
1967 2880 2374 2931 sacramentum
2411 2872 2550 2931 ceie-

556 2956 748 3014 brandi
798 2975 812 3013 z
847 2958 988 3013 unde
1031 2957 1207 3013 solum
1252 2958 1328 3015 illi
1375 2960 1467 3033 qui
1513 2959 1748 3031 quadam
1788 2960 2133 3020 successione
2169 2960 2242 3017 ab
2281 2960 2546 3033 Apostolis

556 3054 883 3118 acceperunt
910 3046 1050 3103 hanc
1076 3052 1422 3120 potestatem,
1453 3055 1677 3119 possunt
1704 3048 1806 3103 hoc
1833 3054 2237 3106 sacramentum
2265 3051 2527 3107 conficere

554 3134 799 3191 Octavus
836 3142 919 3190 est
960 3151 1113 3191 error
1150 3138 1528 3210 quorumdam.
1575 3138 1668 3211 qui
1699 3138 1955 3193 dicuntur
1983 3139 2270 3207 Adamani,
2305 3141 2401 3213 qui
2429 3138 2544 3195 imi·

555 3229 739 3278 tentes
772 3224 1076 3281 nuditatem
1120 3227 1271 3294 Adae,
1304 3226 1435 3282 nudi
1475 3242 1652 3283 mares
1685 3227 2008 3299 feminaeque
2034 3229 2388 3297 conveniunt,
2425 3227 2541 3288 nudi

554 3312 843 3369 lectionem
875 3314 1122 3381 audiunt,
1151 3315 1280 3371 nudi
1306 3324 1482 3382 orant,
1511 3314 1854 3373 sacramenta
1879 3316 2005 3373 nudi
2036 3316 2339 3385 celebrant,
2365 3323 2541 3387 contra

552 3416 690 3474 quos
716 3401 935 3469 dicitur,
968 3402 1256 3459 [Corinth.
1303 3399 1403 3460 xiv
1436 3420 1449 3457 ε
1479 3404 1673 3460 Omnia
1697 3406 1904 3463 honeste
1932 3414 1981 3464 et
2005 3406 2290 3465 seeundum
2311 3407 2536 3463 ordinem

550 3488 689 3559 fiant
714 3488 774 3543 in
794 3489 955 3544 vobis.
983 3488 1249 3557 Quartum
1277 3490 1690 3548 Sacramentum
1716 3498 1798 3552 est
1827 3494 2168 3565 poenitentia,
2201 3496 2362 3566 cujus
2396 3490 2536 3567 quasi

553 3577 781 3633 materia
806 3586 932 3634 sunt
967 3585 1121 3635 ectus
1148 3578 1482 3650 poenitentis,
1515 3580 1611 3653 qui
1639 3580 1893 3637 dicuntur
1921 3591 2030 3639 tres
2057 3583 2396 3655 poenitentiae
2425 3596 2540 3655 per«

551 3672 653 3732 tes,
695 3682 927 3739 quarum
964 3667 1138 3740 prima
1166 3674 1251 3724 est
1292 3668 1472 3725 cordis
1511 3670 1785 3738 contriti0‚
1833 3670 1902 3727 ad
1935 3686 2101 3745 quam
2131 3672 2371 3744 pertinet
2407 3668 2538 3745 quod

550 3754 713 3810 homo
756 3754 939 3811 doleat
967 3756 1034 3811 de
1062 3764 1287 3828 peccato
1316 3759 1625 3827 commisse,
1655 3766 1709 3815 et
1738 3770 2004 3833 proponet
2031 3776 2091 3816 se
2115 3762 2184 3817 de
2211 3770 2415 3819 caetero
2445 3774 2538 3815 non

554 3849 927 3913 peccaturum.
971 3844 1219 3903 Secunda
1257 3864 1383 3919 pars
1429 3857 1512 3905 est
1543 3849 1655 3907 oris
1687 3845 1974 3918 confessio,
2017 3850 2086 3907 ad
2123 3866 2291 3923 quam
2317 3849 2539 3926 pertinet
