2850 4517
776 427 847 470 -ι,
877 441 958 454 -
983 423 1388 474 σοιιΡιιΝυιυΜ
1428 417 1808 472 renonem&
2192 409 2296 469 -99

285 543 504 610 gratus
537 539 674 596 Cum
702 537 848 596 enim
869 539 1092 598 dilectio
1132 541 1232 597 Dei
1265 543 1337 598 sit
1365 557 1532 598 causa
1554 539 1817 598 bonitatis
1848 540 1905 597 in
1932 538 2093 596 rebus
2132 555 2236 611 non
2262 555 2295 596 a

285 627 681 700 praeexistente
702 627 950 685 bonitate
973 636 1294 702 provocata,
1313 631 1457 687 sicut
1477 638 1560 686 est
1588 628 1809 686 dilectio
1837 636 2040 695 nostra,
2072 643 2296 684 necesse

286 722 378 772 est
419 714 569 788 quod
619 715 819 788 quibus
869 717 1083 790 aliquos
1133 717 1398 790 speciales
1448 718 1676 774 effectus
1730 716 1991 773 bonitatis
2044 715 2292 786 largitur,

288 812 549 875 respectu
596 801 791 860 horum
821 803 1076 877 specialis
1110 807 1256 861 ratio
1297 805 1609 862 dilectionis
1654 806 1857 862 divinae
1898 803 2295 860 consideretur.

286 891 448 947 Unde
495 906 592 946 eos
633 893 869 948 maxime
905 899 961 948 et
999 893 1320 966 simpliciter
1356 892 1584 966 diligere
1637 893 1861 960 dicitur,
1916 892 2117 970 quibus
2164 891 2300 948 tales

285 977 557 1035 bonitatis
588 979 814 1036 effectus
854 979 1102 1052 largitur,
1143 998 1240 1054 per
1269 997 1408 1055 quos
1450 980 1521 1037 ad
1562 979 1817 1040 ultimum
1856 975 2020 1036 finem
2049 976 2294 1050 veniant,

285 1067 389 1139 qui
416 1075 501 1124 est
528 1068 652 1139 ipse
675 1070 772 1141 qui
800 1075 884 1126 est
911 1069 1032 1126 fons
1059 1069 1342 1128 bonitatis.

972 1296 1256 1364 CAPUT
1327 1297 1618 1366 CXLIV.

335 1453 520 1528 Quod
539 1453 708 1517 Deus
719 1471 836 1534 per
861 1455 1018 1518 dona
1039 1415 1322 1536 yratuitct
1347 1457 1608 1520 remittit
1632 1461 1899 1537 peccata,
1922 1473 2055 1538 qm
2075 1456 2259 1520 otiam

948 1545 1218 1623 qratiam
1249 1545 1628 1608 interimunt.

357 1687 432 1748 Et
460 1691 590 1765 quia
627 1699 854 1766 peccata
883 1695 1209 1766 contingunt
1245 1711 1314 1750 ex
1339 1695 1445 1751 hoc
1481 1694 1625 1769 quod
1668 1695 1913 1752 actiones
1955 1693 2221 1752 deficiunt
2259 1679 2293 1751 a

283 1786 444 1836 recto
491 1778 682 1835 ordine
728 1781 798 1836 ad
861 1781 1041 1848 finem,
1088 1783 1154 1836 ad
1213 1783 1376 1839 linem
1421 1789 1605 1840 autem
1651 1783 1936 1841 ordinatur
1979 1783 2144 1839 homo
2188 1769 2297 1844 non

285 1868 468 1924 solum
515 1883 612 1940 per
651 1867 926 1922 naturalia
971 1868 1193 1936 auxilia,
1229 1870 1327 1924 sed
1367 1885 1465 1940 per
1493 1871 1753 1940 gratuita.
1789 1885 2011 1926 necesse
2039 1878 2122 1925 est
2150 1869 2297 1940 quod

285 1963 524 2030 peecata
553 1954 836 2008 hominum
865 1969 968 2010 non
997 1955 1176 2010 solum
1213 1956 1554 2032 naturalibus
1582 1956 1818 2021 auxiliis,
1848 1941 1944 2010 sed
1973 1955 2141 2010 etiam
2168 1971 2299 2025 gra-

287 2042 448 2097 tuitis
485 2039 918 2096 contrarientur.
945 2040 1232 2096 Contraria
1261 2027 1449 2097 autem
1477 2055 1536 2095 se
1565 2040 1797 2095 invicem
1821 2029 2114 2119 expellunt.
2146 2041 2333 2103 Unde,

286 2131 436 2186 sicut
461 2144 562 2202 per
582 2133 812 2199 peccata
839 2126 1150 2198 hujusmodi
1179 2127 1383 2184 auxilia
1411 2129 1652 2199 gratuita
1677 2128 1746 2184 ab
1768 2126 1987 2184 homine
2018 2126 2297 2196 tolluntur,

286 2219 367 2274 ita
399 2233 500 2288 per
535 2215 773 2286 gratuita
809 2215 952 2271 dona
981 2223 1210 2289 peccata
1239 2215 1445 2272 homini
1472 2217 1871 2272 remittuntur:
1902 2214 2146 2298 alioquin
2177 2230 2299 2270 ma-

286 2306 416 2360 litia
445 2293 720 2359 hominis
706 2319 762 2357 ιιι
798 2302 1077 2374 peccando
1107 2303 1230 2376 plus
1269 2311 1454 2377 posset
1497 2305 1638 2360 dum
1666 2308 1910 2360 removet
1946 2303 2182 2376 gratiam
2207 2303 2297 2359 di-

286 2395 500 2457 vinam,
531 2407 691 2464 quam
721 2391 907 2447 divina
934 2390 1152 2447 bonitas
1191 2391 1260 2448 ad
1300 2393 1687 2448 removendum
1726 2397 1962 2464 peccata
1975 2408 2073 2465 per
2102 2392 2296 2464 gratiae

285 2480 460 2537 dona.
492 2479 646 2546 Item,
678 2479 824 2534 Deus
852 2477 1015 2534 rebus
1050 2478 1302 2552 providet
1343 2479 1645 2536 secundum
1683 2497 1870 2537 earum
1911 2480 2179 2536 modum·
2204 2478 2297 2536 hic
2359 2495 2362 2498 ·

283 2571 483 2626 autem
507 2573 590 2622 est
620 2565 810 2622 modus
837 2566 1180 2623 mutabilium
1210 2583 1410 2628 rerum.
1441 2574 1501 2624 ut
1534 2568 1591 2624 in
1619 2568 1699 2624 eis
1725 2569 2003 2625 contraria
2032 2554 2296 2624 alternari

284 2655 528 2730 possint,
580 2655 722 2709 sicut
770 2655 1052 2726 generatio
1097 2664 1154 2712 et
1193 2656 1472 2728 corruptio
1520 2656 1576 2712 in
1628 2657 1857 2712 materia
1898 2655 2188 2730 corporali,
2238 2659 2297 2710 et

287 2744 482 2801 album
509 2748 566 2797 et
597 2742 812 2814 nigrum
851 2742 906 2798 in
934 2758 1160 2817 corpore
1183 2743 1451 2799 colorato.
1475 2743 1648 2798 Homo
1688 2749 1872 2799 autem
1899 2752 1986 2798 est
2012 2741 2297 2803 mutaljlis

287 2830 598 2889 secundum
627 2829 963 2886 voluntatem
988 2830 1292 2909 quamdiu
1279 2846 1336 2889 ιιι
1369 2830 1476 2884 hac
1500 2829 1613 2884 vita
1638 2828 1794 2882 vivit.
1821 2829 1911 2883 Sic
1951 2831 2121 2899 igitur
2147 2828 2300 2882 divi-

286 2920 445 2975 nitus
486 2917 730 2991 gratuita
768 2917 910 2975 dona
951 2917 1156 2974 homini
1199 2916 1418 2982 dantur,
1451 2920 1511 2970 ut
1557 2928 1622 2969 ea
1660 2912 1833 2986 possit
1871 2929 1967 2985 per
2008 2919 2297 2984 peccatum

291 3007 572 3074 amittere,
601 3013 657 3062 et
680 3006 762 3062 sic
789 3011 1013 3078 peccata
1037 3009 1336 3078 perpetrat,
1360 3006 1421 3057 ut
1450 3017 1515 3060 ea
1540 3005 1637 3073 per
1654 2999 1893 3072 gratuita
1922 2990 2064 3056 dona
2089 2999 2297 3056 remitti

283 3095 528 3168 possint.
556 3087 848 3161 Praeterea,
879 3095 936 3149 in
963 3094 1032 3148 iis
1055 3109 1181 3166 quae
1209 3107 1372 3165 supra
1397 3097 1650 3147 naturam
1675 3096 1929 3160 aguntur,
1957 3087 2213 3160 possibile
2242 3091 2298 3141 et

281 3180 632 3254 impossibile
661 3182 962 3238 attenditur
995 3180 1294 3237 secundum
1329 3179 1630 3252 potentiam
1664 3178 1927 3245 divinam,
1958 3191 2068 3231 non
2094 3191 2295 3232 secun-p

281 3271 422 3326 dum
456 3269 764 3343 potentiam
809 3268 1134 3326 naturalem.
1173 3268 1329 3336 Quod
1362 3269 1509 3324 enim
1545 3281 1727 3324 caecus
1764 3264 2060 3323 illuminari
2100 3263 2292 3335 possit,

275 3356 381 3416 vel
411 3365 662 3414 mortuus
689 3373 994 3428 resurgere,
1040 3372 1145 3412 non
1177 3364 1262 3412 est
1301 3354 1567 3412 naturalis
1592 3358 1877 3427 potentiae,
1914 3352 2010 3418 sed
2046 3351 2247 3407 divinae
2279 3368 2294 3403 2

273 3445 442 3502 dona
463 3452 651 3502 autem
688 3445 931 3518 gratuita
958 3451 1086 3502 sunt
1115 3442 1570 3518 supernaturalia.
1599 3441 1755 3512 Quud
1794 3441 1961 3513 igitur
1992 3455 2057 3494 ea
2096 3436 2297 3511 aliquis

271 3535 558 3607 consequi
607 3535 804 3607 possit,
848 3533 921 3590 ad
959 3534 1200 3590 divinam
1242 3531 1541 3605 potentiam
1587 3531 1849 3603 pertinet.
1893 3529 2088 3585 Dicere.
2128 3526 2295 3595 igitur

267 3622 444 3696 quod
473 3621 676 3694 aliquis
717 3628 845 3696 post
885 3627 1173 3694 peccatum
1201 3618 1457 3692 gratuita·
1484 3619 1625 3675 dona
1654 3616 1916 3690 consequi
1953 3611 2293 3684 non-possit,

261 3714 388 3769 est
420 3709 622 3768 divinae
659 3709 924 3783 potentiae
971 3707 1234 3781 derogare
1265 3724 1278 3761 ε
1305 3706 1547 3778 gratuita
1585 3712 1769 3761 autem
1796 3705 1940 3761 dona
1976 3698 2137 3758 simul
2170 3713 2296 3754 cum

253 3805 527 3877 peccato
549 3813 670 3855 esse
693 3815 801 3855 non
838 3807 1091 3873 possunt,
1116 3811 1242 3853 cum
1266 3811 1361 3869 per
1384 3795 1629 3868 gratuita
1650 3793 1795 3850 dona
1822 3792 1986 3849 homo
2015 3789 2298 3858 ordinetur

251 3885 370 3950 ad
403 3885 581 3956 finem,
614 3903 650 3944 a
685 3903 796 3962 quo
837 3903 937 3962 per
976 3894 1262 3960 peccatum
1288 3884 1576 3944 avertitur.
1619 3882 1814 3938 Dicere
1853 3880 2022 3953 igitur
2070 3879 2295 3951 peccata

249 3973 648 4036 remissibilia
671 3989 782 4042 non
811 3989 950 4043 esse,
981 3975 1181 4032 divinae
1199 3972 1467 4048 potentiae
1480 3969 1877 4051 contrariatur,

2098 4029 2114 4042 0

2081 4051 2121 4074 >vo
