2850 4517
667 385 752 428 ιν.
785 401 865 416 —-
886 387 965 431 nn
1006 377 1428 438 Pnnrnc‘nonn
1469 381 1636 440 vn‘AE
1686 398 2060 445 smm'ruAms
2246 388 2367 448 315

358 494 520 556 visse
525 501 809 572 poeniteat,
844 501 953 560 imo
976 487 1287 580 gaudejam
1314 509 1413 565 tibi
1439 526 1546 568 non
1587 512 1668 568 sic
1705 513 1888 580 licere,
1917 517 2065 587 quod
2097 532 2224 574 cum
2270 525 2362 576 tuo

358 587 687 646 detrimento
712 590 977 649 licuisset.
1009 597 1322 668 Aggredere
1359 599 1548 672 itaque
1586 601 1910 674 intrepidae,
1939 612 1994 660 et
2023 604 2172 663 dicta
2202 607 2364 681 imple

354 675 677 749 fact1S,1pse
720 680 1003 753 adjuvabit
1045 686 1137 757 qui
1186 696 1311 742 vota
1356 693 1454 744 tua
1499 691 1724 766 expetit.
1753 691 1902 748 Felix
1921 701 2006 750 est
2045 697 2359 761 necessum,

354 781 481 838 quae
508 766 577 822 ad
606 764 831 826 meliora
856 772 1219 844 compellit.»
1240 775 1399 832 Patet
1427 776 1594 834 etiam
1620 795 1687 835 ex
1730 779 1816 835 his
1857 782 2038 838 verbis
2071 799 2358 839 erroneum

352 869 472 910 esse
496 857 643 928 quod
667 856 876 927 dicunt,
908 861 1057 932 quod
1083 861 1282 938 aliquis
1304 879 1409 920 non
1436 871 1652 923 tenetur
1679 868 1749 925 de
1775 869 2051 942 implendo
2077 878 2266 929 votum
2286 873 2354 928 de

274 984 279 988 .
349 942 613 1015 religione
640 945 918 1006 intranda.

1087 1121 1371 1203 CAPUT
1424 1126 1610 1193 XIII.

454 1256 551 1320 De
566 1259 935 1338 perfectione
960 1247 1303 1414 dileetiocaelzis
1315 1267 1614 1416 ῙΞνοωίηιί,
1643 1283 1783 1348 qwoe
1808 1272 1898 1332 eet
1921 1271 2298 1336 necessaria

1158 1371 1196 1416 a
1266 1371 1335 1416 sa
1364 1359 1524 1418 utem

412 1479 512 1536 His
538 1485 722 1537 autern
748 1484 1108 1542 consideratis
1136 1486 1205 1542 de
1233 1487 1566 1560 perfectione
1608 1487 1894 1547 charitatis
1931 1499 2199 1563 quantum
2221 1507 2354 1566 per·-

339 1569 482 1625 tinet
504 1570 575 1625 ad
597 1569 943 1627 dilectionem
975 1575 1096 1642 Dei,
1130 1576 1589 1632 considerandum
1616 1578 1942 1651 relinquitur
1966 1580 2034 1637 de
2062 1580 2347 1638 charitatis

335 1656 673 1728 perfectione
700 1668 966 1732 quantum
992 1662 1231 1732 pertinet
1260 1663 1329 1718 ad
1358 1662 1708 1720 dilectionem
1742 1667 1995 1735 proximi.
2027 1668 2123 1724 Est
2161 1675 2346 1725 autem

334 1747 769 1802 considerandus
826 1746 1108 1824 multiplex
1154 1750 1357 1820 gradus
1405 1751 1756 1823 perfectionis
1801 1754 1948 1810 circa
2003 1755 2350 1812 dilectionem

331 1836 595 1920 proximi,
624 1836 767 1890 sicut
792 1842 849 1891 et
874 1836 1023 1891 circa
1051 1836 1400 1894 dilectionem
1440 1840 1561 1894 Dei.
1605 1840 1697 1894 Est
1739 1841 1885 1896 enim
1926 1843 2178 1914 quaedam
2221 1861 2352 1916 per-

328 1914 527 1989 fectio,
574 1939 700 1994 quae
749 1924 1047 1995 requiritur
1094 1925 1164 1980 ad
1209 1925 1464 1993 salutem,
1509 1943 1636 2000 quae
1682 1928 1830 1984 cadit
1879 1928 1980 1984 sub
2024 1932 2351 1989 necessitate

325 2011 621 2084 praecepti.
668 2011 766 2067 Est
802 2011 968 2068 etiam
1015 2013 1271 2084 quaedam
1316 2013 1543 2071 ulterior
1579 2015 1840 2088 perfectio
1883 2018 2362 2092 superabundanS,

330 2117 465 2176 quae
506 2100 609 2156 sub
650 2101 879 2157 consilio
906 2101 1075 2162 cadit.
1105 2103 1371 2160 Perfectio
1400 2114 1584 2160 autem
1632 2103 1940 2161 dilectionis
1987 2106 2218 2178 proximi
2248 2123 2350 2163 ne-

329 2188 577 2246 cessaria
601 2188 673 2245 ad
708 2187 941 2245 salutem
969 2184 1365 2247 consideranda
1390 2199 1475 2248 est
1511 2208 1576 2248 ex
1611 2193 1728 2267 ipso
1759 2194 1918 2249 modo
1942 2193 2222 2266 diligendi,
2254 2197 2350 2268 qui

330 2276 495 2333 nobis
528 2276 904 2349 praescribitur
945 2278 999 2333 in
1036 2272 1309 2353 praecepto
1334 2277 1408 2335 'de
1446 2281 1677 2353 proximi
1709 2281 2020 2350 dilectione,
2053 2297 2177 2340 cum
2206 2284 2349 2340 dici-

330 2371 427 2420 tur
456 2383 468 2420 :
500 2365 703 2437 Diliqes
741 2367 1049 2438 proximum
1088 2374 1238 2424 tuum
1282 2368 1423 2426 sieut
1463 2370 1706 2442 teipsum.
1737 2369 1894 2440 Quod
1924 2387 2054 2430 vero
2087 2373 2234 2430 Deus
2261 2379 2344 2429 est

329 2453 641 2510 universale
668 2453 871 2511 honum
908 2471 1074 2528 supra
1103 2471 1206 2512 nos
1230 2458 1490 2526 existens,
1515 2458 1582 2514 ad
1607 2458 1999 2531 perfectionem
2035 2460 2347 2518 dilectionis

292 2617 295 2619 Α
329 2543 539 2600 divinae
581 2542 899 2616 requiritur,
927 2550 986 2600 ut
1016 2552 1203 2600 votum
1231 2561 1325 2601 cor
1354 2546 1589 2604 hominis
1617 2548 1916 2605 secundum
1945 2549 2182 2623 aliquem
2223 2566 2343 2607 mo-

330 2632 467 2688 dum
493 2639 846 2689 convertatur
872 2632 931 2688 in
975 2633 1169 2702 Deum,
1201 2634 1345 2689 sicut
1390 2650 1458 2690 ex
1498 2651 1665 2708 supra
1713 2636 1877 2692 dictis
1903 2646 2078 2709 patet.
2107 2639 2175 2695 Et
2219 2639 2346 2696 ideo

328 2720 531 2776 modus
570 2720 770 2778 divinae
798 2719 1107 2778 dilectionis
1132 2721 1518 2794 convenienter
1547 2723 1870 2794 exprimitur
1917 2742 2016 2799 per
2055 2726 2160 2783 hoc
2198 2728 2345 2800 quod

330 2809 538 2866 dicitur
565 2826 577 2864 :
612 2809 811 2884 Diliyes
834 2809 1125 2866 Dominum
1150 2809 1319 2865 Deum
1342 2817 1495 2866 tuum
1517 2825 1583 2864 ece
1606 2815 1714 2866 toto
1737 2813 1892 2867 corde
1916 2820 2026 2875 tuo,
2061 2816 2345 2871 Proximus

328 2904 520 2956 autem
556 2885 743 2956 noster
786 2913 891 2954 non
926 2903 1011 2964 est
1052 2897 1364 2954 universale
1390 2896 1594 2954 bonum
1633 2915 1799 2972 snpra
1827 2915 1928 2956 nos
1955 2902 2213 2969 existenS,
2245 2904 2340 2959 sed

330 2986 667 3062 particulare
690 2986 831 3044 infra
848 3002 949 3045 nos
974 2987 1334 3044 constitutum
1364 3003 1376 3041 τ
1409 2993 1466 3043 et
1489 2986 1612 3044 ideo
1635 3002 1744 3045 non
1769 2988 2166 3046 determinatur
2185 2989 2343 3048 nobis

329 3075 545 3143 modus„
575 3082 635 3132 ut
664 3076 863 3149 aliquis
888 3075 1083 3149 diligat
1111 3075 1423 3150 proximum
1449 3091 1518 3132 ex
1545 3081 1662 3134 toto
1689 3078 1875 3148 corde,
1903 3078 1997 3135 sed
2027 3079 2171 3136 sicut
2194 3080 2354 3153 scip·-

328 3181 473 3222 sum.
501 3165 585 3221 Ex
608 3165 713 3221 hoc
741 3171 924 3221 autem
953 3162 1116 3222 modo
1142 3165 1290 3223 circa
1330 3165 1680 3223 dilectionem
1721 3167 1972 3240 proximi,
2004 3168 2111 3225 tria
2146 3184 2344 3226 conse-

329 3259 597 3328 quuntur.‘
624 3255 804 3311 Primo
832 3255 1072 3328 quidem,
1097 3260 1159 3311 ut
1180 3255 1254 3311 sit
1276 3270 1408 3312 vera
1435 3253 1676 3312 dilectio.
1705 3255 1840 3330 Cum
1864 3257 2009 3312 enim
2036 3257 2106 3314 de
2129 3258 2343 3315 ratione

328 3343 641 3401 dilectionis
666 3345 783 3401 sive
821 3343 1025 3400 amoris
1055 3343 1159 3400 hoc
1186 3359 1307 3400 esse
1347 3343 1620 3411 videatur,
1661 3350 1721 3399 ut
1751 3343 1950 3418 aliquis
1977 3345 2180 3402 bonum
2209 3347 2341 3403 velit

329 3435 377 3488 ei
409 3449 577 3507 quem
594 3441 765 3501 emat,
794 3431 1141 3489 manifestum
1166 3438 1269 3499 est,
1292 3433 1440 3505 quod
1460 3441 1642 3491 motus
1665 3433 1869 3508 amoris
1891 3433 2007 3492 sive
2031 3433 2355 3491 dilectionis·

331 3521 394 3578 in-
413 3522 525 3579 duo
549 3523 742 3590 tendit,
770 3520 981 3579 scilicet
1004 3522 1057 3578 in
1084 3536 1211 3578 eum
1233 3522 1322 3578 cui
1347 3521 1548 3594 aliquis
1571 3522 1688 3579 vult
1711 3521 1931 3590 bonum,
1964 3529 2020 3578 et
2049 3522 2106 3577 in
2133 3522 2337 3582 bonum

329 3613 478 3689 quod
507 3618 663 3685 optat
710 3611 907 3668 eidem.
952 3607 1021 3666 Et
1053 3609 1306 3684 quamvis
1350 3618 1646 3686 utrumque
1685 3612 1858 3670 amari
1887 3612 2122 3680 dicatur,
2154 3618 2355 3670 tamen⁴

330 3699 628 3778 illud-vere
665 3706 896 3769 amatur,
942 3699 1031 3756 cui
1074 3698 1273 3772 aliquis
1299 3697 1504 3756 honum
1543 3706 1717 3775 optat.
1761 3701 1968 3758 Bonum
2016 3701 2344 3773 vcro‘quod·

329 3789 455 3862 quis
476 3795 634 3864 optat
660 3789 843 3857 alicui,
873 3789 1037 3864 quusi⁸
1056 3805 1154 3863 per
1182 3787 1437 3846 accidens
1463 3789 1664 3847 dicitur
1691 3805 1863 3858 amor,
1904 3797 2065 3865 prout
2093 3805 2160 3846 ex
2200 3804 2335 3846 con-

330 3881 579 3954 sequenti
619 3879 723 3936 sub
768 3887 896 3938 actu
941 3880 1143 3938 amoris
1184 3877 1353 3937 cadit.
1394 3878 1785 3936 Inconveniens
1826 3879 1972 3936 enim
2007 3886 2093 3947 est
2130 3879 2334 3950 dicere,

331 3968 481 4040 quod
512 3967 641 4025 illud
686 3985 814 4026 vere
852 3976 912 4025 et
955 3967 1169 4043 proprie
1205 3978 1438 4038 ametur,
1478 3969 1636 4041 cujus
1671 3969 2355 4057 destructionemaliquis
