2850 4517
737 280 742 283 ’
789 302 902 349 vn.
930 320 1008 334 -
1033 304 1116 365 nn
1156 304 1435 349 smeom
1483 302 1920 351 lirosa-omnum
2237 286 2356 353 429

345 430 432 479 est
456 426 724 495 quantum
752 419 822 477 ad
849 435 1090 499 carnem,
1123 425 1179 477 et
1215 426 1485 496 quantum
1520 422 1591 479 ad
1629 436 1752 479 ossa
1780 426 2049 495 resurget,
2083 422 2211 480 licet
2247 421 2355 479 ali-

343 502 442 585 'qui
469 509 726 579 dixerint,
743 508 890 584 quod
920 509 1024 566 hoc
1045 526 1246 583 corpus
1275 512 1420 584 quod
1450 525 1596 567 nunc
1622 512 2009 585 corrumpitur,
2032 528 2139 569 non
2168 528 2355 569 resur-

345 606 479 673 get·
512 599 660 673 quod
688 604 776 655 est
794 606 989 656 contra
1011 599 1355 673 Apostolum.
1384 600 1479 656 Ait
1507 600 1701 657 eniml
1729 600 1974 657 Corinth.
1996 615 2103 657 xv:
2134 602 2353 675 Oportet

342 688 698 763 corruptibile
728 689 821 745 hoc
857 688 1082 746 induere
1116 688 1612 762 incorruptionem:
1628 696 1685 746 et
1715 690 1847 763 quia
1884 706 2043 748 sacra
2068 691 2353 763 Scriptura

344 780 502 848 dicit,
531 778 679 852 quod
705 778 908 835 virtute
934 778 1036 835 Dei
1062 778 1211 836 idem
1223 794 1438 852 corpus
1478 780 1547 835 ad
1572 779 1747 838 vitam
1774 784 2041 851 resurget.
2070 779 2175 835 Job
2198 794 2351 837 xix·

345 870 582 929 Rursum
610 865 980 923 circumdabor
996 868 1130 941 pelle
1153 884 1291 934 mea,
1321 874 1372 925 et
1408 868 1469 923 in
1489 884 1653 924 carne
1679 884 1793 925 mea
1820 868 2000 924 videbo
2028 870 2218 925 Deum.
2250 870 2355 926 Se-

349 956 529 1015 cunda
552 956 795 1032 conditio
820 956 926 1013 erit
955 962 1223 1031 quantum
1253 957 1324 1013 ad
1350 956 1695 1031 qualitatem,
1718 958 1848 1029 quia
1897 972 2126 1030 corpora
2168 973 2356 1034 resur-
2390 1010 2395 1015 .

349 1047 536 1120 gentia
564 1049 724 1101 erunt
747 1045 977 1102 alterius
997 1045 1282 1118 qualitatis
1307 1062 1475 1119 quam
1516 1062 1661 1102 nunc
1684 1045 1813 1113 sint,
1848 1046 1979 1120 quia
2004 1052 2062 1102 et
2088 1053 2356 1121 quantum

351 1136 422 1193 ad
456 1136 664 1202 beatos»,
691 1142 750 1214 et
788 1140 1055 1207 quantum
1094 1133 1163 1189 ad
1205 1134 1380 1192 malos
1418 1150 1655 1208 corpora
1696 1141 1858 1190 erunt
1899 1135 2352 1209 incorruptibilia,

351 1226 482 1299 quia
508 1224 634 1280 boni
664 1230 822 1299 erunt
847 1239 1062 1295 semper
1089 1222 1145 1279 in
1169 1222 1362 1295 gloria,
1391 1229 1449 1281 et
1468 1222 1598 1279 mali
1624 1240 1837 1297 semper
1866 1223 1919 1280 in
1952 1241 2113 1297 poena
2142 1224 2355 1283 eorum.

347 1316 374 1379 1
398 1312 640 1370 Corinth.
667 1328 746 1369 xv
770 1329 787 1367 ,ε
815 1312 1035 1383 Oportet
1062 1311 1410 1384 corruptibile
1432 1312 1525 1369 hoc
1551 1312 1775 1369 induere
1797 1312 2277 1388 incorruptionem,
2303 1322 2359 1373 et
2465 1310 2474 1318 ’

349 1403 572 1461 mortale
599 1403 692 1459 hoc
713 1400 936 1479 induere
960 1400 1435 1459 immortalitatem.
1460 1402 1530 1459 Et
1552 1401 1686 1476 quia
1713 1417 1911 1475 corpus
1935 1404 2041 1460 erit
2067 1401 2360 1477 incorrup-

353 1491 504 1549 tibile
527 1490 923 1556 stimmortale,
943 1506 1052 1547 non
1089 1490 1194 1546 erit
1225 1505 1354 1547 usus
1377 1490 1626 1547 ciborum
1654 1495 1711 1547 et
1737 1507 2097 1549 venereorum
2122 1492 2351 1549 :Mattln

347 1595 437 1647 xx
465 1596 480 1635 2
519 1580 588 1638 In
626 1578 1016 1643 resurrectione
1052 1593 1214 1651 neque
1253 1578 1472 1645 nubent,
1503 1595 1677 1651 ⁸neque
1726 1579 2015 1646 nubentur,
2046 1579 2138 1635 sed
2188 1586 2361 1637 ciunt

349 1670 488 1727 sicut
505 1667 700 1741 Angeli
725 1666 828 1723 Dei
849 1666 910 1722 in
933 1668 1074 1724 coelo.
1099 1667 1169 1723 Et
1201 1666 1303 1722 hoc
1345 1672 1431 1722 est
1458 1672 1651 1724 contra
1679 1667 1897 1725 Judaeos
1942 1672 1997 1723 et
2026 1668 2353 1726 SaracenoS.

351 1758 456 1816 Job
491 1773 552 1815 vr
590 1774 604 1813 ε
637 1754 764 1833 Non
800 1760 1104 1813 revertetur
1131 1754 1380 1814 ulti-ain
1413 1754 1628 1812 domum
1668 1771 1839 1812 suam.
1881 1756 2068 1813 Tertia
2114 1757 2359 1813 conditio

351 1854 622 1924 quantum
648 1846 717 1903 ad
747 1846 1138 1917 integritatem,
1171 1844 1302 1917 quia
1335 1859 1526 1901 omnes
1548 1852 1605 1901 et
1627 1842 1775 1911 boni,
1805 1850 1862 1899 et
1899 1844 2029 1901 mali
2070 1852 2358 1917 resurgent

354 1954 480 1997 cum
503 1936 647 1994 omni
677 1935 994 2007 integritate
1022 1948 1149 2007 quae
1173 1933 1241 1990 ad
1267 1932 1660 2006 perfectionem
1687 1931 1923 1989 hominis
1946 1932 2203 2006 pertinet.
2235 1934 2358 1994 Non

353 2026 501 2085 enim
539 2024 645 2082 erit
678 2024 754 2081 ibi
797 2038 996 2092 caecuS,
1026 2022 1114 2078 vel
1161 2022 1408 2090 clauduS,
1459 2037 1563 2078 nec
1604 2017 1807 2095 aliquis
1846 2020 2115 2082 defectus.
2158 2024 2354 2095 Apost.

355 2116 542 2173 ICor.
591 2129 673 2172 xv
712 2130 728 2169 ε
767 2110 981 2171 Mortui
1035 2116 1317 2183 resurgent
1361 2108 1691 2182 incorrupti,
1738 2109 1792 2165 id
1837 2116 1941 2177 est,
1991 2110 2357 2185 impassibiles

355 2208 624 2279 quantum
647 2201 718 2259 ad
740 2199 1118 2282 corruptiones
1137 2204 1456 2272 praesentes.
1479 2198 1687 2267 Quarta
1711 2196 1955 2266 conditio
1981 2206 2067 2255 est
2092 2190 2357 2271 quantum

358 2293 428 2351 ad
456 2298 698 2359 aetatem,
716 2290 848 2365 quia
873 2303 1064 2345 omnes
1085 2294 1372 2359 resurgent
1396 2286 1451 2342 in
1478 2290 1647 2343 aetate
1667 2286 1929 2360 perfecta,
1947 2286 2004 2343 id
2031 2294 2116 2344 est
2132 2288 2359 2359 triginta

359 2382 526 2438 trium
562 2379 648 2438 vel
684 2379 916 2436 duorum
957 2392 1240 2445 annorum,
1271 2375 1430 2448 cujus
1466 2369 1609 2435 ratio
1648 2379 1734 2433 est
1763 2375 1937 2448 :quia
1978 2376 2075 2449 qui
2118 2377 2358 2435 nondum
2440 2389 2445 2395 ·

355 2476 722 2546 pervenerunt
743 2468 813 2527 ad
833 2467 958 2536 hoc,
989 2482 1098 2523 non
1125 2465 1329 2523 habent
1357 2471 1583 2523 aetatem
1612 2464 1930 2538 perfectam,
1962 2472 2019 2521 et
2042 2481 2200 2522 senes
2218 2465 2359 2525 hanc

351 2561 471 2633 jam
502 2556 824 2624 amiserunt,
849 2562 906 2611 et
933 2555 1056 2612 ideo
1087 2554 1382 2628 juvenibus
1423 2561 1480 2609 et
1512 2552 1697 2626 pueris
1741 2553 1978 2611 addetur
2002 2554 2147 2628 quod
2182 2554 2357 2624 deest,

358 2646 584 2705 senibus
605 2660 738 2700 vero
763 2644 1101 2701 restituetur.
1125 2642 1264 2715 Eph.
1291 2658 1380 2699 rv:
1410 2642 1588 2707 Donec
1615 2657 1955 2699 occurramus
1976 2660 2153 2701 omnes
2187 2642 2249 2701 in
2270 2644 2362 2701 vi-

360 2750 488 2793 rum
505 2730 802 2806 perfectum
823 2730 884 2788 in
907 2746 1210 2788 mensuram
1231 2728 1408 2787 oetatis
1423 2728 1779 2803 plenitudinis
1808 2730 2037 2789 Christi.
2058 2732 2217 2805 Circa
2242 2739 2362 2789 ter-

361 2824 520 2892 tium,
553 2819 838 2879 sciendum
861 2826 966 2888 est,
990 2819 1136 2893 quod
1161 2826 1425 2892 quantum
1450 2818 1521 2877 ad
1552 2818 1722 2877 bonos
1749 2820 1856 2877 erit
1884 2821 2137 2895 specialis
2152 2820 2361 2893 gloria3

361 2910 542 2969 sancti
574 2906 849 2965 habebunt
895 2922 1126 2983 corpora
1161 2906 1487 2979 glorificata,
1533 2906 1586 2961 in
1621 2907 1825 2980 quibus
1864 2909 1969 2965 erit
2021 2907 2363 2980 quadruplex

363 2998 629 3059 conditio.
658 2997 843 3057 Prima
878 3007 963 3055 est
992 2996 1238 3055 claritas.
1262 2996 1393 3053 Mat.
1425 3010 1540 3053 xm
1568 3013 1584 3053 .·.
1616 2994 1919 3069 Fulqebunt
1934 2994 2079 3067 justi
2114 2994 2256 3053 sicut
2288 2993 2366 3053 sol

365 3089 428 3147 in
471 3104 632 3162 roano
673 3086 854 3161 patris
887 3102 1098 3145 eorum.
1137 3085 1386 3143 Secunda
1425 3092 1511 3141 est
1540 3082 1972 3157 impassibilitaS.
2009 3083 2037 3139 1
2085 3083 2213 3141 Cor.
2236 3097 2362 3141 xvz

365 3177 676 3235 Seminatur
701 3177 763 3233 in
790 3175 1140 3249 iqnobilitate,
1165 3180 1350 3248 surget
1379 3173 1443 3229 in
1472 3172 1669 3247 qloria.
1701 3175 1871 3244 Apoc.
1904 3185 2011 3228 xxl
2044 3186 2058 3229 ε
2088 3170 2367 3245 Absterqet

367 3268 510 3325 Deus
535 3282 740 3323 omnem
784 3265 1073 3337 lacrymam
1101 3263 1166 3320 ab
1201 3263 1367 3319 oculis
1406 3278 1609 3327 eorum,
1636 3266 1686 3318 et
1718 3276 1861 3316 mors
1904 3259 2055 3316 ultra
2094 3276 2202 3317 non
2236 3260 2365 3326 erit,

367 3371 530 3428 neque
569 3354 764 3419 luctus,
793 3367 956 3425 neque
996 3352 1216 3419 clamor,
1253 3366 1416 3424 neque
1457 3350 1619 3407 dolor
1660 3348 1773 3405 erit
1816 3348 1988 3415 ultra,
2017 3348 2147 3420 quia
2186 3347 2369 3421 prima

368 3444 642 3503 abierunt.
669 3440 857 3498 Tertia
896 3444 982 3495 est
1024 3438 1264 3510 agilitas.
1302 3440 1432 3511 Sap.
1481 3436 1918 3509 1112Ful93bunt
1954 3436 2116 3509 justi,
2144 3440 2195 3492 et
2232 3434 2371 3492 sicut

367 3532 620 3591 scintilloe
638 3528 700 3587 in
720 3526 1046 3585 arundineto
1074 3524 1398 3585 discurrent.
1418 3526 1629 3597 Quarta
1652 3532 1737 3585 est
1760 3523 2096 3582 subtilitasJ
2120 3525 2371 3591 Cor-xv:

369 3619 680 3680 seminatur
717 3632 912 3693 corpus
958 3613 1213 3681 animale,
1249 3620 1439 3687 surget
1476 3630 1669 3691 corpus
1710 3613 2017 3690 spirituale,
2063 3626 2174 3671 non
2228 3614 2373 3686 quod

373 3709 594 3767 omnino
631 3708 705 3765 sit
749 3706 994 3781 spirituS,
1024 3703 1121 3765 sed
1169 3702 1300 3777 quia
1337 3704 1444 3759 erit
1489 3704 1736 3761 totaliter
1787 3702 2005 3777 spiritui
2046 3700 2375 3775 subjectum.

371 3797 534 3855 Circa
571 3804 848 3871 quartum,
875 3790 1178 3862 sciendum,
1205 3789 1350 3863 quod
1392 3789 1777 3849 damnatorum
1812 3788 2059 3853 conditio
2094 3788 2378 3847 contraria

369 3886 482 3948 erit
505 3883 807 3947 conditioni
851 3883 1160 3955 beatorum,
1185 3877 1318 3959 quia
1337 3878 1457 3940 erit
1498 3881 1557 3942 in
1599 3880 1685 3941 eis
1719 3894 1884 3957 poena
1920 3885 2149 3950 aeterna,
2176 3877 2232 3939 iri
2267 3892 2379 3952 qua
