2850 4517
460 342 581 410 206
938 366 988 412 s.
1032 353 1269 411 ‘ruciam
1308 353 1636 416 souma-ris
1676 361 1987 410 ornacum

462 480 622 539 nibus
652 482 797 539 Deus
832 482 1049 540 dicatur
1090 481 1425 556 propinquus
1449 497 1588 549 esse,
1634 477 2027 555 specialissime
2057 469 2241 535 tamen
2261 477 2464 536 dicitur

462 585 583 627 esse
630 570 966 645 propinquus
1001 571 1177 640 boniS,
1226 571 1322 645 qui
1364 571 1415 628 ei
1464 570 1570 628 fide
1613 576 1674 626 et
1696 567 1991 625 dilectione
2026 566 2467 646 appropinquare

463 659 736 725 nituntur,
768 659 1067 716 secundum
1096 659 1229 717 illud
1256 658 1447 726 Jacob,
1471 675 1530 716 iv
1553 675 1567 714 t
1588 655 2032 730 Appropinquate
2053 654 2188 723 Deo,
2207 660 2258 711 et
2280 671 2472 728 appro-

455 745 741 819 pinquabit
778 747 949 816 mois,-
980 749 1123 807 unde
1170 747 1227 806 in
1270 748 1411 806 Psal.
1456 747 1644 814 cxtrv,
1688 747 1889 803 dicitur
1929 761 1944 800 ε
1987 743 2164 818 Prope
2208 744 2472 802 Dominus

460 836 698 905 omnibus
722 836 1088 896 invocantibus
1114 853 1253 904 eum,
1284 837 1524 916 omnibus
1558 835 1925 893 invocantibus
1951 850 2089 900 eum,
2115 833 2178 889 in
2215 833 2468 890 veritate.

397 987 403 990 ,
458 924 575 980 Nec
599 924 774 982 solum
802 925 883 981 eis
911 925 1330 999 appropinquat,
1356 925 1452 982 sed
1475 925 1643 982 etiam
1672 939 1767 980 eos
1794 939 1891 998 per
1909 922 2146 995 gratiam
2173 921 2466 990 inhabitat,

374 1007 381 1012 ’
462 1013 762 1070 secundum
809 1013 943 1071 iilud
968 1014 1113 1071 Jere.
1157 1030 1260 1073 xrv
1298 1032 1311 1070 ε
1347 1014 1430 1072 Tu
1464 1014 1528 1071 in
1566 1011 1716 1071 nobis
1759 1029 1812 1069 es
1837 1011 2083 1070 Domine.
2126 1011 2195 1068 Et
2233 1011 2354 1069 ideo
2397 1011 2470 1068 ad

462 1110 779 1160 sanctorum
816 1119 969 1176 spem
1011 1103 1319 1176 aagendam
1354 1102 1560 1161 dicitur
1600 1101 1749 1172 :Qui
1787 1117 1840 1158 es
1877 1100 1941 1157 in
1981 1099 2142 1166 coelis,
2178 1099 2238 1157 id
2275 1106 2380 1165 est,
2413 1101 2470 1157 in

462 1191 687 1258 sanctiS,
726 1199 803 1248 ut·
825 1195 965 1262 Aug.
1010 1191 1258 1265 exponit.
1299 1192 1546 1269 *Tantum
1577 1191 1722 1248 enim
1752 1195 1815 1246 ut
1853 1189 1972 1262 ipse
2007 1188 2172 1254 dicit,
2203 1187 2472 1261 spiritua·

463 1277 590 1335 liter
614 1279 877 1336 interesse
904 1279 1121 1337 videtur
1145 1279 1289 1338 inter
1309 1282 1493 1352 justos
1518 1286 1574 1337 et
1610 1285 1950 1354 peccatores,
1978 1286 2247 1351 quantum
2269 1293 2472 1352 corpo·-

464 1367 654 1424 raliter
708 1369 851 1424 inter
899 1367 1100 1426 coelum
1141 1374 1199 1425 et
1249 1376 1476 1426 terram.
1517 1368 1693 1440 Hujus
1741 1367 1823 1425 rei
1871 1364 2248 1439 significandae
2291 1366 2472 1438 gratia

465 1463 686 1517 orantes
728 1455 799 1513 ad
824 1456 1106 1515 Orientem
1150 1447 1539 1524 convertimur,
1577 1456 1723 1514 unde
1763 1455 1964 1515 coelum
2005 1455 2202 1528 surgit.
2243 1454 2324 1512 Ex
2361 1470 2472 1530 quo

469 1545 633 1600 etiam
658 1559 783 1616 spes
806 1546 1011 1602 sanctis
1029 1551 1279 1619 augetur,
1302 1552 1360 1602 et
1384 1545 1578 1603 orandi
1607 1545 1808 1603 fiducia
1826 1560 1935 1603 non
1955 1543 2132 1601 solum
2153 1560 2221 1601 ex
2243 1544 2473 1620 propin-

469 1631 683 1706 quitate
710 1633 915 1703 divina,
933 1634 1030 1690 sed
1057 1634 1225 1692 etiam
1251 1650 1320 1690 ex
1338 1633 1608 1706 dignitate
1624 1649 1791 1706 quam
1818 1641 1946 1691 sunt
1972 1633 2252 1691 consecuti
2273 1647 2307 1690 a
2330 1633 2468 1700 Deo,

468 1721 562 1796 qui
600 1737 693 1779 eos
738 1739 833 1797 per
862 1722 1138 1781 Christum
1176 1723 1347 1781 coelos
1381 1722 1534 1790 fecit,
1574 1724 1876 1782 secundum
1919 1721 2057 1780 illud
2104 1723 2215 1780 lsa.
2261 1735 2363 1780 ut
2397 1721 2472 1780 Ut

458 1811 670 1886 plantes
705 1811 873 1879 coelos,
904 1819 957 1870 et
986 1812 1181 1886 fundes
1216 1818 1443 1872 terram.
1473 1810 1578 1884 Qui
1608 1812 1754 1871 enim
1795 1827 1890 1872 eos
1928 1810 2100 1870 coelos
2143 1810 2303 1880 fecit,
2327 1809 2474 1869 bona

468 1900 549 1957 eis
572 1900 821 1960 coelestia
842 1905 965 1960 fnou
994 1901 1235 1976 negabit.
1276 1921 1281 1930 ·

1230 2071 1518 2142 CAPUT
1557 2071 1702 2142 VII.

515 2207 746 2288 Qualia
769 2217 938 2288 sunt,
962 2229 1099 2295 quor
1118 2217 1265 2277 sunt
1285 2230 1327 2276 a
1351 2213 1480 2276 Deo
1501 2211 1822 2294 speranda,
1847 2216 1907 2277 et
1931 2211 2004 2277 do
2021 2210 2259 2278 rationo
2275 2209 2410 2296 spei

537 2346 635 2402 His
662 2347 977 2420 praemissis,
1016 2362 1084 2404 ex
1125 2345 1327 2421 quibus
1372 2346 1620 2406 homines
1663 2363 1818 2422 spem
1859 2347 1930 2404 de
1973 2347 2090 2405 Deo
2133 2346 2469 2422 concipiunt,

468 2440 685 2507 oportet
710 2435 1057 2493 considerare
1101 2450 1227 2509 quae
1260 2443 1391 2492 sunt
1431 2450 1497 2493 ea
1538 2451 1663 2511 quae
1691 2451 1725 2493 a
1772 2437 1887 2494 Deo
1926 2451 2148 2510 sperare
2185 2435 2469 2494 debemus.

470 2521 575 2580 Ubi
602 2522 1053 2580 considerandum
1083 2532 1187 2592 est,
1218 2524 1348 2599 quia
1376 2541 1502 2598 spes
1521 2523 1855 2582 desiderium
1882 2524 2256 2600 praesupponit
2287 2525 2473 2583 :unde

472 2611 542 2670 ad
568 2611 670 2667 hoc
696 2612 825 2684 quia
854 2610 1060 2684 aliquid
1088 2613 1161 2670 sit
1196 2613 1548 2688 sperandum,
1576 2614 1752 2687 primo
1783 2615 2083 2689 requiritur
2107 2613 2242 2688 quid
2269 2612 2346 2672 sit
2371 2615 2472 2673 de·

468 2698 787 2756 sideratum.
810 2699 946 2770 Quae
972 2701 1118 2758 enim
1146 2716 1254 2759 non
1282 2701 1682 2772 desiderantur,
1705 2703 1913 2778 sperari
1939 2719 2046 2761 non
2072 2702 2350 2771 dicuntur,
2376 2703 2472 2760 sed

472 2787 669 2855 timeri,
702 2787 791 2845 vel
818 2789 985 2848 etiam
1022 2791 1251 2866 despici.
1274 2793 1526 2851 Secundo
1549 2799 1766 2867 oportet
1793 2793 1924 2867 quia
1948 2793 2007 2850 id
2043 2791 2191 2868 quod
2219 2799 2474 2867 speratur

476 2877 733 2950 possibile
767 2895 888 2936 esse
921 2881 1226 2938 aestimetur
1266 2882 1336 2941 ad
1383 2882 1848 2956 consequendum,
1890 2888 1949 2939 et
1987 2881 2108 2940 haec
2141 2897 2270 2956 spes
2308 2897 2475 2957 supra

472 2966 804 3026 desiderium
831 2970 1005 3027 addit.
1032 2972 1216 3029 Potest
1238 2971 1385 3030 enim
1409 2971 1571 3029 homo
1598 2971 1912 3035 desiderare
1934 2971 2103 3030 etiam
2125 2988 2194 3030 ea
2216 2987 2347 3047 quae
2369 2987 2474 3030 non

473 3058 713 3115 aestimat
738 3075 799 3116 se
822 3073 981 3132 posse
1002 3060 1257 3134 adipisci,
1284 3061 1381 3118 sed
1408 3059 1606 3117 horum
1627 3075 1753 3133 spes
1776 3075 1896 3117 esse
1917 3076 2024 3118 non
2037 3066 2242 3136 potest.
2263 3062 2474 3132 Tertio,

472 3146 790 3219 requiritur,
821 3149 950 3221 quia
975 3148 1029 3204 id
1058 3148 1206 3222 quod
1228 3149 1560 3223 sperandum
1587 3156 1692 3218 est,
1715 3148 1790 3206 sit
1813 3149 2022 3224 aliquid
2049 3151 2305 3208 arduum.
2335 3151 2476 3208 Nam

471 3249 538 3290 ea
567 3249 693 3307 quae
722 3251 887 3308 parva
912 3243 1060 3305 sunt,
1094 3235 1269 3308 magis
1290 3237 1643 3310 despicimuS,
1669 3251 1836 3311 quam
1869 3251 2154 3312 speremus
2179 3254 2196 3295 t
2224 3237 2311 3296 vei
2341 3238 2387 3294 si
2411 3253 2480 3294 ea

472 3339 772 3396 speramuS,
806 3325 961 3398 quasi
992 3326 1049 3382 in
1067 3333 1320 3400 promptu
1346 3337 1414 3382 ea
1444 3325 1726 3394 habentes,
1757 3341 1867 3385 non
1890 3327 2138 3384 videmur
2165 3343 2231 3386 ea
2253 3342 2479 3402 sperare

473 3415 632 3488 quasi
658 3415 856 3481 sutura,
887 3415 982 3472 sed
1011 3403 1213 3472 habere
1235 3413 1396 3490 quasi
1435 3417 1752 3490 praesentia.
1781 3416 2023 3474 Ulterius
2063 3422 2250 3476 autem
2290 3415 2481 3473 consi-

472 3502 775 3561 derandum
819 3513 923 3572 est,
954 3504 1102 3579 quod
1142 3504 1440 3562 arduorum
1472 3519 1598 3579 quae
1631 3505 1758 3580 quis
1796 3521 1860 3562 se
1899 3513 2084 3581 sperat
2125 3505 2475 3578 adepturum,

473 3593 725 3668 quaedam
754 3592 955 3669 aliquis
988 3609 1049 3651 se
1088 3601 1275 3669 sperat
1301 3593 1534 3669 adipisci
1571 3608 1670 3669 per
1706 3593 1896 3667 alium,
1921 3595 2176 3668 quaedam
2200 3609 2335 3651 vero
2380 3609 2480 3668 per

474 3699 534 3738 se
566 3683 742 3756 ipsum
772 3696 787 3739 ἐ
817 3684 960 3741 inter
982 3698 1110 3757 quae
1138 3683 1241 3741 hoc
1262 3683 1482 3742 differre
1517 3684 1752 3752 videtur,
1784 3684 1934 3760 quod
1974 3670 2046 3742 ad
2087 3699 2154 3742 ea
2182 3682 2480 3741 obtinenda

474 3786 599 3845 quae
649 3789 745 3847 per
787 3789 847 3830 se
884 3771 1049 3831 homo
1094 3773 1356 3848 consequi
1398 3777 1604 3849 sperat,
1657 3779 1915 3832 conatum
1966 3773 2204 3847 propriae
2255 3772 2481 3830 virtutis

398 3863 402 3869 '
472 3858 741 3920 adhibet:
771 3862 841 3920 ad
878 3878 944 3921 ea
972 3877 1101 3921 vero
1142 3862 1439 3930 obtinenda
1462 3875 1590 3938 quae
1629 3877 1690 3921 se
1733 3862 1806 3921 ab
1827 3862 1936 3921 alio
1977 3863 2239 3937 consequi
2268 3870 2474 3936 sperat,

468 3947 770 4018 interponit
792 3950 1110 4021 petitionem
1139 3970 1154 4009 ε
1182 3958 1239 4022 et
1282 3951 1580 4028 siquidem
1601 3952 1674 4012 ab
1713 3953 1932 4012 homine
1970 3951 2106 4011 iilud
2137 3939 2202 4010 'se
2243 3949 2476 4027 adipisci
