2850 4517
445 338 560 399 174
920 360 969 402 s.
1016 346 1249 401 TuomAE
1291 346 1617 407 AQ'U'INATIS
1660 346 1971 403 oeuscuLA

443 479 624 527 autem
654 489 720 529 ex
749 475 928 545 seipso
955 473 1159 531 nullam
1199 490 1424 531 eausam
1456 475 1702 531 defectus
1732 474 1969 530 habebat
1999 489 2098 530 nec
2134 490 2201 529 ex
2244 472 2451 540 anima,

443 580 568 635 quae
608 570 727 619 erat
768 566 964 637 gratia,
997 573 1050 621 et
1093 566 1366 638 sapientia
1391 565 1570 638 plena,
1599 571 1654 621 et
1696 564 1877 620 Verbo
1908 563 2006 619 Dei
2045 562 2219 630 unita,
2255 580 2359 619 nec
2387 578 2455 618 rx

442 667 688 724 corpore,
712 654 854 726 quod
881 662 1000 711 erat
1029 654 1233 727 optime
1257 655 1635 725 organizatum
1656 658 1712 710 et
1734 652 2064 726 dispositum
2088 652 2455 725 omnipotenti

441 741 644 798 virtute
671 742 907 815 Spiritus
947 743 1134 800 Sancti
1171 749 1539 816 compactum,
1568 742 1665 798 sed
1709 756 1809 799 sua
1849 740 2133 798 voluntate
2161 741 2457 813 dispensa-

443 830 554 885 tive
576 830 645 887 ad
672 838 915 893 nostram
935 831 1170 888 salutem
1209 832 1629 904 procurandam,
1658 830 1874 905 aliquos
1900 829 2150 887 defectus
2186 832 2452 904 suscepit.

439 917 565 974 Illos
605 920 772 991 igitur
819 922 1098 994 suscipere
1141 920 1350 987 debuit,
1398 922 1493 995 qui
1542 920 1612 977 ab
1653 920 1760 977 alio
1799 920 2122 976 derivantur
2172 919 2241 975 ad
2293 920 2453 987 aliOS,

443 1008 652 1065 scilicet
675 1024 1011 1080 communes,
1036 1026 1142 1068 non
1173 1010 1439 1084 proprioS,
1470 1010 1563 1084 qui
1584 1012 1639 1066 in
1671 1008 1899 1081 singulis
1920 1025 1987 1067 ex
2010 1008 2193 1065 causis
2218 1010 2457 1082 propriis

442 1097 820 1154 innascuntur.
835 1099 1097 1157 Similiter
1117 1100 1304 1167 etiam,
1333 1100 1463 1173 quia
1488 1097 1863 1173 principaliter
1883 1106 2109 1156 venerat
2138 1098 2205 1154 ad
2234 1103 2457 1154 restau-

444 1186 676 1243 randum
709 1188 1002 1245 humanam
1034 1197 1306 1256 naturam,
1339 1188 1463 1244 illos
1501 1188 1747 1245 defectus
1789 1189 2073 1261 suscipere
2107 1187 2318 1255 debuit,
2359 1190 2456 1261 qui

444 1276 499 1330 in
549 1283 664 1333 tota
701 1285 896 1334 natura
940 1277 1377 1334 inveniebantur.
1404 1279 1561 1335 Patet
1603 1277 1771 1335 etiarn
1818 1278 2121 1335 secundum
2163 1277 2453 1350 praedicta,

445 1364 591 1438 quod
627 1372 686 1420 ut
723 1366 978 1423 Damaso.
1005 1367 1176 1423 dicit:
1209 1366 1457 1423 Christus
1504 1372 1818 1440 assumptus
1864 1366 2163 1439 assumpsit
2201 1366 2454 1423 defectus

447 1460 662 1511 nostros
685 1455 1150 1524 indetractabiles,
1178 1456 1233 1511 id
1256 1465 1359 1522 est,
1384 1455 1583 1529 quibus
1612 1455 1824 1512 detrahi
1851 1471 1959 1513 non
1987 1462 2191 1529 potest.
2222 1456 2279 1513 Si
2309 1455 2457 1528 enirn

329 1554 335 1561 ·
371 1572 376 1579 ·
449 1542 723 1607 defectum
764 1543 1028 1611 scientiae,
1060 1544 1146 1601 vel
1187 1544 1380 1616 gratiae
1406 1545 1756 1617 suscepisset,
1785 1552 1881 1601 aut
1909 1546 2076 1601 etiam
2104 1544 2331 1617 lepram,
2360 1551 2457 1603 aut

405 1644 410 1648 ·
452 1633 776 1703 caecitatem,
805 1640 900 1690 aut
927 1633 1132 1706 aliquid
1161 1633 1490 1707 hujusmodi,
1514 1633 1619 1691 hoc
1646 1633 1714 1691 ad
1734 1632 2149 1707 derogationem
2169 1632 2457 1707 dignitatis

451 1720 650 1779 Christi
680 1723 951 1794 pertinere
979 1724 1275 1789 videretur,
1294 1730 1350 1779 et
1379 1729 1524 1780 esset
1552 1721 1861 1779 hominibus
1890 1702 2215 1780 detrahendi
2238 1722 2456 1780 occasio

448 1827 572 1883 quae
602 1811 749 1869 nulla
778 1812 938 1869 datur
961 1828 1028 1869 ex
1055 1811 1360 1869 defectibus
1385 1812 1555 1869 totius
1583 1813 1825 1869 naturael

1088 1985 1370 2055 CAPUT
1445 1983 1830 2055 CCXXVII.

986 2126 1188 2201 Quare
1221 2126 1502 2189 Christus
1524 2128 1679 2189 mori
1706 2124 1923 2188 voluit,

518 2259 863 2315 Manifestum
893 2258 1059 2329 igitur
1095 2265 1179 2314 est
1211 2258 1511 2315 secundum
1532 2252 1837 2332 'praedicta,
1870 2258 2017 2331 quod
2060 2256 2309 2315 Christus
2349 2259 2458 2316 ali-

450 2362 591 2421 quos
632 2346 876 2402 defectus
924 2353 1139 2402 nostros
1185 2348 1424 2419 suscepit
1468 2364 1575 2403 non
1606 2364 1671 2403 ex
1712 2348 2061 2414 necessitate,
2094 2346 2194 2403 sed
2232 2355 2458 2421 propter

451 2437 690 2509 aliquem
731 2436 912 2502 finem,
959 2434 1168 2492 scilicet
1217 2443 1438 2509 propter
1480 2437 1712 2493 salutem
1754 2445 2017 2494 nostram.
2047 2436 2459 2495 Omnisautem

347 2528 351 2534 '
454 2524 696 2598 potentia
722 2531 777 2580 et
806 2523 1043 2591 habituS,
1071 2525 1187 2582 sive
1226 2524 1485 2582 habilitas
1524 2526 1805 2582 ordinatur
1851 2526 1921 2581 ad
1968 2531 2153 2583 actum
2199 2526 2344 2583 sicut
2387 2527 2459 2583 ad
2506 2516 2515 2529 ’

455 2614 618 2669 finem
647 2630 662 2683 ,ε
697 2613 836 2669 unde
876 2612 1207 2687 passibilitas
1245 2615 1313 2671 ad
1357 2614 1821 2682 satisfaciendum,
1860 2615 1942 2671 vel
1988 2616 2308 2689 merendum
2349 2630 2457 2671 non

453 2702 654 2759 sufficit
679 2704 797 2759 sine
829 2704 1080 2775 passione
1111 2704 1166 2759 in
1193 2711 1342 2762 actu.
1369 2704 1491 2761 Non
1540 2704 1685 2761 enim
1722 2704 1924 2778 aliquis
1969 2704 2103 2759 dicit
2142 2704 2335 2773 bonus,
2371 2704 2457 2761 vel

454 2792 630 2849 malus
657 2808 724 2848 ex
751 2807 816 2848 eo
855 2792 1000 2866 quod
1030 2800 1211 2865 potest
1241 2792 1370 2850 talia
1401 2810 1583 2866 agere,
1615 2793 1711 2849 sed
1750 2809 1817 2848 ex
1866 2808 1930 2849 eo
1973 2792 2120 2866 quod
2166 2794 2281 2865 agit
2315 2811 2327 2847 :
2356 2809 2458 2849 nec

462 2882 581 2937 laus
608 2889 664 2938 et
691 2882 1022 2955 vituperium
1046 2884 1312 2940 debentur
1332 2884 1611 2956 potentiae,
1631 2882 1727 2939 sed
1753 2880 1901 2939 actui
1924 2899 1937 2937 :
1958 2882 2100 2937 unde
2129 2887 2184 2937 et
2206 2880 2458 2940 Christus

459 2988 566 3029 non
612 2972 788 3028 solum
829 2973 1244 3046 passibilitatem
1284 2981 1529 3029 nostram
1574 2968 1903 3045 suscepit'ut
1938 2988 2037 3028 nos
2073 2972 2330 3040 salvaret,
2358 2973 2456 3029 sed

459 3063 624 3118 etiam
658 3068 716 3116 ut
737 3077 836 3133 pro
860 3064 1100 3135 peccatis
1131 3061 1334 3118 nostris
1369 3056 1732 3129 satisfaceret,
1765 3060 1939 3118 voluit
1976 3061 2110 3134 pati.
2143 3058 2342 3118 Passus
2372 3067 2456 3119 est

456 3156 641 3205 autem
665 3166 761 3221 pro
791 3150 946 3206 nobis
973 3167 1037 3207 ea
1063 3165 1186 3224 quae
1222 3156 1283 3206 ut
1311 3166 1411 3207 nos
1444 3157 1756 3224 pateremur
1780 3168 1844 3207 ex
1869 3158 2096 3224 peccato
2148 3152 2310 3223 primi
2352 3167 2459 3225 pa·-

455 3238 973 3307 rentis.meruimuS‚
1001 3256 1232 3313 quorum
1269 3240 1608 3312 praecipuum
1640 3246 1723 3295 est
1752 3256 1915 3309 mors,
1946 3241 2011 3297 ad
2062 3256 2227 3314 quam
2268 3256 2458 3297 omnes

458 3330 580 3385 aliae
617 3328 896 3402 passiones
931 3329 1183 3385 humanae
1223 3328 1545 3397 ordinantur
1583 3331 1725 3387 sicut
1765 3330 1833 3387 ad
1874 3330 2147 3387 ultimum.
2178 3330 2457 3402 Stipendia

457 3419 596 3473 enim
615 3419 815 3490 peccati
839 3434 980 3475 mors
1017 3426 1110 3484 est,
1146 3424 1202 3473 ut
1229 3422 1417 3489 Apost.
1452 3420 1584 3475 dicit
1611 3420 1679 3476 ad
1703 3420 1863 3476 Rom.
1890 3436 1974 3476 vr.
2000 3420 2154 3477 Unde
2182 3426 2237 3475 et
2266 3419 2458 3476 Chris-

461 3514 550 3563 tus
574 3524 674 3581 pro
703 3510 946 3581 peccatis
971 3509 1176 3564 nostris
1203 3508 1374 3565 voluit
1399 3516 1631 3564 mortem
1656 3510 1788 3582 pati,
1822 3508 2027 3586 utdum
2057 3524 2275 3582 poenam
2300 3510 2457 3566 nobis

458 3598 700 3655 debitam
729 3600 843 3672 ipse
868 3601 984 3654 sine
1013 3597 1170 3671 culpa
1201 3599 1528 3671 susciperet,
1550 3613 1647 3655 nos
1680 3616 1713 3655 a
1743 3606 1899 3656 reatu
1940 3600 2131 3655 mortis
2173 3597 2453 3664 liberaret,

457 3689 820 3762 sicutaliquis
859 3689 1041 3746 debito
1067 3703 1242 3761 poenae
1283 3685 1603 3747 liberaretur
1628 3690 1734 3747 alio
1773 3706 1871 3763 pro
1914 3706 1979 3746 eo
2025 3704 2243 3762 poenam
2284 3688 2458 3745 susti-

459 3786 640 3833 nente.
671 3780 804 3835 Mori
837 3780 1003 3846 etiam
1033 3779 1222 3848 voluit,
1253 3788 1312 3838 ut
1353 3796 1458 3836 non
1487 3782 1661 3837 solum
1693 3796 1837 3837 mors
1866 3782 1983 3854 ejus
2012 3787 2157 3836 esset
2181 3778 2339 3835 nobis
2362 3794 2458 3835 sa-

457 3864 784 3923 tisfactionis
813 3870 1132 3941 remedium,
1147 3870 1242 3927 sed
1272 3872 1442 3928 etiam
1470 3870 1663 3927 salutis
1677 3872 2109 3935 Sacramentum,
2138 3874 2199 3923 ut
2214 3868 2283 3925 ad
2296 3868 2459 3924 simi-

459 3952 746 4011 litudinem
772 3958 962 4014 mortis
997 3962 1114 4031 ejus
1144 3973 1242 4017 nos
1265 3960 1472 4019 carnali
1503 3959 1633 4018 vitae
1678 3960 1973 4019 moriamur
2010 3960 2065 4014 in
2112 3955 2458 4031 spiritualem
