2850 4517
483 302 566 364 62
963 320 1016 363 s.
1061 314 1293 360 ‘mona
1331 312 1659 367 nouimus
1700 314 2009 359 ornacum

487 450 594 493 non
618 439 745 493 sunt
773 433 846 491 ab
865 438 1074 491 ‘aeterno
1105 430 1408 505 productae,
1436 437 1651 503 oportet
1674 429 1821 503 quod
1848 444 2036 486 earum
2073 428 2491 502 productionem

489 524 764 596 praecedat
794 530 987 589 motus,
1021 530 1076 578 et
1103 537 1200 595 per
1231 536 1571 594 consequens
1595 519 1835 585 mobilia,
1867 534 2011 593 quae,
2039 518 2087 573 si
2128 533 2161 573 a
2202 518 2315 574 Deo
2355 533 2492 590 pro-

489 614 653 669 ducta
694 619 840 679 sunt,
871 619 928 667 et
960 626 1064 667 non
1117 610 1186 667 ab
1225 620 1452 676 aeterno,
1498 610 1696 665 iterum
1725 614 1941 681 oportet
1967 607 2317 681 praeexistere
2354 605 2493 661 alios

491 708 672 759 motus
693 708 750 757 et
775 700 1007 757 'mobilia
1037 716 1207 773 usque
1237 700 1294 754 in
1321 698 1613 753 infinitum.
1640 698 1817 769 Hujus
1841 704 2026 753 autem
2048 696 2368 769 objectionis
2395 710 2492 751 so-

491 790 624 845 lutio
653 788 812 847 facile
839 796 1020 863 potest
1061 787 1343 862 perpendi,
1382 787 1428 843 si
1468 787 1592 860 quis
1637 784 2000 841 differentiam
2028 785 2335 841 consideret
2364 784 2494 839 uni-

493 878 719 935 versalis
762 886 818 935 et
867 876 1215 952 particularis
1261 876 1493 947 agentis..
1542 874 1683 930 Nam
1728 890 1894 944 agens
1948 873 2277 946 particulare
2326 872 2492 929 habet

493 968 763 1023 actionem
806 966 1272 1039 proportionatam
1301 962 1502 1035 regulae
1539 971 1595 1019 et
1638 976 1922 1027 mensurae,
1956 977 2121 1035 quam
2148 976 2328 1031 ¹agens
2366 959 2492 1015 uni-

493 1050 702 1113 uersale
732 1054 1046 1129 praestttuit,
1078 1052 1226 1126 quod
1253 1051 1476 1126 quidem
1502 1051 1559 1107 in
1586 1050 1839 1107 civilibus
1868 1058 2113 1124 apparet.
2145 1050 2285 1105 Nam
2325 1048 2494 1119 legis-

495 1144 634 1200 lator
659 1144 910 1217 proponit
933 1142 1109 1215 legem
1132 1144 1287 1215 quasi
1315 1142 1559 1213 regulam
1578 1150 1633 1197 et
1652 1155 1980 1206 mensuram,
2008 1138 2305 1195 secundum
2329 1152 2493 1210 quam

488 1233 724 1305 judicari
750 1238 965 1305 oportet
1009 1230 1080 1287 ab
1120 1226 1303 1304 aliquo
1329 1230 1646 1304 particulari
1682 1229 1888 1302 judice.
1922 1230 2158 1301 Tempus
2186 1228 2369 1283 autem
2412 1233 2494 1281 est

495 1336 750 1376 mensura
775 1320 1049 1376 actionum
1077 1334 1202 1393 quae
1235 1320 1370 1376 fiunt
1411 1321 1466 1376 in
1492 1326 1753 1392 tempore.
1785 1322 1967 1390 Agens
1994 1318 2139 1373 enim
2164 1315 2494 1390 particulare

498 1408 659 1465 habet
687 1408 959 1465 actionem
988 1409 1216 1481 tempori
1247 1408 1731 1481 proportionatam,
1776 1414 1837 1463 ut
1865 1407 2076 1463 scilicet
2104 1420 2263 1473 nunc,
2303 1414 2358 1461 et
2387 1420 2493 1461 non

497 1498 649 1571 prius
673 1504 800 1568 agat
827 1506 1048 1570 propter
1076 1497 1316 1571 aliquam
1342 1497 1764 1555 determinatam
1792 1497 2078 1552 rationem.
2108 1499 2290 1567 Agens
2314 1482 2495 1551 autem

500 1586 824 1653 universale,
855 1586 1002 1659 quod
1024 1587 1170 1642 Deus
1197 1598 1299 1654 est,
1332 1586 1640 1659 hujusmodi
1665 1600 1977 1643 mensuram
2000 1600 2125 1659 quae
2153 1589 2367 1656 tempus
2391 1590 2495 1652 est,

500 1674 756 1740 instituit,
785 1682 841 1729 et
874 1674 1178 1731 secundum
1209 1690 1364 1731 suam
1391 1676 1748 1731 voluntatem.
1782 1676 1927 1729 Inter
1956 1690 2045 1729 res
2069 1672 2237 1745 igitur
2262 1671 2467 1745 produc

503 1771 587 1817 tas
615 1778 646 1817 a
679 1764 788 1817 Deo
813 1762 979 1819 etiam
1010 1770 1222 1835 tempus
1251 1772 1358 1819 est.
1400 1764 1455 1820 Si
1502 1762 1667 1835 igitur
1694 1763 1819 1819 talis
1856 1771 1940 1819 est
1968 1762 2391 1833 uniuscujusque
2421 1775 2501 1814 ret

500 1852 780 1923 quantitas
807 1859 864 1908 et
888 1868 1159 1920 mensura,
1191 1852 1408 1926 qualem
1450 1852 1598 1909 Deus
1624 1853 1671 1909 ei
1701 1852 1938 1908 tribuere
1967 1850 2157 1916 voluit,
2184 1856 2241 1905 et
2267 1849 2390 1905 talis
2416 1855 2502 1904 est

501 1942 780 2013 quantitas
811 1943 1088 2014 temporiS,
1120 1942 1339 2015 qualem
1375 1942 1424 1998 ei
1456 1942 1601 1998 Deus
1628 1942 1759 1998 dare
1800 1939 1992 2008 voluit,
2026 1946 2086 1995 ut
2117 1938 2328 1995 scilicet
2358 1944 2502 1992 tem-—

502 2046 622 2100 pus,
648 2036 704 2085 et
729 2047 793 2087 ea
821 2046 946 2104 quae
986 2040 1113 2088 sunt
1143 2033 1194 2085 in
1223 2040 1468 2104 tempore
1498 2040 1628 2085 tunc
1656 2030 1975 2102 inciperent,
2008 2027 2227 2101 quando
2263 2018 2410 2082 Deus'
2436 2042 2503 2083 ea

500 2132 622 2173 esse
652 2118 840 2175 voluit.
882 2119 1130 2191 objectio
1159 2126 1343 2175 autem
1389 2119 1671 2190 praemissa
1715 2116 1960 2191 procedit
2001 2116 2070 2173 de
2098 2124 2314 2188 agente,
2354 2115 2504 2189 quod

503 2207 870 2283 praesupponit
898 2214 1129 2278 tempus,
1162 2214 1217 2262 et
1241 2208 1356 2278 agit
1384 2207 1440 2261 in
1460 2212 1724 2279 tempore,
1753 2221 1857 2261 non
1884 2214 2067 2261 autem
2094 2206 2335 2261 instituit
2358 2212 2505 2261 tem·-

505 2309 624 2365 pus,
655 2293 898 2362 Quaestio
925 2310 1057 2365 ergo
1088 2310 1196 2367 qua
1226 2295 1510 2367 quaeritur,
1543 2311 1711 2367 quare
1739 2294 1991 2351 voluntas
2017 2302 2222 2351 aeterna
2252 2293 2504 2367 producit

503 2382 757 2438 effectum
804 2396 966 2449 nunc,
1011 2389 1065 2437 et
1109 2398 1216 2439 non
1250 2384 1416 2455 prius,
1460 2384 1828 2456 praesupponit
1868 2391 2083 2457 tempus
2126 2382 2501 2457 praeexistenS,

446 2467 449 2469 ’
505 2485 632 2526 nam
655 2486 800 2526 nunc
825 2480 882 2527 et
912 2472 1061 2542 prius
1089 2477 1272 2549 partes
1303 2479 1429 2527 sunt
1458 2472 1733 2546 temporis.
1762 2472 1917 2529 Circa
1950 2472 2310 2529 universalem
2340 2470 2506 2543 igitur

506 2574 686 2615 rernm
723 2558 1155 2631 productionem,
1186 2562 1330 2616 inter
1357 2577 1496 2633 quas
1537 2555 1703 2618 etiam
1731 2561 2108 2618 consideratur
2132 2569 2365 2633 tempus,
2400 2575 2503 2616 non

505 2654 590 2703 est
617 2647 969 2720 quaerendum
993 2664 1163 2722 quare
1192 2665 1351 2716 nune,
1383 2657 1439 2705 et
1469 2665 1573 2705 non
1606 2652 1772 2723 prius,
1818 2650 1913 2706 sed
1961 2666 2130 2723 quare
2156 2649 2319 2721 hujus
2362 2659 2507 2707 tem-

508 2736 654 2808 poris
676 2734 850 2815 voluit
883 2752 1002 2793 esse
1029 2752 1358 2807 mensuram,
1387 2739 1533 2813 quod
1582 2756 1649 2795 ex
1684 2739 1868 2795 divina
1898 2738 2175 2795 voluntate
2214 2738 2503 2811 dependet,

507 2824 594 2880 cui
639 2823 949 2881 indifferens
976 2833 1058 2883 est
1088 2828 1171 2883 vel
1202 2827 1342 2885 hanc
1364 2828 1749 2902 quantitatem,
1782 2829 1865 2885 vel
1904 2828 2067 2885 aliam
2096 2828 2327 2900 tempori
2365 2829 2509 2884 assi-

506 2929 692 2986 gnare,
719 2916 862 2989 quod
892 2917 1116 2989 quidem
1139 2927 1194 2974 et
1216 2918 1364 2974 circa
1386 2920 1753 2992 quantitatem
1776 2918 2135 2991 dimensivam
2154 2910 2345 2973 'mundi
2372 2932 2508 2974 con-

508 3003 736 3059 siderari
790 3012 988 3077 potest.
1051 3006 1170 3061 Non
1223 3007 1368 3061 enim
1419 3008 1685 3078 quaeritur
1735 3021 1905 3078 quare
1972 3008 2115 3062 Deus
2168 3005 2507 3079 corporalem

511 3092 771 3147 mundum
817 3093 870 3148 in
902 3092 992 3148 tali
1038 3094 1146 3149 situ
1185 3094 1494 3160 constituit,
1535 3102 1591 3149 et
1634 3109 1737 3149 non
1784 3110 1967 3167 supra,
2025 3095 2107 3151 vel
2155 3094 2369 3161 subtuS,
2422 3093 2536 3149 vel·

510 3180 808 3235 secundum
833 3179 993 3237 aliam
1027 3180 1310 3253 positionis
1331 3181 1715 3251 differentiam,
1756 3185 1886 3255 quia
1914 3199 2021 3239 non
2049 3192 2133 3240 est
2163 3183 2313 3240 locus
2354 3188 2506 3240 extra

515 3268 792 3335 mnndum,
819 3268 914 3325 sed
940 3268 1042 3327 hoc
1065 3286 1132 3326 ex
1155 3270 1339 3326 divina
1362 3269 1644 3328 voluntate
1662 3272 1930 3343 provenit,
1963 3273 2109 3347 quod
2141 3272 2305 3329 talem
2328 3288 2507 3345 quan-

514 3359 727 3413 titatem
753 3357 953 3414 mundo
978 3359 1244 3432 corporali
1277 3359 1561 3427 tribueret,
1606 3367 1665 3416 ut
1690 3360 1821 3416 nihil
1850 3364 1969 3433 ejus
1996 3369 2141 3419 esset
2181 3369 2337 3419 extra
2366 3362 2473 3417 hun

512 3447 676 3501 situm
699 3448 996 3504 secundum
1017 3463 1416 3521 quamcumque
1442 3450 1724 3522 positionis
1746 3450 2128 3507 differentiam.
2156 3452 2309 3508 Licet
2326 3459 2507 3508 autem

514 3543 639 3593 ante
668 3536 926 3593 mundum
971 3545 1184 3610 tempus
1213 3554 1316 3594 non
1363 3538 1546 3607 suerit,
1580 3556 1681 3596 nec
1724 3548 1877 3597 extra
1926 3540 2185 3597 mundum
2222 3541 2293 3597 sit
2336 3540 2503 3605 loom,

514 3628 717 3684 utimur
747 3633 926 3683 tamen
959 3627 1051 3683 tali
1084 3626 1243 3683 modo
1275 3627 1549 3701 loquendi,
1579 3637 1639 3685 ut
1668 3630 1713 3686 si
1744 3630 2008 3697 dicamuS,
2040 3631 2185 3703 quod
2216 3636 2509 3703 antequam

515 3716 748 3773 mundus
774 3724 936 3784 esset,
971 3714 1098 3771 nihil
1129 3724 1246 3772 erat
1276 3733 1377 3773 nist
1427 3718 1589 3785 Deus,
1635 3726 1690 3773 et
1733 3719 1879 3792 quod
1922 3726 2085 3776 extra
2114 3718 2374 3775 mundum
2404 3733 2510 3774 non

517 3814 599 3859 est
633 3806 852 3878 aliquod
895 3822 1109 3879 corpus,
1143 3822 1248 3863 non
1290 3807 1653 3879 intelligentes
1699 3825 1794 3882 per
1838 3816 1965 3864 anto
1994 3817 2047 3864 et
2075 3816 2249 3875 extra,
2296 3814 2510 3880 tempus

515 3899 612 3947 aut
639 3891 836 3962 locum,
865 3896 968 3954 nisi
991 3897 1288 3955 secundum
1307 3898 1751 3971 imaginationem
1778 3904 2025 3972 tantum.-
