2850 4517
516 358 635 416 314
996 375 1047 416 s,
1093 372 1327 416 'rnoMAE
1368 371 1696 420 neuma-ns
1731 369 2048 414 ornacum

518 488 697 557 vellet,
730 497 951 564 propter
992 489 1166 543 Deum
1213 487 1400 554 faciat,
1429 494 1525 543 aut
1561 486 1802 559 patiatur
1833 502 1846 540 ε
1873 486 2012 558 quia
2057 491 2212 543 tanto
2249 477 2544 544 invenitur

516 578 768 634 voluntas
794 578 1097 651 promptior
1127 576 1194 633 ad
1240 575 1511 632 fervorem
1537 575 1710 632 divini
1756 574 1980 644 amoris,
2009 580 2218 650 quanto
2261 577 2440 647 magis
2465 592 2536 633 ea

516 682 641 738 quae
668 674 892 738 propter
916 667 1096 738 ipsum
1120 664 1370 732 femmae,
1404 670 1502 720 aut
1532 665 1771 736 patimur
1808 671 2014 720 nostrae
2041 663 2318 721 voluntati
2359 681 2538 737 repu-

514 761 706 826 gnant.
736 754 891 811 Unde
934 762 991 811 et
1030 761 1300 828 martyres
1347 753 1583 809 maxime
1623 752 2094 813 commendantur,
2122 760 2332 826 quanto
2371 753 2538 826 plura

517 839 893 900 sustinuerunt
916 850 1137 916 propter
1180 843 1275 899 Dei
1306 857 1549 900 amorem
1585 852 1778 898 contra
1809 840 2148 898 voluntatem
2186 842 2487 898 humanam
2517 857 2534 897 t

515 932 659 988 unde
687 931 926 989 secundo
953 931 1389 989 Machabaeorum
1418 930 1804 998 v1,Eleazarus
1826 929 1958 986 dum
1983 935 2334 1003 torqueretur
2359 931 2534 987 dixitz

517 1020 683 1078 Diros
698 1021 939 1093 corporis
954 1020 1187 1077 sustineo
1214 1020 1438 1086 dolores,
1465 1019 1748 1075 seeundum
1775 1018 2017 1075 animam
2041 1034 2168 1074 vero
2198 1025 2424 1090 propter
2451 1018 2500 1075 ti
2517 1049 2540 1062 ·

516 1125 717 1165 morem
742 1110 844 1165 Dei
874 1103 1100 1166 'libenter
1121 1109 1228 1164 haec
1254 1109 1457 1181 patior.
1485 1109 1671 1164 Tertio
1701 1107 1864 1163 detur
1888 1106 2035 1184 quod
2063 1123 2168 1163 nec
2211 1106 2379 1164 etiam
2421 1107 2536 1163 ali-

520 1199 644 1270 quis
671 1199 845 1269 ipsam
888 1197 1225 1255 voluntatem
1271 1198 1508 1254 retineat
1551 1204 1741 1254 votum
1782 1196 2057 1263 servandi,
2091 1203 2186 1252 aut
2211 1195 2530 1263 obediendi,

520 1287 869 1343 manifestum
897 1292 999 1354 est,
1034 1287 1181 1360 quod
1210 1301 1337 1342 cum
1364 1285 1513 1340 Deus
1546 1286 1716 1357 judex
1757 1286 1832 1341 sit
1874 1284 2140 1352 cordium,
2171 1284 2311 1357 apud
2350 1286 2534 1341 Deum

520 1376 647 1432 talis
672 1375 906 1432 habetur
933 1376 1092 1447 quasi
1134 1376 1246 1432 voti
1275 1375 1501 1443 fractor,
1527 1381 1623 1430 aut
1665 1373 1992 1431 obedientiae
2032 1374 2443 1448 praevaricator.
2469 1372 2536 1430 Si

521 1470 703 1520 tamen
737 1463 963 1536 impleat
989 1463 1137 1536 quod
1167 1463 1338 1533 vovit,
1362 1463 1451 1518 vel
1488 1463 1634 1535 quod
1681 1463 1732 1518 ei
1772 1463 2088 1535 praecipitur
2125 1461 2239 1517 solo
2279 1461 2537 1518 humano

522 1553 737 1622 timore,
769 1552 854 1609 vel
883 1552 1108 1625 pudore,
1142 1568 1249 1610 non
1272 1559 1358 1608 est
1383 1552 1437 1608 ei
1478 1551 1819 1609 meritorium
1852 1551 1995 1625 apud
2036 1551 2225 1624 Deum,
2251 1550 2381 1622 quia
2410 1565 2534 1605 non

520 1643 653 1698 facit
690 1640 971 1700 voluntate
1011 1643 1127 1699 Deo
1171 1641 1444 1714 placendi,
1475 1643 1572 1698 sed
1613 1641 1855 1697 humana
1896 1640 2221 1697 necessitate
2248 1643 2484 1696 coactus
2515 1655 2533 1694 ε

520 1747 624 1786 nec
650 1739 833 1786 tamen
861 1729 1129 1786 inutiliter
1154 1731 1323 1796 vovit,
1351 1731 1398 1786 si
1424 1745 1493 1786 ex
1515 1729 1788 1800 charitate
1813 1729 1984 1796 vovit,
2017 1743 2144 1784 nam
2171 1727 2292 1800 plus
2325 1728 2533 1784 meruit

522 1821 578 1874 in
603 1819 868 1886 vovendo,
894 1835 1064 1891 quam
1105 1818 1265 1886 aliuS,
1292 1817 1621 1891 simpliciter
1657 1817 1975 1889 jejunandO,
2001 1817 2148 1889 quod
2193 1816 2450 1872 meritum
2473 1815 2529 1870 ei

522 1915 856 1978 reservatur,
880 1909 927 1964 si
956 1908 1025 1963 de
1062 1908 1514 1981 praevaricatione
1550 1906 1732 1963 cordis
1763 1905 2047 1980 poeniteat.
2079 1907 2178 1961 Per
2219 1905 2323 1962 hoc
2360 1906 2532 1961 etiam

528 2006 679 2070 patet
706 1997 986 2070 responsio
1012 1997 1081 2052 ad
1102 1999 1459 2054 auctoritates
1485 1997 1758 2064 inductae,
1774 2012 1900 2068 quae
1919 1995 2218 2069 loquuntur
2240 1994 2311 2051 de
2335 2009 2532 2051 neces-

526 2089 690 2156 sitate
715 2087 972 2153 humana,
999 2102 1125 2142 cum
1149 2086 1349 2159 aliquis
1376 2087 1590 2143 scilicet
1613 2101 1684 2142 ex
1708 2084 1936 2158 pudore,
1953 2084 2041 2142 vel
2068 2085 2263 2140 timore
2289 2080 2531 2140 humano

526 2175 659 2231 facit
685 2175 829 2246 quod
848 2175 1077 2246 juravit,
1101 2175 1185 2230 vel
1209 2175 1360 2231 vovit
1380 2192 1392 2229 ε
1409 2190 1516 2230 non
1544 2181 1731 2231 autem
1759 2173 2054 2247 loquuntur
2079 2175 2147 2229 de
2177 2173 2529 2240 necessitate,

523 2277 648 2334 quae
688 2268 773 2316 est
813 2277 879 2317 ex
921 2262 1029 2317 fine
1070 2261 1379 2318 dilectionis
1419 2263 1639 2333 divinae,
1666 2269 1820 2336 puta,
1848 2277 1975 2318 cum
2022 2262 2223 2335 aliquis
2256 2261 2411 2328 facit,
2438 2261 2530 2316 vel

525 2351 733 2422 patitur
764 2364 831 2406 ea
871 2364 996 2422 quas
1031 2348 1171 2405 alius
1198 2350 1382 2415 nollet,
1414 2358 1478 2406 ut
1516 2351 1740 2424 impleat
1785 2351 2125 2409 voluntatem
2165 2349 2427 2407 divinam.
2457 2349 2532 2404 Et

527 2439 630 2493 hoc
648 2442 803 2508 patet
823 2453 891 2492 ex
914 2436 1094 2492 verbis
1112 2435 1382 2510 Apostoli,
1406 2440 1502 2512 qui
1528 2441 1680 2508 dicit,
1713 2457 1758 2498 11
1782 2439 1852 2498 ad
1875 2441 2000 2497 Cor.
2030 2455 2096 2496 tx
2116 2456 2129 2494 ε
2150 2439 2277 2496 Non
2303 2455 2368 2494 ex
2389 2438 2533 2496 tris-

526 2525 677 2591 titia,
706 2531 817 2581 aut-
840 2524 1164 2582 necessitate.
1195 2526 1504 2584 Tristitiam
1539 2529 1685 2584 enim
1714 2529 2008 2586 humanam
2037 2528 2336 2585 necessitas
2363 2527 2535 2584 indu-

525 2617 605 2671 cit
634 2632 647 2670 :
677 2616 977 2672 necessitas
1002 2622 1186 2672 autem
1212 2615 1523 2674 dilectionis
1554 2618 1757 2674 divinae
1791 2619 2073 2675 tristitiam
2094 2617 2259 2685 tollit,
2289 2615 2372 2672 vel
2417 2617 2535 2672 mi·-

525 2705 666 2760 nuit.
682 2706 842 2761 Patet
870 2703 1037 2761 etiam
1060 2704 1165 2761 hoc
1188 2722 1256 2761 ex
1282 2706 1466 2763 verbis
1480 2707 1732 2780 Prosperi
1761 2706 2022 2763 dicentis:
2047 2726 2072 2759 (ι
2092 2707 2174 2762 Ne
2195 2720 2303 2763 non
2320 2705 2530 2772 devoti,

523 2793 620 2850 sed
644 2794 801 2851 inviti
827 2808 943 2850 rem
964 2808 1070 2850 non
1095 2793 1402 2851 voluntarie
1416 2794 1704 2852 faciamus.
1727 2813 1755 2848 ιο
1770 2795 1892 2852 Νοιι
1919 2796 2065 2851 enim
2079 2795 2379 2852 necessitas
2402 2810 2538 2868 quae

528 2898 596 2938 ex
619 2882 807 2940 divina
844 2881 1137 2938 dilectione
1174 2882 1444 2956 procedit,
1473 2883 1668 2940 minuit
1706 2873 2074 2952 dilectionem,
2106 2883 2204 2940 sed
2249 2891 2432 2956 auget.
2459 2883 2536 2940 Et

530 2972 678 3045 quod
704 2970 832 3028 talis
863 2972 1165 3029 necessitas
1208 2972 1283 3028 sit
1327 2971 1601 3029 laudanda
1638 2980 1694 3029 et
1736 2972 2062 3045 appetenda,
2089 2978 2243 3045 patet
2288 2988 2385 3045 per
2425 2977 2538 3028 noc

531 3059 679 3132 quod
706 3062 847 3130 Aug.
877 3059 1013 3116 dicit
1036 3058 1091 3115 in
1107 3057 1363 3133 Epistola
1382 3059 1454 3116 ad
1478 3060 1888 3118 Armentarium
1907 3065 1968 3116 et
1994 3059 2298 3117 Paulinam.
2331 3080 2358 3113 α
2384 3059 2541 3130 Quia

524 3149 641 3218 jam
666 3146 904 3214 voluisti,
927 3149 1043 3217 jam
1073 3153 1127 3204 te
1150 3148 1511 3220 obstrinxisti,
1535 3149 1682 3206 aliud
1713 3149 1814 3205 tibi
1838 3148 2020 3206 facere
2041 3148 2322 3206 nonlicet.
2339 3149 2542 3206 Prius-

529 3249 694 3305 quam
722 3247 872 3290 esses
898 3236 1012 3290 voti
1054 3251 1205 3303 reuS,
1229 3231 1462 3292 liberum
1487 3235 1591 3293 fuit
1637 3237 1784 3310 quod
1823 3236 1994 3293 velles
2033 3237 2235 3305 facere,
2265 3235 2361 3293 sed
2401 3243 2544 3294 tunc

526 3337 675 3378 esses
697 3322 919 3379 inferior
950 3339 965 3378 ε
996 3323 1247 3397 quamvis
1272 3339 1377 3380 non
1397 3326 1472 3382 sit
1499 3324 1826 3396 gratulanda
1851 3324 2098 3393 libertae,
2116 3342 2225 3399 qua
2249 3325 2312 3382 fit
2335 3332 2397 3381 ut
2421 3341 2540 3384 non

526 3411 789 3469 debeatur
812 3412 958 3485 quod
986 3427 1112 3468 cum
1132 3411 1283 3469 lucro
1312 3411 1580 3471 redditur.
1607 3415 1766 3473 Nunc
1791 3429 1924 3473 vero
1953 3416 2084 3488 quia
2129 3421 2349 3472 tenetur
2383 3415 2542 3486 apud

526 3503 703 3558 Deum·
725 3500 942 3572 sponsio
973 3505 1088 3568 tua,
1118 3515 1223 3557 non
1249 3509 1303 3557 te
1331 3499 1401 3558 ad
1431 3518 1684 3576 magnam
1698 3503 1975 3577 justitiam
1999 3501 2190 3572 invito,
2223 3503 2433 3561 scilicet
2457 3505 2542 3560 ad

526 3589 920 3646 continentiam
947 3605 1113 3663 quam
1130 3589 1247 3662 jam
1268 3606 1520 3660 voveraS,
1555 3599 1616 3650 ut
1641 3608 1741 3667 per
1785 3593 2069 3666 superiora
2097 3599 2344 3667 apparet,
2375 3592 2475 3649 sed
2505 3609 2546 3651 a

529 3691 726 3749 magna
748 3677 1039 3754 iniquitate
1066 3679 1339 3736 deterreo.
1359 3681 1482 3746 Non
1508 3683 1652 3740 enim
1671 3682 1798 3740 talis
1825 3685 1936 3740 eris
1961 3685 2008 3740 si
2032 3697 2140 3741 non
2168 3682 2364 3740 feceris
2384 3681 2548 3754 quod

531 3767 746 3834 vovisti,
780 3767 965 3841 qualis·
984 3769 1281 3826 mansisses
1308 3770 1354 3826 si
1380 3769 1513 3826 nihil
1539 3771 1649 3830 tale
1672 3769 1918 3830 vovisses
1949 3790 1962 3828 ε
1995 3770 2173 3830 minor
2216 3771 2360 3828 enim
2399 3778 2550 3829 tunc
2619 3769 2629 3776 ’

533 3849 698 3920 essee,
728 3870 834 3912 non
880 3858 1034 3929 pejor
1072 3873 1086 3913 ε
1133 3859 1292 3916 modo
1337 3866 1523 3916 autem
1563 3866 1737 3929 tanto,
1779 3862 1927 3935 quod
1970 3861 2148 3931 absit„
2179 3859 2430 3918 miserior
2489 3861 2546 3917 si

536 3939 696 3996 fidem
722 3943 837 3998 Deo
864 3943 1109 4016 fregeriS,
1137 3953 1344 4021 quanto
1372 3948 1584 4006 beatior
1612 3951 1659 4008 si
1671 3951 2026 4024 persolveris.
2049 3951 2165 4008 Nec
2191 3947 2312 4006 ideo
2334 3956 2393 4005 te
2427 3963 2564 4006 vo·-
