2850 4517
975 364 1020 407 1.
1053 380 1132 393 —
1161 360 1562 409 compnnnmm
1616 364 1981 414 ‘mnonosm
2368 361 2483 423 173

467 484 598 557 quia
628 481 790 537 homo
814 496 913 553 per
937 485 1224 552 peccatum
1249 481 1306 537 in
1328 480 1433 539 hoc
1458 482 1667 555 positus
1696 492 1835 551 erat,
1864 492 1923 540 ut
1948 486 2330 546 necessitatem
2359 508 2481 550 mo-

465 570 646 628 riendi
666 569 914 636 haberet,
947 576 1004 623 et
1035 574 1096 623 ut
1118 570 1421 627 seeundum
1441 587 1641 645 corpus
1670 579 1729 629 et·
1752 574 1989 631 animam
2014 582 2161 632 esset
2180 580 2475 651 passibilis,

465 658 778 733 hujusmodi
825 658 1077 715 defectus
1123 658 1371 715 Christus
1416 658 1696 733 suscipere
1744 662 1937 733 voluit,
1995 672 2057 720 ut
2104 676 2335 725 mortem
2382 690 2479 744 pro

465 748 778 806 hominibus
803 745 1082 819 patiendo,
1106 763 1279 819 genus
1307 746 1603 805 humanum
1621 750 1933 807 redimeret.
1956 752 2053 808 Est
2082 762 2263 813 tamen
2294 766 2479 817 atten-

466 833 726 903 dendum,
760 836 907 911 quod
943 834 1255 907 hujusmodi
1279 836 1531 895 defectus
1555 847 1684 896 sunt
1717 838 1932 897 Christo
1960 846 2017 897 et
2052 843 2207 900 nobis
2230 862 2478 905 commu-

466 943 586 984 nes,
628 925 750 983 Alia
799 930 980 997 tamen
1023 924 1238 993 ratione
1281 925 1634 984 inveniuntur
1675 928 1729 983 in
1773 928 2011 1001 Christo,
2060 938 2116 987 et
2157 934 2211 989 in
2257 938 2414 993 nobis
2458 956 2471 994 ε

465 1015 780 1089 hujusmodi
819 1015 965 1070 enim
994 1014 1262 1083 defectus,
1295 1022 1356 1070 ut
1384 1016 1595 1072 dictum
1638 1023 1743 1086 est,
1770 1034 1935 1091 poena
1980 1028 2107 1077 sunt
2150 1023 2311 1095 primi
2340 1044 2475 1099 pec-

465 1106 598 1163 cati.
640 1104 780 1174 Quia
819 1103 986 1175 igitur
1027 1118 1125 1160 nos
1169 1120 1264 1175 per
1305 1104 1559 1161 vitiatam
1602 1106 1868 1179 originem
1908 1108 2126 1181 culpam
2156 1112 2476 1185 originalem

465 1192 860 1261 contrahimus,
914 1208 1014 1265 per
1059 1207 1400 1265 consequens
1446 1192 1545 1250 hos
1587 1195 1838 1255 defectus
1884 1198 2119 1256 dicimur
2164 1211 2476 1263 contractos

465 1284 712 1341 habere.
741 1282 990 1339 Christus
1019 1290 1206 1342 autem
1235 1300 1303 1338 ex
1338 1298 1440 1340 sua
1474 1284 1682 1355 origine
1719 1284 1923 1343 nullam
1960 1289 2231 1347 maculam
2261 1297 2473 1365 peccati

466 1372 758 1441 contraxit,
786 1372 885 1427 hos
907 1378 1092 1427 autem
1118 1370 1368 1447 defectus
1391 1388 1460 1428 ex
1488 1388 1589 1429 sua
1616 1373 1897 1435 voluntate
1927 1380 2159 1453 accepit,
2196 1382 2338 1439 unde
2362 1384 2471 1442 dici

465 1480 574 1521 non
599 1463 761 1520 debet
790 1460 934 1534 quod
965 1459 1156 1517 habuit
1175 1444 1275 1517 hos
1304 1460 1553 1519 defectus
1578 1468 1911 1533 contractos,
1934 1466 2033 1522 sed
2058 1470 2232 1539 magis
2256 1487 2473 1531 assum-

464 1560 609 1627 ptos·
627 1550 764 1608 Illud
789 1551 934 1607 enim
948 1548 1310 1618 contrahitur,
1330 1552 1477 1623 quod
1496 1567 1619 1608 cum
1636 1552 1744 1609 alio
1760 1570 1827 1609 ex
1846 1553 2463 1620 necessitatetrahitur:
2532 1597 2538 1604 ·
2572 1576 2583 1586 ·

465 1643 713 1701 Christus
737 1647 920 1698 autem
939 1639 1117 1713 potuit
1139 1655 1418 1697 assumere
1438 1640 1737 1698 humanam
1752 1650 2005 1703 naturam
2026 1648 2143 1705 sine
2158 1648 2471 1722 hujusmodi

465 1732 790 1799 defectibus,
810 1728 954 1786 sicut
968 1729 1086 1787 sine
1103 1728 1277 1801 culpae
1291 1729 1538 1786 saeditate
1562 1733 1877 1808 assumpsit.
1892 1734 1961 1789 Et
1974 1734 2077 1791 hoc
2093 1738 2321 1795 rationis
2336 1741 2471 1799 ordo

465 1819 1011 1895 poscerevidebatur,
1039 1824 1101 1873 ut
1129 1818 1223 1892 qui
1255 1818 1360 1874 fuit
1387 1818 1645 1875 immunis
1675 1837 1708 1877 a
1743 1822 1922 1894 culpa,
1956 1831 2100 1880 esset
2131 1826 2387 1887 immunis
2426 1848 2460 1889 a

469 1925 654 1984 poena.
683 1909 750 1963 Et
771 1907 850 1963 sic
878 1912 1028 1979 patet
1056 1905 1202 1980 quod
1239 1904 1388 1961 nulla
1415 1910 1746 1965 necessitate
1775 1925 1949 1982 neque
1978 1912 2189 1969 vitiatae
2217 1916 2459 1987 orIginiS,

470 2015 646 2071 neque
664 1996 912 2070 justitiae,
935 1993 1244 2067 hujusmodi
1268 1994 1517 2052 defectus
1540 1994 1761 2051 fuerunt
1785 1996 1841 2051 in
1856 2014 1921 2053 eo
1947 2000 2122 2056 :unde
2144 2002 2471 2077 relinquitur

464 2088 612 2163 quod
641 2102 751 2143 non
777 2085 1063 2152 contracti,
1095 2084 1192 2141 sed
1223 2083 1531 2141 voluntarie
1572 2086 1838 2157 assumpti
1870 2085 2093 2143 fuerunt
2126 2090 2180 2145 in
2211 2108 2296 2148 eo.
2328 2094 2468 2163 Quia

463 2194 595 2236 vero
620 2191 818 2249 corpus
840 2181 1088 2231 nostr-um
1113 2172 1390 2246 praedictis
1412 2172 1717 2230 defectibus
1738 2174 1987 2247 subjacet
2010 2178 2065 2233 in
2091 2195 2309 2251 poenam
2334 2201 2467 2255 pec-

383 2313 386 2316 .
417 2256 430 2262 ’
463 2266 595 2328 cati,
627 2280 756 2322 nam
783 2269 912 2321 ante
945 2268 1234 2336 peccatum
1272 2262 1342 2319 ab
1381 2261 1468 2318 his
1500 2278 1718 2319 eramus
1760 2262 2047 2335 immuneS,
2080 2272 2467 2330 convenienter

463 2356 710 2415 Christus
732 2355 790 2411 iu
822 2359 1090 2427 quantum
1113 2350 1424 2424 hujusmodi
1454 2350 1702 2409 defectus
1737 2354 1793 2409 in
1828 2372 1929 2413 sua
1959 2372 2123 2415 carne
2146 2364 2459 2435 assumpsit,

461 2446 663 2503 dicitur
684 2442 1098 2501 similitudinem
1127 2442 1338 2515 peccati
1355 2442 1607 2513 gessisse,
1640 2444 1938 2501 secundum
1963 2446 2098 2503 illud
2120 2451 2367 2523 Apostoli
2396 2452 2465 2508 ad

460 2537 738 2596 Romanos
765 2548 874 2591 vm
908 2548 922 2587 ε
965 2532 1110 2589 Deus
1143 2528 1295 2587 misit
1334 2530 1512 2604 tilium
1538 2548 1693 2589 suzam
1735 2530 1795 2589 in
1834 2535 2245 2596 similitudinem
2284 2544 2467 2599 carnis
2560 2552 2564 2559 ·

460 2623 680 2697 peccati.
709 2622 866 2680 Unde
906 2626 962 2677 et
991 2620 1110 2693 ipsa
1134 2618 1334 2692 Christi
1374 2620 1730 2693 passibilitaS,
1764 2621 1850 2679 vel
1879 2627 2061 2697 passio
2108 2627 2178 2684 ab
2204 2631 2467 2703 Apostolo

463 2720 754 2786 peccatum
781 2709 1110 2777 nominatur,
1139 2724 1264 2766 cum
1291 2708 1547 2766 subditur
1578 2727 1592 2766 z
1624 2709 1703 2768 Et
1728 2710 1789 2767 de
1806 2720 2017 2783 peccato
2033 2714 2319 2775 ‘damnavit
2340 2737 2467 2791 pec·-

465 2808 646 2871 catum
681 2800 743 2857 in
772 2816 952 2857 carne.
978 2800 1048 2856 Et
1074 2799 1306 2855 Roman.
1337 2814 1422 2854 vn
1451 2813 1465 2851 t
1496 2798 1643 2863 Quod
1680 2806 1921 2855 mortuus
1964 2808 2037 2857 est
2060 2813 2292 2873 peccato,
2317 2824 2471 2863 mor-

464 2898 592 2949 tuus
626 2896 704 2947 est
741 2890 916 2947 semel.
961 2889 1030 2945 Et
1068 2888 1214 2961 quod
1262 2893 1347 2943 est
1375 2884 1699 2953 mirabilius,
1740 2886 1843 2943 hac
1880 2888 2047 2944 etiam
2078 2893 2288 2948 ratione
2334 2896 2470 2952 dicit

463 2980 761 3053 Apostolus
791 2978 862 3035 ad
903 2977 1088 3037 Galat.
1134 2991 1205 3033 111
1235 2992 1248 3032 ε
1280 2974 1418 3048 quod
1458 2980 1534 3031 est
1573 2973 1750 3047 factus
1783 2992 1889 3048 pro
1932 2976 2081 3034 nobis
2112 2980 2468 3043 maledictum.

463 3071 581 3127 Hac
607 3069 777 3125 etiam
803 3066 1018 3126 ratione
1045 3064 1246 3121 dicitur
1270 3064 1525 3138 simplam
1552 3070 1794 3121 nostram
1818 3068 2205 3149 necessitatem
2234 3087 2473 3148 assump-

463 3160 602 3218 sisse
625 3157 838 3217 scilicet
858 3170 1052 3231 poenae,
1080 3161 1142 3211 ut
1158 3153 1378 3228 duplam
1396 3161 1645 3219 nostram
1670 3162 2015 3212 consumeret
2038 3158 2247 3216 scilicet
2272 3162 2466 3236 culpae,

461 3249 562 3305 Est
600 3254 789 3305 autem
829 3242 1292 3303 considerandum
1331 3244 1587 3329 ulterius,
1635 3244 1783 3315 quod
1826 3244 2071 3303 defectus
2124 3250 2365 3319 poenales
2416 3255 2470 3309 in

461 3351 695 3409 corpore
737 3333 986 3407 duplices
1032 3332 1408 3401 inveniuntur.
1446 3331 1681 3401 Quidam
1722 3347 2037 3389 communes
2078 3337 2329 3393 omnibus
2304 3368 2361 3407 ,
2412 3349 2473 3397 ut

455 3425 694 3491 esurieS,
727 3421 872 3490 sitis,
903 3421 1170 3478 lassitudo
1199 3426 1323 3502 post
1348 3419 1609 3488 laborem,
1644 3419 1817 3489 dolor,
1852 3438 2015 3490 mors,
2046 3431 2100 3480 et
2136 3415 2470 3497 hujusmodi.

461 3514 702 3587 Quidam
756 3527 887 3569 vero
933 3526 1042 3568 non
1085 3518 1215 3569 sunt
1271 3510 1524 3567 omnibus
1568 3500 1903 3578 coinmuneS‚
1953 3513 2049 3571 sed
2110 3518 2474 3587 quorumdam

461 3603 746 3660 hominum
774 3601 1000 3673 proprii,
1028 3606 1089 3655 ut
1109 3599 1350 3666 caecitaS,
1378 3598 1548 3670 lepra,
1573 3598 1760 3669 febriS,
1784 3601 2153 3660 membrorum
2178 3606 2471 3677 mutilatio,

460 3700 522 3751 et
547 3690 885 3765 hujusmodi.
912 3690 1120 3745 Horum
1149 3695 1331 3744 autem
1360 3686 1673 3744 defectuum
1700 3687 1820 3745 haec
1850 3697 1933 3748 est
1963 3691 2275 3750 differentia
2306 3711 2319 3749 :
2348 3700 2477 3770 quia

461 3778 714 3834 defectus
742 3792 1060 3837 communes
1089 3778 1144 3832 in
1164 3776 1321 3831 nobis
1348 3775 1418 3832 ab
1448 3775 1555 3833 alio
1585 3778 1949 3835 traducuntur
1976 3781 2187 3839 scilicet
2213 3800 2281 3839 ex
2304 3786 2479 3857 primo

460 3877 714 3941 parente,
747 3866 842 3942 qui
871 3883 966 3923 eos
1002 3883 1103 3939 pro
1139 3871 1364 3939 peceato
1393 3865 1644 3923 incurrit.
1676 3865 1935 3925 Defectus
1966 3880 2149 3928 antem
2179 3874 2385 3946 proprii
2414 3894 2479 3933 ex

459 3956 892 4033 particularibus
919 3955 1100 4013 causis
1122 3955 1181 4011 in
1209 3953 1436 4027 singulis
1471 3954 1783 4012 hominibus
1821 3956 2199 4021 innascuntur.
2232 3963 2479 4023 Christus
