2850 4517
570 409 690 470 372
1052 419 1105 461 s.
1150 416 1381 460 ‘rHOMAE
1427 413 1750 466 nomm-ms
1793 411 2112 485 opuscuml·

571 537 844 598 communi
879 535 1025 592 circa
1053 531 1314 588 Ecclesiae
1349 534 1717 595 sacramenta,
1748 534 1966 600 oportet
1994 527 2249 600 quasdam
2275 529 2336 585 in
2363 529 2590 602 speciali

572 630 640 685 de
676 623 905 698 singulis
930 623 1131 678 dicere.
1175 621 1352 675 Primo
1382 618 1552 690 igitur
1589 618 1736 672 circa
1777 611 2114 687 baptismum
2157 618 2444 675 sciendum
2479 628 2586 687 est,

572 716 719 792 quod
754 711 983 770 materia
1029 709 1286 782 baptismi
1330 713 1414 763 est
1457 721 1601 780 aqua
1647 720 1778 762 vera
1823 711 1881 761 et
1922 705 2209 773 naturalis,
2266 723 2369 762 nec
2403 707 2590 763 differt

572 813 756 862 utrum
800 803 873 858 sit
915 798 1131 871 frigida,
1178 795 1263 854 vel
1306 795 1596 872 calefacta.
1649 795 1708 849 ln
1753 793 1913 866 aquis
1955 799 2139 850 autem
2185 795 2590 866 artificialibus,

572 896 713 951 sicut
752 899 835 948 est
865 905 1008 962 aqua
1038 901 1281 952 rosacea,
1324 894 1381 942 et
1424 883 1548 940 aliis
1576 882 1906 954 hujusmodi,
1941 898 2048 939 non
2084 889 2268 956 potest
2294 883 2587 958 baptizari.

570 982 767 1038 Forma
795 983 979 1035 autem
993 974 1250 1046 baptismi
1274 979 1357 1028 est
1374 972 1481 1028 ista
1507 989 1520 1027 z
1555 993 1581 1024 α
1611 971 1725 1043 Ego
1754 979 1808 1027 te
1830 971 2048 1044 baptizo
2076 971 2131 1026 in
2155 971 2372 1029 nomine
2392 974 2584 1046 patris,

570 1077 629 1127 et
651 1067 767 1138 filii,
796 1071 852 1122 et
877 1063 1104 1138 spiritus
1127 1061 1328 1118 sancti.
1362 1080 1388 1113 n
1408 1061 1654 1116 Minister
1677 1059 1838 1132 hujus
1861 1061 2193 1116 sacramenti
2223 1063 2474 1133 proprius
2501 1070 2588 1118 est

571 1156 847 1223 sacerdos,
901 1153 991 1208 cui
1029 1168 1093 1208 ex
1137 1150 1320 1206 officio
1358 1150 1622 1222 competit
1659 1149 1959 1221 baptizare.
2005 1149 2066 1204 In
2103 1149 2366 1206 articulos
2403 1155 2584 1206 tamen

572 1243 939 1310 necessitatis,
966 1256 1076 1299 non
1104 1238 1282 1296 solum
1307 1239 1590 1305 diaconus,
1624 1238 1718 1294 sed
1748 1239 1914 1294 etiam
1946 1235 2120 1294 laicus
2148 1243 2205 1292 et
2228 1237 2442 1307 mulier,
2474 1240 2586 1294 imo

573 1350 849 1409 paganus,
904 1330 1073 1386 etiam
1132 1327 1428 1386 baereticus
1476 1335 1659 1400 potest
1706 1325 2006 1399 baptizare,
2054 1326 2349 1383 dummodo
2401 1336 2585 1385 servet

573 1423 805 1478 formam
828 1417 1105 1483 Ecclesiae,
1139 1422 1195 1471 et
1224 1416 1475 1472 intendat
1517 1415 1698 1471 facere
1731 1415 1879 1488 quod
1914 1413 2046 1470 facit
2073 1414 2335 1472 Ecclesia.
2365 1415 2422 1472 Si
2452 1432 2588 1472 vero

573 1516 727 1565 extra
758 1507 1047 1564 articulum
1075 1503 1418 1561 necessitatis
1449 1503 1647 1576 aliquis
1675 1519 1708 1560 a
1737 1503 1939 1559 talibus
1964 1503 2349 1576 baptizaretur,
2381 1505 2585 1578 recipit

574 1597 798 1670 quidem
825 1599 1246 1659 sacramentum,
1280 1597 1336 1647 et
1376 1607 1486 1647 non
1522 1591 1686 1676 debet
1722 1592 1924 1648 iterum
1949 1589 2227 1663 baptizari,
2255 1605 2360 1646 non
2391 1599 2585 1648 tamen

574 1684 772 1757 recipit
806 1683 1039 1754 gratiam
1076 1680 1427 1747 sacramenti,
1475 1679 1605 1752 quia
1634 1679 1746 1735 ficti
1794 1684 2117 1751 reputantur
2151 1683 2342 1750 utpote
2386 1685 2586 1736 contra

572 1778 843 1830 statutum
870 1770 1130 1827 Ecclesiae
1156 1776 1562 1825 sacramentum
1587 1767 1938 1840 accipientes.
1968 1766 2208 1823 Effectus
2230 1773 2417 1823 autem
2445 1768 2584 1842 bap-

573 1863 723 1918 tismi
762 1867 845 1917 est
887 1859 1136 1915 remissio
1180 1857 1358 1931 culpae
1399 1853 1681 1928 originalis
1721 1861 1777 1912 et
1813 1855 2064 1921 actualis,
2111 1861 2166 1911 et
2211 1855 2379 1912 etiam
2418 1858 2581 1915 totius

572 1949 751 2022 culpae
786 1956 841 2005 et
888 1963 1083 2021 poenae,
1127 1947 1205 2002 ita
1247 1947 1391 2019 quod
1437 1945 1728 2018 baptizatis
1757 1960 1878 2001 ·non
1924 1953 2009 2000 est
2053 1943 2241 2018 aliqua
2281 1945 2579 2003 satisfactio

569 2037 901 2111 injungenda
942 2052 1040 2110 pro
1081 2035 1323 2109 peccatis
1366 2034 1682 2107 praeteritis,
1733 2033 1829 2091 sed
1887 2033 2078 2090 statim
2115 2033 2416 2090 morientes
2461 2043 2579 2108 post

571 2127 904 2200 baptismum
928 2125 1349 2181 introducuntur
1377 2121 1448 2178 ad
1473 2123 1704 2195 gloriam
1729 2123 1828 2178 Dei
1857 2139 1871 2176 ε
1904 2123 2048 2179 unde
2071 2123 2298 2179 effectus
2327 2123 2577 2196 baptismi

572 2215 792 2288 ponitur
820 2214 1031 2287 apertio
1066 2213 1253 2284 januae
1292 2211 1556 2284 paradisi.
1587 2211 1743 2268 Circa
1783 2209 1888 2268 hoc
1916 2219 2322 2269 sacramentum
2365 2212 2578 2268 fuerunt

572 2302 743 2375 aliqui
768 2316 1000 2358 errores.
1026 2302 1240 2356 Primus
1264 2299 1488 2373 quidem
1511 2300 1614 2354 fnit
1638 2299 2093 2364 Solentianorum‚
2127 2301 2223 2373 qui
2250 2301 2576 2374 baptismum

573 2391 627 2446 in
658 2405 802 2462 aqua
826 2404 931 2445 non
972 2389 1261 2462 recipiunt,
1288 2388 1383 2443 sed
1414 2386 1591 2444 solum
1633 2388 1966 2461 baptismum
2003 2388 2364 2462 spiritualem,
2394 2397 2576 2447 contra

574 2493 713 2551 quos
736 2477 870 2533 dicit
886 2477 1166 2541 Dominus,
1190 2477 1343 2531 Joan.
1372 2492 1438 2533 m
1464 2475 1626 2533 :Nisi
1643 2476 1764 2549 quie
1780 2483 2000 2532 renatus
2017 2475 2189 2548 fuerit
2205 2494 2272 2554 egr
2287 2494 2452 2551 aqua,
2471 2485 2573 2534 etc.

572 2565 854 2624 Secundus
886 2581 1037 2622 error
1079 2564 1183 2620 fuit
1224 2564 1640 2621 Donatistarum·
1679 2565 2135 2639 rebaptizantium
2177 2581 2273 2622 eos
2318 2569 2412 2640 qui
2456 2574 2575 2623 sunt

574 2655 837 2729 baptizati
868 2671 899 2712 a
928 2653 1213 2712 catholicis
1258 2671 1272 2709 ι
1304 2661 1495 2710 contra
1524 2668 1666 2728 qnos
1689 2653 2105 2727 dicim-,Ephe
2138 2671 2198 2710 ιν
2232 2672 2245 2710 :
2277 2656 2395 2714 Una
2429 2655 2573 2727 fides,

574 2760 741 2800 unrtm
766 2743 1043 2816 baptisma.
1078 2743 1175 2800 Est
1210 2749 1395 2799 autem
1433 2741 1572 2799 alter
1600 2758 1752 2799 error
1781 2757 1970 2799 eorum
2003 2748 2185 2800 z'nam
2209 2743 2398 2800 dicunt
2435 2745 2574 2818 quod

449 2890 469 2902 ,
573 2834 736 2890 homo
776 2834 829 2888 in
869 2838 1095 2906 peccato
1137 2832 1394 2899 existenS,
1447 2847 1553 2887 non
1604 2838 1787 2906 potest
1829 2833 2111 2906 baptizare
2156 2851 2168 2888 :
2211 2841 2403 2891 contra
2445 2849 2576 2907 quos

574 2921 794 2988 dicitur,
829 2923 914 2978 so.
961 2937 982 2977 1
1012 2939 1026 2978 ι
1056 2920 1228 2993 Super
1262 2937 1411 2993 quem
1437 2921 1632 2977 videtis
1671 2920 1926 2992 spiritum
1961 2921 2344 2978 descendentem
2384 2929 2434 2978 et
2459 2937 2577 2978 ma-

573 3016 800 3075 nentem,
843 3010 927 3065 hic
966 3016 1040 3065 est
1077 3009 1169 3080 qni
1212 3009 1472 3080 baptizat,
1519 3009 1729 3065 scilicet
1765 3009 2032 3066 Christus,
2072 3011 2228 3066 Unde
2272 3026 2381 3066 non
2423 3017 2577 3067 nocet
2663 3014 2672 3022 '

546 3098 779 3154 ‚homini
808 3097 979 3152 malus
1004 3096 1267 3164 minister,
1298 3111 1400 3152 nec
1423 3097 1478 3151 in
1507 3097 1629 3163 hoc,
1659 3111 1762 3153 nec
1790 3098 1844 3152 in
1871 3097 1993 3153 aliis
2020 3100 2382 3156 sacramentis
2412 3117 2426 3156 z
2453 3099 2577 3173 quia

574 3184 822 3241 Christus
862 3191 944 3240 est
986 3185 1159 3240 bonus
1195 3184 1290 3258 qui
1333 3184 1530 3241 merito
1557 3200 1673 3241 suae
1713 3184 1983 3256 passionis
2011 3186 2222 3258 perficit
2262 3202 2578 3244 sacramen-

576 3282 712 3330 tum.
761 3272 1001 3343 Quartus
1040 3289 1191 3330 error
1226 3278 1310 3330 est
1350 3272 1785 3344 Pelagianorum,
1835 3273 1928 3346 qui
1971 3273 2160 3331 dicunt
2195 3291 2400 3348 pueros
2441 3277 2581 3350 bap-

572 3361 751 3431 tizari,
784 3368 845 3418 ut
872 3363 1282 3434 regeneratione
1310 3362 1557 3434 adoptati
1595 3361 1960 3418 admittantur
1987 3363 2055 3418 ad
2092 3379 2318 3436 regnum
2355 3366 2481 3436 Dei,
2513 3365 2582 3421 de

571 3451 715 3508 bono
755 3451 809 3506 in
845 3449 1039 3506 melius
1070 3449 1337 3518 translati,
1371 3465 1477 3506 non
1520 3449 1628 3506 ista
1668 3451 2082 3522 regeneratione
2110 3452 2182 3508 ab
2209 3452 2418 3526 aliquo'
2441 3454 2582 3511 malo

573 3538 920 3610 obligationis
956 3536 1157 3593 veteris
1194 3536 1453 3594 absoluti.
1481 3537 1792 3594 Secundum
1823 3547 2226 3596 sacramentum
2264 3547 2353 3596 est
2379 3541 2584 3598 confir·

570 3627 847 3694 mationis,
877 3626 1035 3697 cujus
1063 3626 1293 3682 materia
1321 3632 1406 3681 est
1442 3625 1679 3683 chrisma
1705 3627 2015 3684 confectum
2039 3644 2106 3684 ex
2142 3628 2283 3696 oleo,
2313 3631 2472 3703 quod
2508 3631 2587 3686 si-

570 3715 795 3786 gnificat
817 3715 1051 3771 nitorem
1077 3715 1427 3771 conscientiae
1467 3730 1480 3768 ε
1517 3720 1575 3771 et
1595 3715 1859 3784 balsamo,
1887 3717 2033 3789 quod
2058 3717 2332 3789 significat
2357 3719 2586 3776 odorem

572 3802 731 3859 bonae
749 3802 909 3859 famae
929 3818 1027 3875 per
1064 3804 1375 3876 episcopum
1406 3803 1717 3860 benedicto.
1748 3803 1943 3861 Forma
1980 3813 2167 3862 autem
2198 3804 2366 3878 hujus
2395 3821 2588 3864 sacra·

572 3889 741 3944 menti
768 3899 851 3945 est
881 3890 1046 3945 talis:
1074 3909 1101 3943 α
1133 3891 1297 3963 Signo
1320 3899 1376 3948 te
1403 3891 1561 3962 signo
1584 3891 1783 3960 crucis,
1811 3901 1868 3950 et
1898 3893 2162 3950 confirmo
2195 3902 2250 3950 te
2281 3893 2588 3951 chrismato

575 3972 787 4041 salutis,
820 3977 875 4030 in
903 3977 1119 4034 nomine
1147 3978 1341 4048 Patris,
1368 3987 1427 4036 et
1449 3977 1594 4049 Filii,
1620 3985 1678 4036 et
1697 3979 1934 4054 Spiritus
1959 3981 2170 4051 Sancti,
2197 3984 2403 4040 Amen.
2433 4001 2462 4037 ι
2487 3980 2591 4040 Μὶ-
