2850 4517
911 438 918 443 .
945 400 990 445 1.
1022 415 1104 431 -
1129 400 1533 447 communium
1585 385 1951 448 ‘tuomum
2331 389 2455 454 '139

438 518 590 593 plum
618 516 766 573 illius
803 515 994 574 beatae.
1017 518 1251 586 unionis,
1285 518 1417 592 quia
1458 518 1767 575 intellectus
1804 525 2023 577 creatus
2050 521 2295 579 increato
2332 526 2452 596 spi-

440 608 575 664 ritui
603 605 956 679 intelligendo
987 605 1228 663 unietur.
1256 608 1376 663 Non
1397 606 1543 663 enim
1562 612 1739 665 restat
1761 607 2097 677 incredibile,
2128 612 2263 685 quin
2284 611 2453 669 intel·-

426 696 618 753 -lectus
653 702 894 753 craturae
931 696 1048 751 Deo
1079 694 1224 753 uniri
1253 696 1427 769 possit
1460 698 1581 773 ejus
1622 698 1917 753 essentiam
1954 715 2007 755 v·
1995 698 2209 767 dendo,
2242 717 2308 759 ex
2338 719 2447 775 quo

439 787 586 843 Deus
607 785 812 841 homini
839 783 1024 840 unitus
1057 790 1142 839 est
1168 791 1422 841 naturam
1444 786 1564 857 eJus
1582 786 1931 841 assumendo.
1962 786 2248 844 Perficitur
2276 790 2445 847 etiam

431 890 536 947 per
558 874 664 929 boc
700 871 1104 946 quodammodo
1132 872 1300 929 totius
1329 874 1510 945 operis
1539 873 1711 932 divini
1740 874 2089 943 universitati,
2109 876 2239 933 dum
2265 878 2445 947 h'om0,

439 964 536 1036 qui
564 970 648 1019 est
677 962 872 1019 ultimo
900 968 1138 1031 creatuS,
1152 961 1357 1019 circulo
1384 963 1666 1035 quodam
1652 980 1710 1022 m
1737 980 1898 1020 suum
1925 965 2071 1022 redit
2094 966 2441 1041 principium,

438 1052 543 1124 ipsi
567 1066 750 1109 rerum
779 1050 1046 1124 principio
1074 1066 1171 1126 per
1197 1066 1336 1123 opus
1359 1052 1755 1111 incarnationis
1782 1053 1991 1111 unitus.

1183 1188 1467 1290 CAPUT
1514 1225 1703 1292 CCII.

554 1429 558 1435 ,
637 1364 732 1429 De
758 1352 958 1426 errore
978 1361 1237 1427 Photim‘
1264 1363 1427 1428 circa
1454 1362 1930 1429 incarnationem
1954 1364 2081 1445 filii
2106 1366 2227 1432 Dei
2236 1420 2245 1428 .

431 1532 440 1539 -
508 1498 622 1553 Hoc
649 1504 833 1553 autem
859 1496 1064 1553 divinae
1094 1497 1487 1555 incarnationis
1512 1500 1835 1573 mysterium
1864 1498 2143 1560 Photinus,
2176 1508 2445 1573 quantum

438 1588 493 1643 in
525 1602 586 1642 se
627 1593 731 1654 est,
781 1587 1092 1643 evacuavit.
1131 1586 1272 1643 Nam'
1308 1587 1591 1654 Ebionem‚
1638 1594 1695 1645 et
1737 1587 2072 1655 cherintum,
2118 1595 2173 1643 et
2218 1590 2443 1647 Paulum

436 1677 851 1733 Samosatenum
894 1690 1148 1749 sequenS,
1173 1675 1451 1732 dominum
1489 1677 1675 1733 Iesum
1723 1676 1999 1733 Christum
2036 1678 2205 1733 fuisse
2245 1695 2443 1752 purum

435 1764 713 1819 hominem
742 1764 994 1830 asseruit,
1018 1779 1128 1821 nec
1150 1768 1278 1820 ante
1304 1764 1532 1820 Mariam
1556 1764 1838 1835 Virginem
1864 1754 2128 1831 extitisse,
2156 1765 2252 1822 sed
2296 1768 2442 1840 quod

439 1870 537 1927 per
560 1841 736 1908 bealae
759 1852 886 1909 vilae
914 1851 1192 1920 meritum,
1219 1861 1276 1908 et
1303 1852 1628 1925 patientiam
1661 1854 1851 1908 mortis
1878 1852 2113 1923 gloriam
2134 1853 2443 1912 divinitatis

443 1941 758 2014 promeruit,
793 1940 852 1996 ut
875 1942 954 1997 sic
975 1942 1126 1996 Deus
1166 1940 1444 1996 diceretur
1469 1956 1574 1997 non
1616 1956 1715 2013 per
1738 1948 2013 2007 naturam,
2038 1942 2135 1997 sed
2164 1958 2261 2013 per
2306 1944 2447 1999 ado-

441 2028 646 2102 ptionis
671 2029 922 2100 gratiam.
951 2031 1042 2086 Sic
1075 2030 1244 2101 igitur
1273 2044 1380 2085 non
1417 2037 1563 2084 esset
1600 2028 1745 2085 facta
1785 2030 1911 2084 unio
1937 2030 2034 2084 Dei
2080 2037 2135 2085 et
2181 2030 2440 2097 hominis,

435 2117 534 2173 sed
564 2116 724 2173 homo
763 2108 910 2172 essct
949 2132 1045 2188 per
1087 2116 1323 2187 gratiam
1362 2115 1671 2183 deificatuS,
1699 2114 1845 2189 quod
1894 2130 1999 2172 non
2044 2116 2322 2187 singulare
2359 2124 2443 2173 est

437 2204 670 2271 Christe,
689 2204 784 2261 sed
813 2220 1102 2261 commune
1119 2205 1374 2261 omnibus
1399 2205 1625 2272 sanctis,
1648 2204 1901 2278 quamvis
1923 2206 1979 2261 in
2002 2202 2106 2261 hac
2134 2206 2313 2277 gratia
2336 2205 2444 2263 ali-

437 2294 533 2365 qui
557 2292 966 2349 excellentiores
987 2292 1116 2349 aliis
1135 2290 1459 2349 habeantur.
1492 2293 1594 2349 Hic
1624 2300 1811 2350 autem
1838 2309 1990 2350 error
2019 2296 2444 2353 auctoritatibus

436 2380 637 2437 divinae
664 2380 954 2454 scripturae
987 2381 1335 2438 contradicit.
1368 2382 1583 2438 Dicitur
1606 2382 1751 2439 enim
1784 2383 1939 2443 J-oan.
1970 2398 1991 2439 ι
2018 2398 2031 2437 z
2062 2383 2129 2439 In
2158 2384 2442 2457 'principio

435 2478 555 2527 erat
591 2469 816 2529 Verbum
841 2486 861 2527 .·
891 2477 1164 2544 etpostea
1194 2470 1398 2527 subdit.
1438 2470 1663 2527 Verbum
1699 2488 1825 2527 caro
1848 2471 2051 2543 factum
2076 2471 2173 2528 est'.
2202 2473 2441 2530 Verbum
2548 2480 2563 2499 ⁶

437 2574 568 2629 ergo
596 2559 740 2632 quod
769 2565 888 2616 erat
914 2558 969 2614 in
1011 2559 1278 2631 principio
1321 2559 1463 2633 apud
1498 2561 1693 2627 Deum,
1724 2569 1947 2617 carnem
1989 2562 2303 2635 assumpsit,
2336 2579 2443 2619 non

434 2654 622 2713 autem
646 2648 808 2704 homo
845 2648 939 2721 qui
964 2644 1093 2705 ante
1116 2663 1220 2704 non
1250 2647 1430 2705 fuerat
1476 2665 1574 2722 per
1612 2650 1845 2721 gratiam
1878 2650 2187 2723 adoptionis
2216 2651 2446 2707 deifica-

435 2738 720 2805 tuthem,
734 2737 1001 2793 Dominus
1023 2736 1177 2805 dicit,
1193 2738 1352 2794 Joan.
1378 2752 1439 2793 vr
1470 2754 1483 2791 ε
1510 2738 1765 2793 Descendi
1787 2737 1849 2792 de
1876 2739 1997 2795 coelo
2024 2756 2133 2795 non
2154 2747 2215 2797 ue
2242 2740 2441 2812 faciam

437 2825 761 2882 voluntatem
791 2842 980 2893 meam,
1025 2825 1114 2881 sed
1154 2827 1479 2883 voluntatem
1516 2826 1629 2896 ejus
1669 2826 1761 2896 qui
1796 2826 1946 2881 misit
1986 2844 2087 2882 ma.
2126 2828 2440 2884 Secundum

437 2921 627 2972 autem
653 2914 862 2971 Photini
907 2930 1146 2971 errorem
1195 2930 1299 2970 non
1340 2914 1657 2981 conveniret
1694 2913 1911 2968 Christo
1952 2914 2318 2982 descendisse,
2345 2918 2440 2971 sed

436 3004 614 3061 solum
655 3004 984 3074 ascendisse,
1016 3020 1140 3060 cum
1169 3011 1356 3065 tamen
1381 3006 1571 3076 Apost.
1604 3000 1753 3059 dicat
1781 3001 1916 3076 Eph.
1952 3017 2010 3058 ιν
2038 3020 2051 3057 z
2080 3002 2227 3068 Quod
2266 3010 2445 3059 autem

436 3093 696 3159 ascendit,
734 3092 864 3165 quid
898 3100 992 3159 est,
1021 3094 1146 3149 ,nisi
1168 3087 1411 3165 'quida
1456 3090 1715 3149 descendit
1760 3090 2001 3165 primum
2050 3092 2111 3147 in
2152 3091 2443 3165 inferiores

433 3184 618 3257 pdrtes
659 3170 860 3239 'terraer
879 3182 958 3237 Ex
1001 3198 1110 3255 quo
1151 3181 1441 3238 manifeste
1477 3181 1642 3237 datur
1684 3180 1931 3251 intelligi,
1965 3181 2113 3252 quod
2142 3180 2197 3237 in
2226 3182 2441 3239 Christo

435 3278 546 3331 n'on
572 3270 798 3329 baberet
828 3271 1008 3328 locum
1023 3272 1288 3339 ascensi0,
1322 3271 1424 3326 nisi
1454 3270 1738 3327 descensio
1766 3264 2157 3343 praecessisset.

1144 3442 1447 3509 CAPUT
1480 3441 1715 3544 CCIII.

516 3584 726 3677 Error
749 3582 1028 3652 Nestorii
1053 3557 1218 3651 circa
1245 3584 1719 3677 incarnationem
1741 3588 1799 3647 et
1820 3581 1952 3663 ojus
1976 3581 2357 3664 improbatio.

505 3719 624 3777 Hoc
649 3718 818 3791 igitur
844 3718 1034 3777 volens
1061 3717 1338 3775 declinare
1363 3716 1668 3783 Nestorius,
1690 3717 1892 3791 partim
1922 3716 2143 3790 quidem
2169 3733 2201 3774 a
2226 3706 2440 3773 Photini

431 3821 622 3865 errore
639 3807 914 3873 discessit,
947 3807 1079 3880 quia
1109 3806 1288 3880 posuit
1327 3804 1574 3862 Chistum
1621 3803 1794 3861 filium
1831 3805 1931 3861 Dei
1975 3820 2083 3860 non
2128 3804 2303 3861 solum
2347 3820 2443 3877 per

427 3896 749 3969 adoptionis
773 3897 1030 3969 gratiam,
1061 3897 1159 3953 sed
1186 3912 1280 3969 per
1302 3904 1558 3953 naturam
1575 3895 1837 3962 divinam,
1869 3895 2062 3968 inqua
2087 3894 2237 3951 Patri
2258 3894 2444 3951 extitit

427 3988 789 4043 coaeternus:
824 3987 1028 4059 partim
1072 4002 1202 4045 vero
1247 4000 1370 4043 cum
1423 3984 1653 4044 Photino
1676 3983 1993 4041 concordat
2026 3984 2233 4055 dicens,
2274 3983 2444 4048 tilium
