2850 4517
539 325 624 420 36
1023 370 1076 415 s.
1119 340 1356 417 ’τιιοιωι
1394 364 1723 419 *eurus-ns
1761 335 2073 416 croscum

544 489 663 560 filii,
703 489 799 547 sed
843 486 1143 547 secundum
1179 484 1516 559 intelligendi
1555 484 1778 545 modum
1825 484 2091 562 praeeedit
2134 500 2258 545 eam
2313 494 2553 564 utroque

545 580 727 649 modo,
759 577 969 636 scilicet
1001 582 1058 632 et
1105 574 1406 633 secundum
1451 574 1599 649 q'uod
1644 582 1729 632 est
1770 574 2131 635 constitutiva
2170 591 2441 651 personae.
2492 583 2553 635 et

545 668 844 727 secundum
871 666 1018 743 quod
1037 670 1122 723 est
1143 664 1360 723 relatio.
1393 663 1461 721 Et
1498 663 1753 721 similiter
1783 664 2199 751 intelligendum
2236 673 2322 726 est
2347 665 2419 724 do
2440 666 2547 736 his,

544 774 670 832 quae
691 754 964 833 pertinent
989 754 1060 813 ad
1087 740 1494 895 processionem
1522 752 1729 826 Spiritu
1752 739 1965 811 Sancti.

1277 886 1561 1020 CAPUT
1606 950 1814 1020 LXV.

585 1103 922 1231 Quomodo
951 1105 1124 1167 aetus
1151 1058 1485 1165 actionales
1511 1118 1551 1165 a
1576 1100 1865 1166 Perennis
1890 1071 2011 1165 noas·
2036 1097 2337 1187 differunt
2361 1101 2486 1171 nisi

1204 1190 1529 1255 secundum
1568 1191 1884 1255 rationem.

612 1336 714 1395 Ex
728 1314 919 1394 ordine
949 1310 1134 1391 autem
1173 1332 1456 1406 assignato
1486 1332 1629 1391 inter
1656 1338 1815 1391 actus
1857 1332 2163 1392 actionales
2203 1340 2261 1393 et
2299 1336 2551 1411 proprie-

543 1430 688 1514 tates
716 1423 1020 1497 notionales
1045 1439 1154 1479 non
1181 1421 1538 1490 intendimus„
1566 1421 1713 1495 quod
1738 1429 1895 1480 actus
1920 1423 2225 1481 actionales
2252 1427 2552 1484 secundum

547 1504 662 1582 rem
693 1506 724 1573 a
747 1512 1178 1590 proprietatibus
1213 1510 1592 1589 personalibus
1617 1511 1891 1578 differant,
1925 1513 2022 1569 sed
2048 1512 2224 1570 solum
2252 1515 2551 1573 secundum

549 1597 774 1684 modum
803 1601 1163 1675 intelligendi.
1191 1602 1347 1658 Sicut
1374 1600 1521 1659 enim
1552 1596 1855 1674 intelligere
1880 1600 1978 1657 Dei
2016 1608 2102 1659 est
2142 1601 2257 1678 ipse
2285 1594 2474 1661 Deus
2462 1621 2553 1660 ιιι-

546 1693 818 1766 telligens,
843 1692 931 1768 ‘ita
968 1700 1023 1750 et
1051 1690 1332 1765 generatio
1370 1689 1551 1747 Patris
1605 1696 1690 1747 est
1737 1689 1856 1762 ipse
1900 1691 2063 1747 Pater
2103 1707 2389 1763 generans,
2422 1692 2552 1751 licet

545 1779 654 1857 alio
695 1782 856 1838 modo
878 1772 1274 1854 significentur.
1304 1778 1568 1836 Similiter
1592 1780 1761 1837 etiam
1786 1778 1915 1847 licet
1948 1774 2070 1836 'una
2104 1796 2337 1853 persona
2367 1782 2555 1853 plures

547 1873 796 1931 notiones
835 1869 1055 1938 habeat,
1088 1884 1195 1925 non
1236 1877 1420 1925 tamen
1464 1868 1521 1925 in
1563 1884 1628 1925 ea
1656 1876 1739 1926 est
1772 1867 1960 1942 aliqua
1984 1870 2328 1941 compositio.
2356 1871 2553 1930 lunas-

545 1961 785 2020 cibilitas
807 1956 1100 2017 enimcum
1129 1958 1202 2015 sit
1226 1958 1533 2031 proprietas
1562 1949 1837 2037 negativa,
1858 1948 2075 2016 'nullam
2094 1960 2552 2033 compositionem

545 2040 728 2109 facere
765 2053 968 2123 potest.
997 2048 1134 2106 Duae
1171 2062 1302 2104 vero
1340 2046 1636 2103 relationes
1669 2062 1795 2120 quae
1836 2054 1965 2104 sunt
2002 2048 2059 2103 in
2095 2062 2325 2120 persona
2350 2050 2547 2119 Patris,

546 2140 758 2199 scilicet
794 2136 1116 2212 paternitas,
1135 2140 1191 2191 et
1221 2135 1527 2193 communis
1562 2135 1811 2207 spirati0‚
1843 2143 1972 2193 sunt
2012 2135 2235 2210 quidem
2278 2138 2423 2195 idem
2460 2154 2552 2197 sc-

547 2227 784 2285 cundum
813 2241 930 2283 rem
958 2228 1119 2298 prout
1155 2229 1543 2298 comparantur
1569 2222 1639 2281 ad
1667 2220 1953 2296 personam
1981 2226 2179 2282 Patris.
2210 2226 2366 2284 Sicut
2406 2228 2553 2286 enim

547 2316 851 2390 paternitas
877 2320 962 2371 est
985 2314 1165 2381 Pater,
1193 2312 1271 2369 ita
1300 2316 1356 2368 et
1382 2314 1688 2372 communis
1714 2314 1957 2387 spiratio
1990 2315 2044 2371 in
2073 2316 2235 2372 Patre
2259 2325 2344 2372 est
2368 2317 2549 2386 Pater,

547 2410 605 2467 et
633 2407 690 2462 in
719 2400 854 2460 Filio
873 2417 928 2459 es
936 2406 958 2457 t
985 2394 1172 2457 Filius.
1201 2400 1471 2458 Differunt
1498 2410 1683 2460 autem
1720 2402 2021 2461 secundum
2048 2418 2115 2460 ea
2150 2404 2223 2460 ad
2259 2420 2385 2478 quae
2408 2404 2560 2462 refe-

546 2499 762 2572 rentur,
789 2508 915 2550 nam
944 2482 1275 2580 paternitate
1312 2492 1474 2548 Pater
1502 2480 1735 2548 refertur
1777 2491 1845 2549 ad
1876 2475 2094 2563 Filium,
2124 2476 2401 2551 communi
2436 2495 2555 2569 spi·

547 2581 760 2643 ratione
780 2581 850 2638 ad
865 2570 1146 2655 Spiritum.
1159 2579 1227 2636 Et
1246 2576 1497 2636 similiter
1516 2578 1683 2635 Filius
1704 2577 1965 2638 filiatione
1979 2580 2205 2656 quidem
2227 2582 2295 2641 ad
2313 2583 2550 2649 Patrem.

548 2670 825 2731 communi
852 2686 983 2730 vero
1009 2668 1309 2745 spiratione
1337 2668 1407 2725 ad
1431 2666 1698 2742 Spiritum
1726 2668 2008 2728 Sanctum.

1167 2900 1177 2911 ·
1261 2819 1553 2937 cAeoT
1592 2817 1830 2938 mcvi.

696 2974 875 3097 Quod
896 3004 1264 3103 propietates
1277 3017 1553 3111 *relative*
1568 3020 1721 3109 mmt⁸
1740 3016 1878 3111 aspra
1903 3014 2117 3085 divina
2141 3018 2417 3103 essentia.
2448 2982 2455 2993 ³

621 3162 851 3241 Oportet
880 3169 1065 3220 autem
1089 3160 1235 3235 quod
1261 3160 1396 3235 ipsae
1419 3159 1787 3234 proprietates
1809 3162 2057 3222 relativae
2084 3162 2197 3221 sint
2224 3164 2343 3238 ipsa
2369 3162 2558 3221 divina

548 3251 806 3308 essentia.
834 3251 1202 3325 proprietates
1239 3248 1386 3307 enim
1428 3248 1676 3308 relativae
1713 3258 1843 3309 sunt
1880 3252 2015 3324 ipsae
2047 3268 2297 3326 personae
2342 3252 2559 3310 subsis-

550 3334 732 3397 tentes
757 3358 770 3395 :
799 3355 1031 3413 persona
1055 3348 1242 3397 autem
1270 3338 1575 3397 subsistens
1604 3338 1661 3397 in
1680 3340 1882 3398 divinis
1914 3356 2022 3398 non
2046 3347 2228 3415 potest
2264 3356 2384 3398 esse
2408 3339 2557 3397 aliud

551 3443 718 3502 quam
752 3428 938 3507 divina
975 3419 1214 3507 essentia
1244 3445 1258 3484 ι
1286 3429 1525 3488 essentia
1566 3436 1751 3488 autem
1792 3430 1979 3488 divina
2010 3436 2095 3487 est
2132 3430 2249 3505 ipse
2294 3431 2463 3497 Deus,
2498 3434 2559 3485 ut

551 3524 1022 3598 supra-ostensum
1051 3526 1154 3575 est.
1177 3516 1331 3576 Unde
1367 3508 1694 3593 relinquitur
1724 3520 1871 3593 quod
1901 3519 2265 3595 proprietates
2311 3517 2560 3577 relativae

549 3604 989 3666 sint‘secundum
1033 3622 1150 3663 rem
1196 3606 1342 3670 idem
1384 3607 1533 3681 quod
1571 3606 1757 3665 divina
1790 3607 2250 3670 essentia..1tem‚
2276 3603 2561 3679 :quicquid

549 3688 716 3756 estin
739 3694 924 3769 aliquo
961 3702 1159 3769 praeter
1196 3686 1492 3753 essentiam
1534 3695 1675 3768 ejtis,
1705 3695 1849 3754 inest
1894 3694 1947 3753 ei
1988 3693 2453 3757 accidentaliter.
2438 3708 2453 3725 ·
2505 3691 2564 3749 in

550 3783 666 3839 Deo
689 3776 874 3841 uute'm
899 3782 1107 3841 nullum
1137 3782 1394 3849 accidens
1423 3799 1544 3841 esse
1573 3791 1780 3858 ·‚potest
1811 3792 1873 3842 ut
1919 3800 2088 3858 supra
2124 3792 2407 3842 ostensum
2452 3784 2560 3837 est.

548 3870 920 3944 Proprietates
961 3864 1127 3963 igitur
1159 3866 1433 3934 relativae
1468 3870 1577 3935 ιιοιι
1618 3878 1747 3935 sunt
1788 3872 1940 3945 uliud
1977 3873 2051 3933 ub
2094 3872 2338 3933 essentia
2372 3869 2565 3935 divina

551 3956 849 4017 secundum
875 3972 1016 4019 rem.
