2850 4517
523 387 644 449 502
1005 406 1057 449 s,
1102 407 1336 450 ‘rnoMAE
1377 405 1707 454 sommus
1749 383 2058 448 orvedum

525 522 738 578 ratione
767 536 892 576 cum
921 519 978 574 in
1015 520 1262 594 symbolo
1293 537 1324 576 a
1359 520 1607 594 patribus
1643 518 1791 576 edito
1820 519 2029 576 dictum
2058 525 2163 582 est,
2192 518 2338 592 quod
2368 517 2553 591 Spiri-

528 616 616 666 tus
641 617 866 667 sanctus
894 611 1142 686 procedit
1171 627 1204 667 a
1233 613 1410 678 Patre,
1445 609 1675 682 intelligi
1706 614 1942 684 oportet,
1975 608 2123 682 quod
2153 609 2403 681 procedit
2427 615 2484 665 et
2516 623 2554 664 a

525 698 684 756 Filio.
703 699 858 756 Sicut
881 715 1008 765 cum
1032 699 1102 755 de
1125 701 1284 757 Patre
1313 700 1370 754 in
1396 701 1589 756 eodem
1612 698 1871 774 Symbolo
1894 699 2116 764 dicitur,
2145 690 2297 771 quod
2320 697 2393 753 sit
2423 713 2553 753 om-

526 788 797 860 nipotens,
847 788 1143 846 visibilium
1184 796 1242 847 et
1287 788 1643 846 invisibilium
1686 788 1881 856 factor,
1926 792 2147 862 oportet
2188 785 2338 861 quod
2378 792 2439 843 et
2479 787 2553 843 de

525 876 664 934 Filio
691 875 1052 951 intelligatur.

675 1029 855 1108 Qnod
877 1029 1159 1112 Spiritus
1183 1035 1434 1094 sanctus
1455 1028 1877 1110 -distinqnitnr
1902 1045 1942 1092 a
1965 1028 2138 1092 Filio
2164 1046 2273 1108 per
2300 1027 2411 1092 Ιιοσ

1284 1121 1449 1203 qnod
1474 1124 1563 1183 est
1588 1118 1663 1182 ab
1694 1135 1813 1202 eo.¹

601 1237 925 1294 Ostenditur
965 1237 1134 1294 etiam
1175 1252 1241 1293 ex
1285 1235 1453 1292 dictis
1497 1236 1771 1292 dictorum
1815 1235 2058 1300 Patrum,
2104 1233 2251 1307 quod
2305 1231 2551 1306 Spiritus

529 1333 755 1383 sanctus
794 1343 828 1385 a
867 1325 1006 1383 Filio
1047 1325 1404 1398 distinguitur
1433 1341 1529 1398 per
1565 1322 1690 1392 hoc,
1713 1321 1859 1396 quod
1889 1322 1959 1378 ab
1986 1339 2052 1379 eo
2080 1328 2184 1378 est.
2218 1322 2364 1378 Dicit
2396 1322 2550 1377 enim

531 1415 698 1487 Greg.
723 1416 1005 1488 Nyssenus
1032 1433 1047 1471 ε
1081 1435 1106 1468 α
1137 1416 1345 1487 Dogma
1365 1413 1631 1470 facientes
1654 1411 1723 1468 de
1746 1411 1974 1481 deitate,
2001 1411 2401 1468 immutabilem
2424 1426 2548 1466 esse

456 1510 463 1518 '
529 1509 783 1558 naturam
804 1503 1050 1580 divinam,
1071 1504 1392 1560 confitemur
1424 1518 1438 1557 :
1470 1501 1566 1558 sed
1594 1501 1962 1558 differentiam
1988 1517 2112 1574 quae
2136 1508 2221 1557 est
2244 1501 2547 1557 secundum

530 1607 752 1648 causam
785 1599 842 1648 et
869 1598 1176 1660 causatum,
1212 1607 1318 1649 non
1361 1591 1623 1664 negamus
1656 1609 1706 1658 n,
1751 1589 1809 1646 id
1850 1598 1951 1656 est,
2004 1590 2305 1646 secundum
2335 1589 2547 1663 princi-

530 1681 700 1754 pium,
729 1687 785 1738 et
811 1681 958 1756 quod
982 1688 1066 1738 est
1095 1682 1164 1737 de
1192 1680 1479 1754 principie,
1514 1686 1574 1735 ut
1598 1693 1766 1753 supra
1794 1678 2103 1753 expositum
2130 1685 2233 1746 est,
2266 1687 2323 1736 et
2351 1686 2545 1752 postea

533 1767 720 1825 subdit
745 1787 759 1825 :
788 1790 815 1822 α
844 1771 982 1826 Item
1006 1770 1171 1826 aliam
1193 1770 1560 1826 differentiam
1588 1767 1959 1840 intelligimus,
1993 1784 2161 1823 unum
2188 1781 2382 1840 nempe
2410 1784 2545 1841 pro·

531 1857 796 1931 pinquum
826 1875 895 1915 ex
926 1859 1102 1932 primo
1142 1879 1190 1928 n,
1230 1858 1443 1914 scilicet
1468 1857 1665 1913 Filium
1694 1873 1761 1912 ex
1786 1858 1963 1924 Patre,
1999 1876 2026 1908 α
2060 1854 2231 1912 alium
2258 1862 2438 1912 autem
2476 1873 2547 1912 ex

531 1948 839 2020 propinquo
861 1954 918 2004 et
959 1965 1026 2005 ex
1053 1949 1230 2021 primo
1259 1967 1311 2017 n,
1339 1947 1551 2003 scilicet
1580 1945 1835 2020 spiritum
1870 1962 1936 2000 ex
1976 1944 2114 2002 Filio
2157 1951 2215 2001 et
2256 1962 2322 2001 ex
2356 1947 2542 2002 Patre.

531 2037 690 2091 Patet
730 2051 861 2110 ergo
909 2036 1055 2111 quod
1103 2053 1197 2108 per
1243 2037 1476 2109 primam
1521 2035 1907 2105 differentiam,
1946 2034 2185 2108 Spiritus
2224 2039 2447 2090 sanctus
2488 2039 2547 2090 et

531 2124 700 2180 Filius
741 2142 776 2182 a
814 2126 978 2182 Patre
1017 2125 1472 2225 distinguuntur.
1499 2139 1597 2198 per
1637 2124 1933 2180 secundam
1962 2132 2149 2180 autem
2190 2123 2549 2196 distinguitur

532 2199 767 2284 Spiritus
794 2221 1016 2271 sanctus
1045 2230 1077 2271 a
1105 2214 1262 2281 Filio,
1294 2213 1424 2287 quia'
1452 2212 1663 2270 scilicet
1697 2213 1865 2269 Filius
1898 2229 1930 2269 a
1955 2214 2115 2268 Patre
2137 2212 2402 2286 procedit,
2436 2228 2549 2269 non

531 2317 631 2373 per
657 2301 930 2374 spiritum,
960 2303 1055 2359 sed
1086 2304 1320 2376 Spiritus
1343 2309 1569 2360 sanctus
1594 2318 1688 2375 per
1714 2302 1931 2358 Filium.
1960 2303 2114 2359 Sicut
2138 2311 2193 2358 et
2220 2302 2445 2359 Ricard.
2476 2302 2551 2358 de

531 2390 589 2445 S.
619 2389 763 2445 Vict.
804 2391 862 2446 in
899 2407 936 2447 v
977 2391 1046 2446 de
1083 2392 1279 2448 Trinit.
1311 2393 1555 2448 ostendit
1587 2391 1819 2448 duarum
1850 2391 2249 2464 processionum
2279 2392 2551 2447 differen-

534 2477 766 2532 rentiam
790 2492 889 2549 per
912 2479 1033 2544 hoc,
1054 2480 1198 2550 quod
1225 2479 1392 2534 Filius
1409 2479 1656 2552 procedit
1679 2480 1750 2536 ab
1780 2496 1885 2536 uno
1907 2478 2381 2549 tantum,Spiritus
2406 2495 2551 2536 vero

533 2572 756 2622 sanctus
786 2581 818 2622 a
845 2565 1078 2622 duobus·
1120 2567 1469 2642 Relinquitur
1506 2584 1635 2640 ergo
1662 2569 1963 2626 secundum
2000 2568 2282 2641 utriusque
2310 2575 2551 2624 senten-

531 2655 686 2722 tiam,
728 2654 876 2728 quod
902 2654 1071 2720 Filius
1095 2664 1149 2714 et
1171 2656 1406 2728 Spiritus
1444 2663 1671 2715 sanctus
1712 2657 1783 2716 ab
1823 2658 2057 2714 invicem
2097 2672 2203 2714 non
2231 2655 2553 2730 distingue-

532 2752 742 2812 rentur,
767 2744 816 2801 si
837 2761 979 2801 unus
1007 2745 1078 2802 ab
1101 2745 1208 2802 alio
1237 2762 1342 2803 non
1366 2755 1532 2804 esset.
1587 2807 1591 2812 ,
1626 2739 1637 2769 “’

623 2897 803 2971 Quod
829 2901 1064 2978 oportet
1085 2898 1529 2961 distinctionem
1554 2900 1969 2962 Personarum
1996 2915 2117 2962 esse
2140 2897 2467 2961 secundum

1113 2987 1376 3068 aliquem
1404 2989 1670 3051 ordinem
1696 2993 1957 3052 natnroe.

602 3101 743 3156 Item
765 3101 1046 3158 distinctio
1073 3118 1431 3176 personarum
1460 3111 1677 3176 oportet
1701 3103 1845 3176 quod
1876 3102 1950 3160 sit
1978 3101 2278 3159 secundum
2304 3101 2551 3176 aliquem

535 3187 801 3255 ordinem,
826 3190 921 3261 qui
949 3195 1035 3246 est
1061 3191 1194 3247 ordo
1219 3201 1453 3259 naturae,
1480 3198 1544 3247 ut
1571 3196 1803 3264 August.
1828 3191 1986 3248 dicit.
2007 3193 2172 3248 Unde
2201 3197 2257 3247 et
2294 3192 2553 3248 ordinem

532 3289 889 3348 personarum
935 3277 1319 3337 distinctarum
1357 3281 1621 3336 Athenas.
1650 3281 1704 3337 in
1740 3282 1901 3354 epist.
1937 3281 2007 3337 ad
2052 3281 2407 3352 Serapionem
2444 3297 2553 3337 ca-

534 3371 680 3420 tenae
709 3365 976 3422 assimilat
1000 3367 1188 3425 dicens
1216 3385 1229 3423 ε
1264 3390 1291 3422 α
1323 3369 1593 3441 Equidem
1618 3370 1761 3425 sicut
1784 3369 1879 3443 qui
1904 3378 2071 3442 caput
2099 3377 2311 3426 catenae
2349 3370 2547 3439 trahit,

534 3450 776 3508 medium
806 3464 862 3509 et
883 3453 1047 3511 aliam
1067 3456 1473 3513 extremitatem
1498 3457 1684 3526 trahit,
1707 3459 1791 3516 sic
1820 3468 1876 3515 et
1901 3461 1993 3532 qui
2021 3459 2075 3515 in
2099 3459 2360 3530 Spiritum
2390 3457 2553 3514 blas-

432 3577 438 3584 .
533 3535 775 3606 phemat,
783 3540 992 3598 scilicet
1005 3543 1222 3599 tertiam
1237 3560 1549 3617 personam,
1557 3553 1613 3602 et
1631 3547 1685 3601 in
1696 3546 1894 3602 Filium
1912 3547 2171 3610 medium,
2178 3555 2233 3601 et
2249 3545 2305 3600 in
2320 3546 2551 3601 Patrem

536 3631 860 3695 extremum,
892 3630 946 3684 id
971 3640 1056 3688 est
1077 3633 1406 3705 principium
1444 3643 1609 3709 caput
1648 3641 1860 3693 catenae
1890 3635 2038 3692 tertii
2077 3633 2300 3691 discreti
2343 3634 2552 3690 incon-

536 3709 640 3764 fusi
684 3715 889 3771 ordinis
930 3717 1099 3776 divini
1134 3721 1557 3795 blasphemat.»
1586 3724 1740 3781 Sicut
1768 3733 1826 3780 et
1862 3742 1895 3780 e
1929 3740 2189 3781 converso
2236 3724 2331 3796 qui
2360 3723 2550 3795 Spiri-

537 3798 651 3846 tum
674 3800 848 3854 credit
875 3809 930 3858 et
960 3806 1151 3879 recipit
1176 3809 1366 3878 Deum,
1392 3811 1591 3882 recipit
1614 3819 1669 3866 et
1693 3811 1891 3867 Filium
1916 3814 2037 3884 ejus
2060 3827 2091 3866 a
2121 3824 2230 3882 quo
2258 3817 2361 3876 est,
2396 3811 2550 3866 sicut

539 3880 633 3947 qui
657 3889 804 3941 tenet
831 3904 998 3946 unum
1027 3904 1192 3967 caput
1219 3906 1433 3954 catenae
1463 3898 1531 3954 ad
1570 3916 1629 3954 se
1658 3899 1899 3967 trahens,
1930 3899 2171 3955 medium
2212 3901 2331 3970 ejus
2364 3906 2543 3969 tenet,

474 4029 494 4046 s
539 3969 598 4016 et
623 3979 718 4034 pet·
747 3974 986 4032 medium
1013 3980 1162 4038 aliud
1187 3993 1356 4058 caput
1383 3987 1764 4059 apprehendit,
1794 3994 1851 4045 et
1878 3997 2103 4062 propter
2130 3986 2235 4044 hoe
2269 3986 2443 4043 etiam
2484 3988 2549 4044 in
