2850 4517
607 350 701 396 111.
745 362 827 381 -—-
865 350 945 394 nn
985 350 1341 394 ramerus
1380 351 1766 411 cunm-nris,
1808 354 1946 398 nro.
2166 328 2289 401 28'1‘

267 478 377 531 tem
398 476 573 543 tuam.
605 467 835 537 Quarto,
861 464 1087 523 vilificat
1114 466 1342 538 prolem.
1372 467 1500 539 Sap.
1530 482 1601 524 m
1627 483 1645 523 z
1667 466 1806 543 Filii
1826 468 2196 529 adulterorum
2223 474 2285 530 in

268 554 720 617 consummatione
760 560 943 621 erunt,
970 560 1024 611 et
1050 553 1116 611 ab
1139 554 1324 627 iniquo
1351 561 1471 611 toro
1497 570 1672 613 semen
1701 559 2154 618 exterminabitur
2185 580 2204 619 .·
2233 570 2285 619 et

268 646 527 722 siqnidem
552 647 719 718 lon9ae
737 642 863 701 vitoe
890 647 1085 708 erunt.
1100 642 1163 702 in
1188 643 1418 699 nihilum
1443 644 1912 716 computabuntur,
1936 654 1988 704 et
2027 648 2144 706 sine
2185 650 2280 706 ho-

269 754 422 794 nore.
452 736 481 793 I
504 733 753 792 Corinth.
796 747 881 789 vn
908 730 1209 803 :Alioquin
1245 731 1353 803 filii
1392 732 1559 788 vestri
1602 731 1868 791 immundi
1921 744 2110 805 essent,
2143 754 2285 795 nunc

271 833 452 884 autem
476 821 649 879 sancti
688 828 836 877 sunt.
864 820 1158 893 Nunquam
1198 820 1368 878 etiam
1396 820 1601 878 habent
1646 821 1906 881 honorem
1929 826 1986 882 in
2015 827 2281 897 Ecclesia,

272 915 324 973 si
359 912 547 971 clerici
578 911 697 968 sine
721 909 989 967 dedecore
1018 907 1209 965 haberi
1240 915 1490 983 possunt.
1519 910 1742 980 Quinto,
1767 910 1950 985 privat
1977 916 2202 985 honore,
2227 926 2284 975 et

276 1000 590 1077 specialiter
614 998 895 1056 mulieres·
920 997 1070 1055 Eccl.
1098 1012 1164 1055 lx
1194 1014 1208 1053 ε
1242 998 1427 1055 Omnis
1469 999 1667 1057 mulier
1699 1016 1818 1073 quoe
1845 1008 1921 1059 est
1955 1001 2282 1074 fornicaria,

274 1090 429 1164 qua'si
452 1096 655 1147 stercus
683 1088 745 1144 in
768 1085 858 1144 via
887 1084 1301 1145 conculcabitur.
1320 1087 1391 1142 Et
1414 1088 1484 1144 do
1503 1088 1626 1146 viro
1649 1089 1872 1158 dicitur,
1897 1090 2156 1150 Proverb.
2184 1111 2282 1153 vr:

283 1178 695 1253 Turpitudinem
733 1184 785 1234 et
804 1174 1157 1249 iqnominiam
1195 1183 1473 1251 conyreqet
1511 1175 1636 1245 sibi,
1666 1184 1717 1235 et
1755 1178 2104 1252 opprobrium
2134 1182 2286 1241 illius

273 1285 381 1325 non
404 1267 683 1326 delebitur.
711 1265 1013 1337 Gregorius
1038 1263 1207 1321 etiam
1235 1264 1392 1342 dicit,
1423 1266 1572 1340 quod
1610 1274 1841 1339 peccata
1885 1260 2127 1328 carnalia
2157 1279 2284 1330 sunt

272 1358 501 1429 maioris
526 1355 771 1413 infamiae
788 1362 844 1411 et
868 1353 1097 1411 minoris
1116 1354 1297 1427 culpae
1314 1369 1480 1427 quam
1508 1355 1837 1431 spiritualia.
1857 1357 1928 1414 Et
1955 1359 2098 1416 ratio
2118 1360 2284 1434 hujus

273 1453 380 1514 est,
408 1445 540 1519 quia
574 1449 660 1501 est
695 1458 987 1501 commune
1014 1458 1140 1501 cum
1165 1442 1377 1501 bestiis.
1406 1442 1549 1501 Psal.
1579 1460 1766 1509 xnvru
1798 1462 1812 1501 t
1844 1446 2014 1503 Homo
2051 1462 2170 1505 cum
2193 1435 2285 1505 ¹in

272 1536 471 1592 honore
488 1541 635 1603 esset,
664 1548 774 1589 non
800 1531 1065 1590 intellexit
1076 1549 1099 1602 ,·
1122 1522 1461 1605 comparatus
1495 1539 1572 1590 est
1583 1532 1846 1607 jumentis
1877 1533 2282 1609 insipientibus,

274 1632 326 1681 et
348 1623 543 1683 similis
562 1623 737 1696 factus
763 1628 843 1683 est
859 1621 989 1680 illis.

829 1816 927 1880 De
949 1815 1201 1895 septimo
1216 1819 1520 1897 praeceplo
1548 1816 1722 1899 lepis.

342 1976 473 2039 Non
494 1975 708 2048 furtum
729 1973 911 2046 facies.
938 1974 1205 2031 Dominus
1228 1974 1508 2048 prohibuit
1533 1974 1912 2049 principaliter
1946 1978 2007 2035 in
2032 1977 2152 2053 lege
2180 1995 2288 2039 sua⁷

270 2068 533 2140 injuriam
550 2062 805 2139 proximi,
826 2070 884 2119 et
914 2062 1091 2137 primo
1118 2063 1377 2136 injuriam
1405 2064 1462 2120 in
1504 2066 1782 2140 propriam
1817 2081 2128 2139 personam,
2154 2054 2232 2127 ibi
2263 2083 2280 2128 ε

269 2157 404 2218 Non
430 2154 630 2211 occides
655 2168 675 2212 .·
699 2152 958 2223 secundo,
990 2153 1046 2208 in
1082 2168 1318 2227 persona
1358 2154 1671 2227 conjuncta,
1694 2154 1772 2213 ibi
1795 2171 1808 2211 ε
1835 2154 1962 2215 Non
1995 2158 2286 2215 moechabe-

270 2263 359 2303 ris
387 2262 405 2302 .·
432 2244 613 2309 tertio,
642 2243 703 2298 in
723 2240 1070 2310 rebus‚,hic·:
1100 2242 1229 2303 Non
1252 2242 1470 2315 furtum
1499 2243 1682 2316 facies.
1708 2244 1780 2304 Et
1820 2245 2124 2314 sciendum,
2148 2248 2279 2321 quia

268 2336 332 2393 in
372 2333 476 2390 hoc
520 2339 792 2405 praecepto
838 2330 1160 2401 prohibetur
1202 2346 1361 2389 omne
1402 2332 1548 2390 male
1598 2332 1864 2391 ablatum.
1908 2336 2285 2395 committitur

273 2424 425 2482 enim
448 2422 652 2479 furtum
673 2417 863 2476 multis
880 2418 1080 2477 modis.
1096 2420 1278 2478 Primo
1295 2420 1510 2479 occulte
1533 2422 1873 2496 accipiendo,
1885 2424 2082 2483 Matth.
2099 2440 2280 2484 xxxv:

272 2514 333 2572 Si
350 2511 517 2569 sciret
538 2517 699 2585 pater
722 2508 983 2582 familiae,
998 2524 1101 2582 qua
1130 2509 1263 2565 hora
1287 2508 1389 2582 fur
1413 2516 1673 2572 venturus
1690 2521 1822 2571 esset
1846 2529 1866 2572 .·
1888 2519 1947 2571 et
1979 2514 2086 2572 hoc
2125 2518 2282 2576 vitu-

270 2601 521 2677 perabile
544 2608 649 2667 est,
681 2597 811 2671 quia
847 2603 933 2654 est
972 2596 1212 2669 proditio
1240 2598 1516 2671 quaedam.
1545 2600 1756 2659 Eccles.
1783 2617 1822 2657 v
1848 2592 1872 2657 z>
1893 2602 2066 2675 Super
2100 2604 2280 2677 furem

270 2691 423 2751 enim
440 2696 517 2748 est
542 2686 796 2760 confusio.
820 2686 1091 2754 Secund0,
1114 2685 1381 2750 violenter
1402 2687 1701 2745 auferendo
1727 2706 1742 2744 ε
1775 2694 1832 2745 et
1851 2688 1973 2747 haec
1995 2698 2079 2749 est
2105 2696 2280 2767 major

270 2780 501 2853 injuria.
530 2775 633 2833 Job
660 2793 675 2830 ε
706 2774 828 2836 Vim
861 2774 1105 2848 fecerunt
1127 2773 1495 2846 depraedantes
1513 2776 1762 2849 pupillos.
1789 2778 1938 2835 Inter
1973 2781 2112 2837 istos
2149 2790 2278 2840 sunt

271 2869 409 2926 mali
452 2865 725 2941 principes
766 2869 822 2919 et
864 2879 1043 2936 reges.
1074 2860 1239 2935 Soph.
1269 2877 1336 2919 m
1367 2880 1380 2919 t
1405 2862 1690 2935 Principes
1731 2866 1847 2938 ejus
1879 2866 1941 2923 in
1965 2869 2134 2925 medio
2163 2871 2280 2943 ejus

273 2956 432 3031 quasi
463 2955 634 3011 leones
666 2951 953 3025 rugientes,
982 2959 1095 3009 etc.
1119 2951 1218 3009 Isti
1247 2951 1392 3007 enim
1436 2952 1647 3007 faci-unt
1669 2958 1878 3011 contra
1917 2956 2280 3016 intentionem

273 3044 497 3103 Domini
538 3042 773 3100 ¹volentis
793 3043 1008 3115 justum
1032 3054 1279 3113 regnum,
1305 3047 1362 3096 et
1394 3038 1646 3109 dicentis,
1680 3042 1939 3109 Proverb.
1970 3060 2079 3103 vm
2115 3062 2132 3102 t
2167 3047 2282 3104 Per

273 3150 361 3191 me
377 3148 525 3205 repes
545 3136 795 3204 recnunt,
814 3136 866 3187 et
892 3130 1065 3202 layum
1082 3127 1380 3185 conditores
1393 3128 1546 3200 justa
1568 3128 1878 3188 decernunt.
1888 3132 1959 3189 Et
1983 3133 2278 3207 aliquando

274 3222 415 3280 talia
440 3220 649 3277 faciunt
687 3234 786 3291 per
827 3218 1054 3275 modum
1078 3217 1232 3275 furti.
1262 3216 1574 3291 Aliquando
1609 3232 1708 3289 per
1747 3218 2085 3293 violentiam,
2115 3225 2224 3283 Isa.
2257 3244 2272 3282 z

272 3308 562 3381 Principes
588 3307 673 3366 tui
704 3306 963 3378 infideles,
986 3313 1118 3373 etc„
1144 3320 1271 3379 quae
1290 3310 1616 3379 sequuntur.
1641 3306 1949 3380 Aliquando
1991 3314 2274 3371 condendo

192 3423 201 3431 ·
274 3400 446 3471 lege5‚
477 3405 535 3453 et
560 3395 853 3453 statuendo
894 3395 967 3452 ad
1005 3394 1327 3451 lucrandum
1360 3399 1599 3451 tantum.
1623 3395 1731 3453 Isa.
1761 3410 1806 3454 x
1835 3412 1848 3452 ε
1880 3396 1970 3459 Vae
2009 3402 2104 3473 qui
2147 3420 2276 3460 con-

273 3487 417 3544 dunt
442 3486 572 3559 leqes
595 3484 829 3557 iniquas.
859 3483 931 3540 Et
956 3486 1097 3556 Aug.
1122 3481 1280 3551 dicit,
1296 3482 1444 3556 quod
1467 3484 1648 3541 omnis
1664 3484 1808 3544 mala
1831 3486 2054 3547 donatio
2077 3490 2280 3550 furtum

272 3583 385 3645 est,
411 3574 557 3631 unde
581 3572 753 3629 dicit:
776 3571 925 3644 Qum
950 3586 1121 3645 regna
1144 3570 1249 3629 nisi
1272 3571 1606 3631 latrocinia?
1629 3572 1813 3632 Tertio
1836 3578 2145 3636 mercedem
2173 3596 2281 3639 non

272 3663 559 3724 solvendo.
601 3662 759 3721 Levi.
788 3676 899 3719 xtx
937 3678 952 3718 ε
986 3660 1113 3721 Non
1154 3658 1463 3718 morabitur
1503 3676 1634 3735 opus
1675 3665 2002 3723 mercenarii
2036 3668 2179 3741 apud
2225 3678 2282 3735 te

269 3768 440 3826 usque
474 3767 631 3809 mane
657 3768 672 3806 ε
698 3755 758 3809 et
778 3749 887 3808 hoc
926 3748 1275 3821 intelligitur,
1301 3750 1451 3823 quod
1489 3750 1653 3807 homo
1683 3752 1909 3810 cuilibet
1945 3755 2079 3813 dare
2119 3756 2282 3815 debet

268 3842 427 3920 quod
470 3856 633 3899 suum
676 3846 800 3909 est,
832 3840 951 3899 sive
996 3838 1249 3913 principi,
1300 3839 1417 3897 sive
1472 3837 1720 3911 praelato,
1773 3842 1889 3899 sive
1923 3843 2122 3903 clerico
2168 3856 2278 3913 etc.

266 3934 437 3991 Rom.
463 3945 617 3989 xm:
650 3928 871 3987 Reddite
906 3928 1147 3987 mnnibue
1171 3927 1367 3995 debita,
1396 3927 1484 3987 cui
1511 3926 1790 3999 tributum,
1825 3930 2086 3993 tributum
2122 3952 2142 3994 .·
2179 3938 2280 3995 cui
