2850 4517
751 427 812 500 1„
831 449 912 464 --
939 433 1340 479 σοΜΡΕΝοιυΜ
1393 420 1753 480 'rammam
1776 454 1781 462 -
2174 416 2255 480 67

241 555 369 607 sum
392 555 497 617 est,
524 548 671 623 quod
703 547 859 622 plura
883 553 1013 608 sunt
1037 557 1161 622 quae
1197 551 1254 607 in
1279 559 1398 607 esse
1430 551 1650 623 prodire
1678 537 2107 624 non'potuerunt
2138 551 2257 606 ‘nisi

243 647 343 713 per
363 640 727 707 creationem,
760 654 886 712 quae
914 639 1084 696 solius
1111 639 1210 696 Dei
1236 648 1338 706 est,
1361 645 1445 718 {¹¹⁸
1470 655 1637 712 supra
1659 643 1939 696 ostensum
1966 645 2071 696 est.
2097 631 2253 697 Unde

241 727 576 800 relinquitur
601 727 750 802 quod
777 727 849 784 ab
874 727 994 802 ipso
1019 728 1134 784 Deo
1166 734 1294 784 sunt
1321 727 1477 800 plura
1506 727 1820 788 immediate
1848 735 2051 785 creata.
2072 724 2254 784 Mani-

239 815 446 872 festum
475 821 559 874 'est
583 817 772 884 etiam,
800 817 944 890 quod
969 815 1267 874 secundum
1295 815 1437 893 hauc
1465 817 1813 889 positionem,
1846 831 2027 876 rerum
2064 809 2256 872 multi·

241 906 381 962 tudo
405 910 463 962 et
492 905 774 962 distinctio
790 904 1028 962 casualis
1052 909 1196 962 esset
1219 905 1376 978 quasi
1401 919 1507 962 non
1537 905 1749 963 intenta
1777 921 1809 962 a
1834 906 2009 978 primo
2039 913 2255 978 agentea

239 993 341 1050 Est
369 995 518 1050 enim
545 993 837 1051 multitudo
860 1009 1043 1051 rerum
1074 997 1130 1050 et
1157 993 1441 1051 distinctio
1460 993 1540 1052 'ab
1569 986 1851 1052 intellectu
1874 993 2061 1052 divino
2085 1009 2257 1051 ›exco-

237 1083 424 1160 gitata
467 1091 521 1139 et
563 1083 818 1140 instituta
861 1084 917 1138 in
963 1083 1126 1140 rebus
1144 1124 1158 1152 ,
1208 1084 1278 1140 ad
1321 1083 1424 1140 hoc
1468 1081 1615 1157 quod
1658 1082 2025 1140 diversimode
2067 1082 2254 1140 divin-a

235 1171 464 1228 bonitas
487 1170 708 1229 a‘rebus
735 1171 936 1228 creatis
971 1177 1415 1245 repraesentetur,
1444 1177 1501 1228 et
1526 1187 1649 1229 eam
1684 1169 1985 1230 secundum
2010 1171 2257 1229 diversos

233 1261 451 1334 gradus
490 1260 705 1317 diversa
733 1260 1146 1336 participarent,
1185 1266 1248 1316 ut
1287 1260 1369 1318 sic
1409 1277 1477 1317 ex
1519 1261 1641 1334 ipso
1685 1260 2029 1318 diversarum
2070 1275 2255 1321 rerum

235 1349 454 1407 ordine
461 1348 714 1422 quaedam
731 1348 1078 1422 pulchritudo
1097 1348 1358 1408 resultet
1344 1366 1399 1406 in
1419 1349 1603 1419 rebus«,
1625 1365 1753 1424 quae
1771 1343 2015 1410 divinam
2034 1349 2255 1446 Sapien-

235 1439 379 1495 tiam
408 1438 841 1496 commendaret.

997 1600 1281 1678 CAPUT
1325 1575 1497 1678 0111.

237 1741 434 1827 Qu'od
459 1769 580 1814 non
616 1751 812 1814 solum
849 1751 1061 1815 divina
1086 1751 1322 1816 bonitas
1349 1757 1437 1815 est
1462 1768 1651 1816 causa
1684 1755 1909 1830 rerum,
1937 1738 2041 1816 sed
2068 1750 2253 1816 etiam

793 1842 982 1904 omnis
1009 1845 1206 1904 motus
1233 1846 1290 1904 et
1318 1841 1705 1920 operationis.
2119 1874 2123 1880 -

299 1974 434 2030 Non
467 1970 660 2027 solum
687 1973 871 2028 'autom
899 1971 1258 2050 institutionis
1295 1987 1478 2028 rerum
1516 1972 1638 2028 finis
1664 1974 1766 2028 'est
1791 1972 1977 2028 divina
2010 1971 2251 2040 bonitale,

231 2063 327 2118 sed
351 2061 538 2118 etiam
568 2059 746 2116 omnis
773 2051 1124 2132 operationis,
1157 2065 1215 2115 et
1249 2067 1452 2116 motus
1460 2066 1729 2116 creaturae
1766 2057 1989 2116 cuilibet
2028 2063 2261 2117 necesse·

233 2160 314 2208 est
341 2149 602 2208 divinam
627 2145 931 2206 bonitatem
954 2149 1122 2212 finem
1153 2150 1290 2206 esse.
1323 2149 1761 2222 Unumquodque
1788 2147 1933 2204 enim
1938 2134 2123 2238 quale
2149 2158 2255 2218 est,

234 2241 372 2298 talia
418 2239 556 2310 agit,
603 2237 747 2294 sicut
788 2237 1028 2294 calidu‘m
1069 2227 1344 2294 calefacit.
1393 2238 1663 2308 Quaelibet
1708 2243 1895 2295 autem
1937 2254 2024 2294 res
2056 2244 2256 2296 creata

231 2327 548 2387 secundum
575 2342 732 2382 suam
771 2325 1002 2383 formam
1047 2325 1460 2406 similitudinem
1502 2328 1799 2401 quamdam
1828 2328 2123 2410 participat
2164 2329 2255 2386 di-

230 2420 384 2476 vinae
427 2415 711 2482 bonilatis,
759 2422 820 2470 ut
861 2422 1138 2472 ostensum
1185 2419 1288 2484 est,
1325 2419 1455 2489 er'go
1492 2422 1549 2474 et
1582 2417 1761 2474 omni's
1786 2417 1932 2474 actio
1971 2423 2027 2474 et
2071 2425 2255 2500 motus

231 2513 518 2565 creaturae
567 2503 858 2577 cujuslibet
911 2505 965 2560 in
1017 2503 1260 2561 divinam
1313 2505 1613 2586 bonitatem
1658 2507 1949 2563 ordinatur
2002 2507 2147 2564 sicut
2189 2495 2253 2563 in

234 2599 432 2653 finem.
468 2597 757 2661 Praeterea,
785 2594 960 2650 omnis
983 2598 1162 2650 motus
1190 2599 1248 2651 et
1270 2596 1539 2668 operatio
1541 2595 1617 2674 rei
1634 2595 1974 2669 ⁴cujuslibet
1960 2611 2017 2651 in
2044 2595 2252 2670 aliquid

231 2686 550 2758 perfectum
575 2683 798 2740 tendere
825 2681 1060 2751 videtur,
1078 2683 1379 2756 perfectum
1399 2690 1583 2741 autem
1606 2683 1773 2742 habet
1792 2685 2060 2743 rationem
2079 2685 2205 2743 boni
2232 2701 2249 2741 ε
2271 2688 2279 2698 “

229 2772 512 2847 perfectio
527 2770 683 2827 enim
708 2770 999 2844 cujuslibet
1028 2773 1108 2827 rei
1133 2777 1216 2828 est
1239 2771 1457 2846 bonitas
1490 2774 1630 2843 ejus,
1660 2772 1851 2828 Omnis
1875 2773 2045 2846 igitur
2072 2779 2253 2830 motus

233 2870 296 2920 ot
326 2861 480 2920 actio
511 2862 587 2917 rei
605 2860 908 2933 cujuslibet
935 2859 1006 2917 ad
1031 2853 1236 2932 bonurn
1277 2858 1455 2913 tendit
1484 2875 1499 2912 z
1530 2858 1733 2912 bonum
1761 2863 1944 2914 autem
1971 2862 2255 2932 quodlibet

231 2957 328 3008 est
371 2949 676 3006 similitudo
713 2950 968 3022 quaedam
1014 2945 1212 3004 s'u'mmi
1263 2943 1410 3012 boni,
1436 2935 1587 3000 'sicut
1628 2944 1684 2998 et
1722 2947 2142 3017 ensquodlibet
2170 2954 2254 3005 est

235 3038 551 3096 similitudo
578 3039 737 3110 primi
761 3039 923 3103 entis,
957 3037 1126 3109 igitur
1162 3035 1346 3110 motus
1381 3040 1439 3090 et
1478 3032 1623 3090 actio
1651 3031 1941 3105 cujuslibet
1969 3035 2049 3091 rei
2078 3036 2256 3093 tendit

225 3118 298 3185 ‘in
327 3126 781 3186 assimilationem
805 3122 1317 3183 bonitatis'divinae.
1347 3124 1641 3190 Praeterea,
1660 3123 1723 3180 'si
1750 3122 2056 3203 sint-multa
2082 3127 2257 3198 agen-

232 3221 324 3276 tia
344 3217 596 3274 ordinem
621 3215 898 3290 habentia,
925 3229 1146 3287 necesse
1168 3213 1421 3292 estquod
1441 3211 1682 3294 omnium
1704 3213 1982 3286 agentium
2010 3216 2255 3292 actiones

238 3314 300 3363 et
341 3304 527 3363 mot'us
565 3305 884 3363 ordinentur
911 3305 968 3360 in
995 3304 1197 3363 bonum
1242 3303 1395 3383 primi
1425 3301 1636 3376 agentis
1664 3302 1809 3358 sicut
1836 3302 1893 3356 in
1932 3302 2092 3359 finem
2118 3304 2252 3360 ulti·-

237 3412 417 3453 mum.
447 3396 583 3452 Cum
605 3392 752 3451 enim
776 3411 808 3452 a
837 3391 1101 3468 superiori
1128 3400 1321 3466 agente
1363 3392 1622 3471 inferiora
1652 3391 1872 3465 agentia
1905 3400 2249 3458 moveantur,

238 3493 302 3543 et
327 3501 488 3542 omne
519 3480 745 3541 movens
782 3490 999 3540 moveat
1025 3483 1094 3540 ad
1123 3483 1287 3560 finem
1311 3479 1611 3562 proprium,
1644 3481 1860 3555 oportet
1888 3482 2035 3555 quod
2055 3485 2253 3540 ‘actio-

239 3581 422 3651 nes²et
453 3575 636 3632 motus
661 3572 981 3632 inferiorum
1005 3571 1285 3646 agentium
1305 3572 1531 3628 tendant
1548 3572 1604 3628 in
1625 3562 1785 3628 finem
1811 3571 1970 3643 primi
1994 3573 2211 3643 ‘agentis
2236 3591 2249 3626 z

239 3665 392 3721 sicut
417 3661 485 3719 in
525 3649 772 3721 exercitu
810 3659 1050 3718 omnium
1089 3649 1346 3738 ordinum·
1377 3662 1622 3718 actiones
1663 3661 1983 3718 ordinantur
2025 3661 2253 3716 sieutin

239 3751 506 3809 ultimum
546 3751 615 3810 ad
641 3749 928 3814 victoriam
969 3754 1094 3824 q'uae
1131 3760 1215 3808 est
1245 3751 1367 3807 finis
1401 3750 1577 3808 ducis.
1609 3750 1902 3808 ostensum
1926 3757 2126 3806 —autem
2154 3749 2252 3805 -est
2290 3795 2297 3803 .

239 3857 434 3914 supra,
467 3842 616 3917 quod
647 3841 882 3916 primum
917 3856 1144 3912 movens
1162 3847 1431 3913 >etagens
1444 3850 1527 3898 eet
1558 3840 1724 3907 Deus,
1755 3841 1879 3895 finis
1920 3846 2105 3897 autom
2132 3841 2252 3914 ejus

239 3947 360 3988 non
385 3940 471 3988 est
509 3930 660 3988 aliud
701 3945 869 4006 quam
905 3947 1004 3988 sua
1045 3931 1278 3999 bonitas,
1311 3938 1372 3997 ut
1415 3931 1581 3986 etiam
1620 3944 1783 4003 supra
1830 3936 2112 3987 ostensum
2141 3938 2249 3988 est.

236 4018 484 4078 Necesse
503 4026 591 4078 est
618 4020 807 4094 igitur,
835 4020 983 4095 quod
1009 4035 1196 4080 omnes
1217 4018 1465 4079 actiones
1488 4023 1545 4076 et
1578 4026 1758 4078 motus
1784 4023 2250 4102 quarumcumque
