<?xml version="1.0" encoding="UTF-8"?>
<!DOCTYPE html PUBLIC "-//W3C//DTD XHTML 1.0 Transitional//EN"
    "http://www.w3.org/TR/xhtml1/DTD/xhtml1-transitional.dtd">
<html xmlns="http://www.w3.org/1999/xhtml" xml:lang="en" lang="en">
 <head>
  <title>
</title>
<meta http-equiv="Content-Type" content="text/html;charset=utf-8" />
  <meta name='ocr-system' content='tesseract 3.04.00' />
  <meta name='ocr-capabilities' content='ocr_page ocr_carea ocr_par ocr_line ocrx_word'/>
</head>
<body>
  <div class='ocr_page' id='page_1' title='image "./sthomaquinatisd02thomgoog_0245.png"; bbox 0 0 2850 4517; ppageno 0'>
   <div class='ocr_carea' id='block_1_1' title="bbox 782 311 2375 395">
    <p class='ocr_par' dir='ltr' id='par_1_1' title="bbox 782 311 2375 395">
     <span class='ocr_line' id='line_1_1' title="bbox 782 311 2375 395; baseline 0.006 -10"><span class='ocrx_word' id='word_1_1' title='bbox 782 343 849 386; x_wconf 87' lang='lat'><strong>11.</strong></span> <span class='ocrx_word' id='word_1_2' title='bbox 895 357 971 371; x_wconf 91' lang='lat'>-</span> <span class='ocrx_word' id='word_1_3' title='bbox 1014 342 1397 387; x_wconf 59' lang='lat' dir='ltr'><strong>nacoliam-10</strong></span> <span class='ocrx_word' id='word_1_4' title='bbox 1441 344 1684 389; x_wconf 67' lang='lat' dir='ltr'><strong>con-rm</strong></span> <span class='ocrx_word' id='word_1_5' title='bbox 1725 339 1981 393; x_wconf 70' lang='lat' dir='ltr'><strong>oRAEcos</strong></span> <span class='ocrx_word' id='word_1_6' title='bbox 2191 311 2197 316; x_wconf 36' lang='lat'>⁸</span> <span class='ocrx_word' id='word_1_7' title='bbox 2259 333 2375 395; x_wconf 82' lang='lat'><strong>231</strong></span> 
     </span>
    </p>
   </div>
   <div class='ocr_carea' id='block_1_2' title="bbox 294 456 2382 3992">
    <p class='ocr_par' dir='ltr' id='par_1_2' title="bbox 294 456 2382 3992">
     <span class='ocr_line' id='line_1_2' title="bbox 361 456 2380 535; baseline 0.002 -18"><span class='ocrx_word' id='word_1_8' title='bbox 361 473 490 518; x_wconf 85' lang='lat' dir='ltr'><strong>ram</strong></span> <span class='ocrx_word' id='word_1_9' title='bbox 513 456 757 516; x_wconf 82' lang='lat' dir='ltr'><strong>divinam</strong></span> <span class='ocrx_word' id='word_1_10' title='bbox 786 472 821 515; x_wconf 90' lang='lat' dir='ltr'><strong>a</strong></span> <span class='ocrx_word' id='word_1_11' title='bbox 864 456 1046 527; x_wconf 82' lang='lat' dir='ltr'><strong>Patre,</strong></span> <span class='ocrx_word' id='word_1_12' title='bbox 1078 473 1146 514; x_wconf 88' lang='lat' dir='ltr'><strong>ex</strong></span> <span class='ocrx_word' id='word_1_13' title='bbox 1190 464 1437 533; x_wconf 86' lang='lat' dir='ltr'><strong>tempore</strong></span> <span class='ocrx_word' id='word_1_14' title='bbox 1478 466 1577 534; x_wconf 84' lang='lat' dir='ltr'><strong>per</strong></span> <span class='ocrx_word' id='word_1_15' title='bbox 1603 462 2033 535; x_wconf 76' lang='lat' dir='ltr'><strong>assumptIonem</strong></span> <span class='ocrx_word' id='word_1_16' title='bbox 2074 462 2380 521; x_wconf 85' lang='lat' dir='ltr'><strong>mirabilem</strong></span> 
     </span>
     <span class='ocr_line' id='line_1_3' title="bbox 360 546 2378 627; baseline 0.002 -21"><span class='ocrx_word' id='word_1_17' title='bbox 360 548 573 607; x_wconf 85' lang='lat' dir='ltr'><strong>habeat</strong></span> <span class='ocrx_word' id='word_1_18' title='bbox 621 546 919 604; x_wconf 82' lang='lat' dir='ltr'><strong>humanam</strong></span> <span class='ocrx_word' id='word_1_19' title='bbox 962 555 1222 604; x_wconf 77' lang='lat' dir='ltr'><strong>naturam</strong></span> <span class='ocrx_word' id='word_1_20' title='bbox 1275 563 1342 604; x_wconf 81' lang='lat' dir='ltr'><strong>ex</strong></span> <span class='ocrx_word' id='word_1_21' title='bbox 1392 564 1594 619; x_wconf 84' lang='lat' dir='ltr'><strong>genere</strong></span> <span class='ocrx_word' id='word_1_22' title='bbox 1640 556 1850 618; x_wconf 82' lang='lat' dir='ltr'><strong>nostro,</strong></span> <span class='ocrx_word' id='word_1_23' title='bbox 1894 557 1954 607; x_wconf 91' lang='lat' dir='ltr'><strong>et</strong></span> <span class='ocrx_word' id='word_1_24' title='bbox 1994 552 2074 609; x_wconf 89' lang='lat' dir='ltr'><strong>sic</strong></span> <span class='ocrx_word' id='word_1_25' title='bbox 2116 553 2378 627; x_wconf 84' lang='lat' dir='ltr'><strong>quaelibet</strong></span> 
     </span>
     <span class='ocr_line' id='line_1_4' title="bbox 361 635 2380 716; baseline 0 -20"><span class='ocrx_word' id='word_1_26' title='bbox 361 643 555 713; x_wconf 78' lang='lat' dir='ltr'><strong>partes</strong></span> <span class='ocrx_word' id='word_1_27' title='bbox 576 636 833 694; x_wconf 81' lang='lat' dir='ltr'><strong>bumanae</strong></span> <span class='ocrx_word' id='word_1_28' title='bbox 860 644 1074 693; x_wconf 84' lang='lat' dir='ltr'><strong>naturae</strong></span> <span class='ocrx_word' id='word_1_29' title='bbox 1100 636 1273 709; x_wconf 85' lang='lat' dir='ltr'><strong>ipsius</strong></span> <span class='ocrx_word' id='word_1_30' title='bbox 1291 635 1412 692; x_wconf 82' lang='lat' dir='ltr'>Filii</span> <span class='ocrx_word' id='word_1_31' title='bbox 1434 637 1537 693; x_wconf 88' lang='lat' dir='ltr'><strong>Dei</strong></span> <span class='ocrx_word' id='word_1_32' title='bbox 1555 636 1664 694; x_wconf 89' lang='lat' dir='ltr'><strong>dici</strong></span> <span class='ocrx_word' id='word_1_33' title='bbox 1684 646 1913 711; x_wconf 80' lang='lat' dir='ltr'>possunt</span> <span class='ocrx_word' id='word_1_34' title='bbox 1936 641 2102 709; x_wconf 91' lang='lat' dir='ltr'><strong>Deus,</strong></span> <span class='ocrx_word' id='word_1_35' title='bbox 2129 648 2184 697; x_wconf 85' lang='lat' dir='ltr'><strong>et</strong></span> <span class='ocrx_word' id='word_1_36' title='bbox 2212 642 2380 716; x_wconf 86' lang='lat' dir='ltr'><strong>quid-</strong></span> 
     </span>
     <span class='ocr_line' id='line_1_5' title="bbox 363 716 2374 803; baseline 0.001 -20"><span class='ocrx_word' id='word_1_37' title='bbox 363 726 505 803; x_wconf 87' lang='lat' dir='ltr'>quid</span> <span class='ocrx_word' id='word_1_38' title='bbox 532 726 667 799; x_wconf 84' lang='lat' dir='ltr'><strong>agit,</strong></span> <span class='ocrx_word' id='word_1_39' title='bbox 694 725 783 783; x_wconf 87' lang='lat' dir='ltr'><strong>vel</strong></span> <span class='ocrx_word' id='word_1_40' title='bbox 813 724 1020 798; x_wconf 79' lang='lat' dir='ltr'><strong>patitur</strong></span> <span class='ocrx_word' id='word_1_41' title='bbox 1047 724 1307 799; x_wconf 83' lang='lat' dir='ltr'><strong>quaelibet</strong></span> <span class='ocrx_word' id='word_1_42' title='bbox 1331 740 1463 799; x_wconf 88' lang='lat' dir='ltr'><strong>pars</strong></span> <span class='ocrx_word' id='word_1_43' title='bbox 1489 716 1981 786; x_wconf 77' lang='lat' dir='ltr'><strong>naturaehum&#39;anae</strong></span> <span class='ocrx_word' id='word_1_44' title='bbox 2010 729 2064 784; x_wconf 91' lang='lat' dir='ltr'><strong>in</strong></span> <span class='ocrx_word' id='word_1_45' title='bbox 2092 729 2228 785; x_wconf 86' lang='lat' dir='ltr'><strong>Filio</strong></span> <span class='ocrx_word' id='word_1_46' title='bbox 2255 730 2374 796; x_wconf 85' lang='lat' dir='ltr'><strong>Dei,</strong></span> 
     </span>
     <span class='ocr_line' id='line_1_6' title="bbox 363 813 2380 891; baseline 0 -17"><span class='ocrx_word' id='word_1_47' title='bbox 363 820 554 891; x_wconf 84' lang='lat' dir='ltr'><strong>potest</strong></span> <span class='ocrx_word' id='word_1_48' title='bbox 598 813 827 873; x_wconf 75' lang='lat' dir='ltr'><strong>attribui</strong></span> <span class='ocrx_word' id='word_1_49' title='bbox 868 814 1150 886; x_wconf 78' lang='lat' dir='ltr'><strong>unigenito</strong></span> <span class='ocrx_word' id='word_1_50' title='bbox 1194 813 1293 869; x_wconf 88' lang='lat' dir='ltr'><strong>Dei</strong></span> <span class='ocrx_word' id='word_1_51' title='bbox 1341 813 1543 871; x_wconf 83' lang='lat' dir='ltr'><strong>Verbo.</strong></span> <span class='ocrx_word' id='word_1_52' title='bbox 1585 814 1740 872; x_wconf 84' lang='lat' dir='ltr'>Unde</span> <span class='ocrx_word' id='word_1_53' title='bbox 1787 832 1896 873; x_wconf 88' lang='lat' dir='ltr'><strong>non</strong></span> <span class='ocrx_word' id='word_1_54' title='bbox 1935 818 2380 875; x_wconf 79' lang='lat' dir='ltr'><strong>inconvenienter</strong></span> 
     </span>
     <span class='ocr_line' id='line_1_7' title="bbox 365 902 2376 976; baseline 0 -13"><span class='ocrx_word' id='word_1_55' title='bbox 365 904 605 963; x_wconf 83' lang='lat' dir='ltr'><strong>dicimus</strong></span> <span class='ocrx_word' id='word_1_56' title='bbox 632 904 873 961; x_wconf 87' lang='lat' dir='ltr'><strong>animam</strong></span> <span class='ocrx_word' id='word_1_57' title='bbox 902 909 959 959; x_wconf 90' lang='lat' dir='ltr'><strong>et</strong></span> <span class='ocrx_word' id='word_1_58' title='bbox 982 917 1181 976; x_wconf 88' lang='lat' dir='ltr'><strong>corpus</strong></span> <span class='ocrx_word' id='word_1_59' title='bbox 1207 902 1328 959; x_wconf 86' lang='lat' dir='ltr'><strong>esse</strong></span> <span class='ocrx_word' id='word_1_60' title='bbox 1351 902 1474 962; x_wconf 86' lang='lat' dir='ltr'><strong>Filii</strong></span> <span class='ocrx_word' id='word_1_61' title='bbox 1498 903 1619 972; x_wconf 86' lang='lat' dir='ltr'><strong>Dei,</strong></span> <span class='ocrx_word' id='word_1_62' title='bbox 1647 903 1746 961; x_wconf 87' lang='lat' dir='ltr'><strong>sed</strong></span> <span class='ocrx_word' id='word_1_63' title='bbox 1763 912 1819 963; x_wconf 87' lang='lat' dir='ltr'><strong>et</strong></span> <span class='ocrx_word' id='word_1_64' title='bbox 1845 904 2054 973; x_wconf 91' lang='lat' dir='ltr'><strong>oculos,</strong></span> <span class='ocrx_word' id='word_1_65' title='bbox 2078 914 2135 962; x_wconf 90' lang='lat' dir='ltr'><strong>et</strong></span> <span class='ocrx_word' id='word_1_66' title='bbox 2162 910 2376 975; x_wconf 83' lang='lat' dir='ltr'><strong>manus,</strong></span> 
     </span>
     <span class='ocr_line' id='line_1_8' title="bbox 366 983 2380 1066; baseline 0.001 -15"><span class='ocrx_word' id='word_1_67' title='bbox 366 1001 428 1051; x_wconf 88' lang='lat' dir='ltr'><strong>et</strong></span> <span class='ocrx_word' id='word_1_68' title='bbox 455 991 603 1066; x_wconf 88' lang='lat' dir='ltr'><strong>quod</strong></span> <span class='ocrx_word' id='word_1_69' title='bbox 625 992 799 1050; x_wconf 85' lang='lat' dir='ltr'><strong>Filius</strong></span> <span class='ocrx_word' id='word_1_70' title='bbox 818 991 917 1048; x_wconf 86' lang='lat' dir='ltr'><strong>Dei</strong></span> <span class='ocrx_word' id='word_1_71' title='bbox 940 990 1299 1065; x_wconf 85' lang='lat' dir='ltr'><strong>corporaliter</strong></span> <span class='ocrx_word' id='word_1_72' title='bbox 1322 992 1510 1049; x_wconf 89' lang='lat' dir='ltr'><strong>videat</strong></span> <span class='ocrx_word' id='word_1_73' title='bbox 1535 1008 1633 1066; x_wconf 91' lang='lat' dir='ltr'><strong>per</strong></span> <span class='ocrx_word' id='word_1_74' title='bbox 1659 992 1803 1050; x_wconf 92' lang='lat' dir='ltr'><strong>oculi</strong></span> <span class='ocrx_word' id='word_1_75' title='bbox 1832 983 2126 1063; x_wconf 70' lang='lat' dir='ltr'><strong>visionem,</strong></span> <span class='ocrx_word' id='word_1_76' title='bbox 2141 1005 2197 1053; x_wconf 85' lang='lat' dir='ltr'><strong>et</strong></span> <span class='ocrx_word' id='word_1_77' title='bbox 2225 997 2380 1054; x_wconf 85' lang='lat' dir='ltr'><strong>audit</strong></span> 
     </span>
     <span class='ocr_line' id='line_1_9' title="bbox 366 1079 2382 1161; baseline 0.001 -22"><span class='ocrx_word' id='word_1_78' title='bbox 366 1099 469 1157; x_wconf 88' lang='lat' dir='ltr'><strong>per</strong></span> <span class='ocrx_word' id='word_1_79' title='bbox 506 1082 779 1161; x_wconf 85' lang='lat' dir='ltr'><strong>auditum,</strong></span> <span class='ocrx_word' id='word_1_80' title='bbox 806 1088 863 1137; x_wconf 86' lang='lat' dir='ltr'><strong>et</strong></span> <span class='ocrx_word' id='word_1_81' title='bbox 908 1080 987 1137; x_wconf 91' lang='lat' dir='ltr'><strong>sic</strong></span> <span class='ocrx_word' id='word_1_82' title='bbox 1025 1079 1095 1137; x_wconf 87' lang='lat' dir='ltr'><strong>de</strong></span> <span class='ocrx_word' id='word_1_83' title='bbox 1117 1080 1277 1147; x_wconf 77' lang='lat' dir='ltr'><strong>aliis,</strong></span> <span class='ocrx_word' id='word_1_84' title='bbox 1311 1096 1438 1152; x_wconf 83' lang='lat' dir='ltr'><strong>quae</strong></span> <span class='ocrx_word' id='word_1_85' title='bbox 1467 1081 1717 1153; x_wconf 88' lang='lat' dir='ltr'><strong>partibus</strong></span> <span class='ocrx_word' id='word_1_86' title='bbox 1761 1083 1981 1150; x_wconf 59' lang='lat' dir='ltr'><strong>animas,</strong></span> <span class='ocrx_word' id='word_1_87' title='bbox 2011 1083 2098 1139; x_wconf 86' lang='lat' dir='ltr'><strong>vel</strong></span> <span class='ocrx_word' id='word_1_88' title='bbox 2135 1086 2382 1159; x_wconf 80' lang='lat' dir='ltr'><strong>corporis</strong></span> 
     </span>
     <span class='ocr_line' id='line_1_10' title="bbox 367 1168 2380 1243; baseline 0.001 -16"><span class='ocrx_word' id='word_1_89' title='bbox 367 1169 663 1227; x_wconf 86' lang='lat' dir='ltr'><strong>convenire</strong></span> <span class='ocrx_word' id='word_1_90' title='bbox 685 1177 936 1243; x_wconf 83' lang='lat' dir='ltr'><strong>possunt.</strong></span> <span class='ocrx_word' id='word_1_91' title='bbox 959 1169 1135 1241; x_wconf 88' lang='lat' dir='ltr'><strong>Hujus</strong></span> <span class='ocrx_word' id='word_1_92' title='bbox 1169 1177 1356 1226; x_wconf 84' lang='lat' dir='ltr'><strong>autem</strong></span> <span class='ocrx_word' id='word_1_93' title='bbox 1391 1168 1732 1226; x_wconf 86' lang='lat' dir='ltr'><strong>admirabilis</strong></span> <span class='ocrx_word' id='word_1_94' title='bbox 1752 1171 1976 1227; x_wconf 80' lang='lat' dir='ltr'><strong>unionis</strong></span> <span class='ocrx_word' id='word_1_95' title='bbox 2005 1172 2211 1230; x_wconf 90' lang='lat' dir='ltr'><strong>nullum</strong></span> <span class='ocrx_word' id='word_1_96' title='bbox 2242 1189 2380 1230; x_wconf 88' lang='lat' dir='ltr'><strong>con·</strong></span> 
     </span>
     <span class='ocr_line' id='line_1_11' title="bbox 366 1258 2379 1333; baseline 0.002 -18"><span class='ocrx_word' id='word_1_97' title='bbox 366 1259 679 1316; x_wconf 82' lang='lat' dir='ltr'><strong>venientius</strong></span> <span class='ocrx_word' id='word_1_98' title='bbox 692 1258 1000 1331; x_wconf 84' lang='lat' dir='ltr'><strong>exemplum</strong></span> <span class='ocrx_word' id='word_1_99' title='bbox 1025 1258 1255 1315; x_wconf 87' lang='lat' dir='ltr'><strong>inveniri</strong></span> <span class='ocrx_word' id='word_1_100' title='bbox 1276 1263 1478 1331; x_wconf 87' lang='lat' dir='ltr'><strong>potest,</strong></span> <span class='ocrx_word' id='word_1_101' title='bbox 1497 1274 1665 1333; x_wconf 86' lang='lat' dir='ltr'><strong>quam</strong></span> <span class='ocrx_word' id='word_1_102' title='bbox 1683 1260 1814 1314; x_wconf 90' lang='lat' dir='ltr'><strong>unio</strong></span> <span class='ocrx_word' id='word_1_103' title='bbox 1838 1261 2084 1332; x_wconf 90' lang='lat' dir='ltr'><strong>corporis</strong></span> <span class='ocrx_word' id='word_1_104' title='bbox 2106 1268 2163 1318; x_wconf 89' lang='lat' dir='ltr'><strong>et</strong></span> <span class='ocrx_word' id='word_1_105' title='bbox 2181 1261 2379 1319; x_wconf 81' lang='lat' dir='ltr'><strong>animae</strong></span> 
     </span>
     <span class='ocr_line' id='line_1_12' title="bbox 367 1346 2376 1425; baseline 0.001 -20"><span class='ocrx_word' id='word_1_106' title='bbox 367 1347 675 1407; x_wconf 81' lang='lat' dir='ltr'><strong>rationalis.</strong></span> <span class='ocrx_word' id='word_1_107' title='bbox 704 1348 802 1403; x_wconf 86' lang='lat' dir='ltr'><strong>Est</strong></span> <span class='ocrx_word' id='word_1_108' title='bbox 829 1348 996 1404; x_wconf 85' lang='lat' dir='ltr'><strong>etiarn</strong></span> <span class='ocrx_word' id='word_1_109' title='bbox 1033 1362 1142 1403; x_wconf 91' lang='lat' dir='ltr'><strong>non</strong></span> <span class='ocrx_word' id='word_1_110' title='bbox 1183 1346 1573 1403; x_wconf 84' lang='lat' dir='ltr'><strong>inconveniens</strong></span> <span class='ocrx_word' id='word_1_111' title='bbox 1611 1348 1920 1421; x_wconf 84' lang='lat' dir='ltr'><strong>exemplum</strong></span> <span class='ocrx_word' id='word_1_112' title='bbox 1967 1348 2036 1405; x_wconf 88' lang='lat' dir='ltr'><strong>de</strong></span> <span class='ocrx_word' id='word_1_113' title='bbox 2081 1348 2185 1406; x_wconf 89' lang='lat' dir='ltr'><strong>hoc</strong></span> <span class='ocrx_word' id='word_1_114' title='bbox 2225 1350 2376 1425; x_wconf 83' lang='lat' dir='ltr'><strong>quod</strong></span> 
     </span>
     <span class='ocr_line' id='line_1_13' title="bbox 368 1433 2379 1511; baseline 0 -17"><span class='ocrx_word' id='word_1_115' title='bbox 368 1435 598 1494; x_wconf 83' lang='lat' dir='ltr'><strong>verbum</strong></span> <span class='ocrx_word' id='word_1_116' title='bbox 624 1442 873 1493; x_wconf 89' lang='lat' dir='ltr'><strong>nostrum</strong></span> <span class='ocrx_word' id='word_1_117' title='bbox 896 1436 954 1491; x_wconf 91' lang='lat' dir='ltr'><strong>in</strong></span> <span class='ocrx_word' id='word_1_118' title='bbox 980 1435 1145 1492; x_wconf 87' lang='lat' dir='ltr'><strong>corde</strong></span> <span class='ocrx_word' id='word_1_119' title='bbox 1172 1443 1357 1492; x_wconf 87' lang='lat' dir='ltr'><strong>manet</strong></span> <span class='ocrx_word' id='word_1_120' title='bbox 1386 1433 1786 1503; x_wconf 87' lang='lat' dir='ltr'><strong>absconditum,</strong></span> <span class='ocrx_word' id='word_1_121' title='bbox 1820 1442 1876 1492; x_wconf 92' lang='lat' dir='ltr'><strong>et</strong></span> <span class='ocrx_word' id='word_1_122' title='bbox 1905 1438 2161 1494; x_wconf 77' lang='lat' dir='ltr'>sensibile</span> <span class='ocrx_word' id='word_1_123' title='bbox 2185 1439 2256 1494; x_wconf 86' lang='lat' dir='ltr'><strong>sit</strong></span> <span class='ocrx_word' id='word_1_124' title='bbox 2282 1454 2379 1511; x_wconf 79' lang='lat' dir='ltr'><strong>per</strong></span> 
     </span>
     <span class='ocr_line' id='line_1_14' title="bbox 294 1523 2378 1599; baseline -0 -16"><span class='ocrx_word' id='word_1_125' title='bbox 294 1596 299 1599; x_wconf 21' lang='grc' dir='ltr'>Ι</span> <span class='ocrx_word' id='word_1_126' title='bbox 370 1525 801 1597; x_wconf 76' lang='lat' dir='ltr'>assumptionem</span> <span class='ocrx_word' id='word_1_127' title='bbox 821 1524 975 1580; x_wconf 84' lang='lat' dir='ltr'><strong>vocis</strong></span> <span class='ocrx_word' id='word_1_128' title='bbox 996 1530 1055 1580; x_wconf 91' lang='lat' dir='ltr'><strong>et</strong></span> <span class='ocrx_word' id='word_1_129' title='bbox 1076 1524 1383 1598; x_wconf 69' lang='lat' dir='ltr'><strong>scripturas.</strong></span> <span class='ocrx_word' id='word_1_130' title='bbox 1405 1523 1512 1581; x_wconf 90' lang='lat' dir='ltr'><strong>Sed</strong></span> <span class='ocrx_word' id='word_1_131' title='bbox 1541 1531 1726 1581; x_wconf 88' lang='lat' dir='ltr'><strong>tamen</strong></span> <span class='ocrx_word' id='word_1_132' title='bbox 1751 1524 1872 1581; x_wconf 83' lang='lat' dir='ltr'><strong>haec</strong></span> <span class='ocrx_word' id='word_1_133' title='bbox 1893 1526 2142 1599; x_wconf 86' lang='lat' dir='ltr'><strong>exempla</strong></span> <span class='ocrx_word' id='word_1_134' title='bbox 2173 1541 2203 1581; x_wconf 88' lang='lat' dir='ltr'><strong>a</strong></span> <span class='ocrx_word' id='word_1_135' title='bbox 2233 1542 2378 1598; x_wconf 84' lang='lat' dir='ltr'><strong>prae-</strong></span> 
     </span>
     <span class='ocr_line' id='line_1_15' title="bbox 369 1610 2378 1687; baseline 0.001 -17"><span class='ocrx_word' id='word_1_136' title='bbox 369 1614 525 1670; x_wconf 87' lang='lat' dir='ltr'><strong>dicta</strong></span> <span class='ocrx_word' id='word_1_137' title='bbox 549 1613 767 1670; x_wconf 88' lang='lat' dir='ltr'><strong>unionis</strong></span> <span class='ocrx_word' id='word_1_138' title='bbox 793 1612 1280 1687; x_wconf 75' lang='lat' dir='ltr'><strong>repraesentatione</strong></span> <span class='ocrx_word' id='word_1_139' title='bbox 1307 1610 1592 1681; x_wconf 85' lang='lat' dir='ltr'><strong>deficiunt,</strong></span> <span class='ocrx_word' id='word_1_140' title='bbox 1619 1614 1763 1669; x_wconf 89' lang='lat' dir='ltr'><strong>sicut</strong></span> <span class='ocrx_word' id='word_1_141' title='bbox 1806 1622 1861 1670; x_wconf 85' lang='lat' dir='ltr'><strong>et</strong></span> <span class='ocrx_word' id='word_1_142' title='bbox 1900 1623 2105 1671; x_wconf 83' lang='lat' dir='ltr'><strong>caetera</strong></span> <span class='ocrx_word' id='word_1_143' title='bbox 2127 1616 2378 1687; x_wconf 88' lang='lat' dir='ltr'><strong>exempla</strong></span> 
     </span>
     <span class='ocr_line' id='line_1_16' title="bbox 368 1699 2379 1774; baseline 0 -15"><span class='ocrx_word' id='word_1_144' title='bbox 368 1703 610 1759; x_wconf 86' lang='lat' dir='ltr'><strong>humana</strong></span> <span class='ocrx_word' id='word_1_145' title='bbox 636 1717 671 1758; x_wconf 85' lang='lat' dir='ltr'><strong>a</strong></span> <span class='ocrx_word' id='word_1_146' title='bbox 712 1701 875 1758; x_wconf 87' lang='lat' dir='ltr'><strong>rebus</strong></span> <span class='ocrx_word' id='word_1_147' title='bbox 916 1699 1139 1758; x_wconf 83' lang='lat' dir='ltr'><strong>divinis.</strong></span> <span class='ocrx_word' id='word_1_148' title='bbox 1171 1700 1313 1758; x_wconf 85' lang='lat' dir='ltr'><strong>Nam</strong></span> <span class='ocrx_word' id='word_1_149' title='bbox 1350 1716 1531 1774; x_wconf 86' lang='lat' dir='ltr'><strong>neque</strong></span> <span class='ocrx_word' id='word_1_150' title='bbox 1573 1701 1751 1758; x_wconf 88' lang='lat' dir='ltr'><strong>deitas</strong></span> <span class='ocrx_word' id='word_1_151' title='bbox 1777 1702 1858 1757; x_wconf 90' lang='lat' dir='ltr'><strong>sic</strong></span> <span class='ocrx_word' id='word_1_152' title='bbox 1901 1703 2086 1759; x_wconf 82' lang='lat' dir='ltr'><strong>unitur</strong></span> <span class='ocrx_word' id='word_1_153' title='bbox 2125 1702 2379 1771; x_wconf 79' lang='lat' dir='ltr'><strong>humanae</strong></span> 
     </span>
     <span class='ocr_line' id='line_1_17' title="bbox 369 1788 2378 1864; baseline 0 -16"><span class='ocrx_word' id='word_1_154' title='bbox 369 1797 607 1859; x_wconf 81' lang='lat' dir='ltr'><strong>naturae,</strong></span> <span class='ocrx_word' id='word_1_155' title='bbox 639 1796 703 1847; x_wconf 92' lang='lat' dir='ltr'><strong>ut</strong></span> <span class='ocrx_word' id='word_1_156' title='bbox 736 1790 811 1847; x_wconf 85' lang='lat' dir='ltr'><strong>sit</strong></span> <span class='ocrx_word' id='word_1_157' title='bbox 856 1804 985 1864; x_wconf 86' lang='lat' dir='ltr'><strong>pars</strong></span> <span class='ocrx_word' id='word_1_158' title='bbox 1024 1789 1258 1862; x_wconf 82' lang='lat' dir='ltr'><strong>alicujus</strong></span> <span class='ocrx_word' id='word_1_159' title='bbox 1300 1788 1514 1847; x_wconf 81' lang='lat' dir='ltr'><strong>naturae</strong></span> <span class='ocrx_word' id='word_1_160' title='bbox 1542 1805 1557 1846; x_wconf 70' lang='grc' dir='ltr'>ε</span> <span class='ocrx_word' id='word_1_161' title='bbox 1586 1803 1763 1863; x_wconf 87' lang='lat' dir='ltr'><strong>neque</strong></span> <span class='ocrx_word' id='word_1_162' title='bbox 1805 1791 1886 1847; x_wconf 87' lang='lat' dir='ltr'><strong>sic</strong></span> <span class='ocrx_word' id='word_1_163' title='bbox 1915 1791 2102 1847; x_wconf 89' lang='lat' dir='ltr'><strong>unitur</strong></span> <span class='ocrx_word' id='word_1_164' title='bbox 2122 1791 2378 1849; x_wconf 77' lang='lat' dir='ltr'><strong>humanas</strong></span> 
     </span>
     <span class='ocr_line' id='line_1_18' title="bbox 368 1876 2378 1952; baseline -0 -15"><span class='ocrx_word' id='word_1_165' title='bbox 368 1888 608 1947; x_wconf 66' lang='lat' dir='ltr'><strong>naturae,</strong></span> <span class='ocrx_word' id='word_1_166' title='bbox 634 1886 698 1935; x_wconf 86' lang='lat' dir='ltr'><strong>ut</strong></span> <span class='ocrx_word' id='word_1_167' title='bbox 720 1878 897 1935; x_wconf 87' lang='lat' dir='ltr'><strong>solum</strong></span> <span class='ocrx_word' id='word_1_168' title='bbox 921 1878 1258 1951; x_wconf 83' lang='lat' dir='ltr'><strong>significetur</strong></span> <span class='ocrx_word' id='word_1_169' title='bbox 1282 1894 1383 1952; x_wconf 88' lang='lat' dir='ltr'><strong>per</strong></span> <span class='ocrx_word' id='word_1_170' title='bbox 1404 1893 1548 1946; x_wconf 87' lang='lat' dir='ltr'><strong>eam,</strong></span> <span class='ocrx_word' id='word_1_171' title='bbox 1579 1876 1721 1934; x_wconf 89' lang='lat' dir='ltr'><strong>sicut</strong></span> <span class='ocrx_word' id='word_1_172' title='bbox 1747 1878 1972 1938; x_wconf 87' lang='lat' dir='ltr'><strong>verbum</strong></span> <span class='ocrx_word' id='word_1_173' title='bbox 1994 1880 2178 1936; x_wconf 89' lang='lat' dir='ltr'><strong>cordis</strong></span> <span class='ocrx_word' id='word_1_174' title='bbox 2203 1881 2378 1952; x_wconf 85' lang='lat' dir='ltr'><strong>signi-</strong></span> 
     </span>
     <span class='ocr_line' id='line_1_19' title="bbox 369 1960 2377 2043; baseline 0.001 -18"><span class='ocrx_word' id='word_1_175' title='bbox 369 1970 574 2025; x_wconf 87' lang='lat' dir='ltr'><strong>ficatur</strong></span> <span class='ocrx_word' id='word_1_176' title='bbox 601 1983 699 2040; x_wconf 86' lang='lat' dir='ltr'><strong>per</strong></span> <span class='ocrx_word' id='word_1_177' title='bbox 721 1981 928 2035; x_wconf 85' lang='lat' dir='ltr'><strong>vocem,</strong></span> <span class='ocrx_word' id='word_1_178' title='bbox 954 1975 1052 2024; x_wconf 90' lang='lat' dir='ltr'><strong>aut</strong></span> <span class='ocrx_word' id='word_1_179' title='bbox 1089 1968 1441 2040; x_wconf 86' lang='lat' dir='ltr'><strong>scripturam,</strong></span> <span class='ocrx_word' id='word_1_180' title='bbox 1473 1967 1572 2023; x_wconf 87' lang='lat' dir='ltr'><strong>sed</strong></span> <span class='ocrx_word' id='word_1_181' title='bbox 1609 1965 1752 2022; x_wconf 83' lang='lat' dir='ltr'><strong>sicut</strong></span> <span class='ocrx_word' id='word_1_182' title='bbox 1782 1968 2052 2025; x_wconf 86' lang='lat' dir='ltr'><strong>veraciter</strong></span> <span class='ocrx_word' id='word_1_183' title='bbox 2081 1960 2251 2024; x_wconf 86' lang='lat' dir='ltr'><strong>Filius</strong></span> <span class='ocrx_word' id='word_1_184' title='bbox 2277 1969 2377 2043; x_wconf 82' lang='lat' dir='ltr'><strong>Dei</strong></span> 
     </span>
     <span class='ocr_line' id='line_1_20' title="bbox 367 2054 2378 2131; baseline -0 -16"><span class='ocrx_word' id='word_1_185' title='bbox 367 2058 576 2117; x_wconf 85' lang='lat' dir='ltr'><strong>habeat</strong></span> <span class='ocrx_word' id='word_1_186' title='bbox 603 2064 857 2114; x_wconf 87' lang='lat' dir='ltr'><strong>naturam</strong></span> <span class='ocrx_word' id='word_1_187' title='bbox 880 2056 1191 2125; x_wconf 86' lang='lat' dir='ltr'><strong>humanam,</strong></span> <span class='ocrx_word' id='word_1_188' title='bbox 1213 2062 1271 2114; x_wconf 87' lang='lat' dir='ltr'><strong>et</strong></span> <span class='ocrx_word' id='word_1_189' title='bbox 1297 2054 1460 2113; x_wconf 88' lang='lat' dir='ltr'><strong>homo</strong></span> <span class='ocrx_word' id='word_1_190' title='bbox 1487 2056 1725 2113; x_wconf 85' lang='lat' dir='ltr'><strong>dicatur.</strong></span> <span class='ocrx_word' id='word_1_191' title='bbox 1751 2057 1908 2114; x_wconf 85' lang='lat' dir='ltr'><strong>Patet</strong></span> <span class='ocrx_word' id='word_1_192' title='bbox 1934 2072 2066 2129; x_wconf 84' lang='lat' dir='ltr'><strong>ergo</strong></span> <span class='ocrx_word' id='word_1_193' title='bbox 2095 2058 2241 2131; x_wconf 88' lang='lat' dir='ltr'><strong>quod</strong></span> <span class='ocrx_word' id='word_1_194' title='bbox 2271 2072 2378 2114; x_wconf 91' lang='lat' dir='ltr'><strong>non</strong></span> 
     </span>
     <span class='ocr_line' id='line_1_21' title="bbox 369 2146 2378 2226; baseline 0 -22"><span class='ocrx_word' id='word_1_195' title='bbox 369 2147 607 2205; x_wconf 79' lang='lat' dir='ltr'><strong>dicimus</strong></span> <span class='ocrx_word' id='word_1_196' title='bbox 632 2148 807 2203; x_wconf 88' lang='lat' dir='ltr'><strong>Deum</strong></span> <span class='ocrx_word' id='word_1_197' title='bbox 832 2146 1044 2204; x_wconf 88' lang='lat' dir='ltr'><strong>unitum</strong></span> <span class='ocrx_word' id='word_1_198' title='bbox 1068 2162 1188 2203; x_wconf 88' lang='lat' dir='ltr'><strong>esse</strong></span> <span class='ocrx_word' id='word_1_199' title='bbox 1214 2152 1427 2203; x_wconf 84' lang='lat' dir='ltr'><strong>naturae</strong></span> <span class='ocrx_word' id='word_1_200' title='bbox 1453 2159 1752 2218; x_wconf 71' lang='lat' dir='ltr'><strong>corporeas,</strong></span> <span class='ocrx_word' id='word_1_201' title='bbox 1777 2152 1838 2203; x_wconf 85' lang='lat' dir='ltr'><strong>ut</strong></span> <span class='ocrx_word' id='word_1_202' title='bbox 1867 2146 1940 2226; x_wconf 83' lang='lat' dir='ltr'><strong>sit</strong></span> <span class='ocrx_word' id='word_1_203' title='bbox 1963 2146 2141 2205; x_wconf 86' lang='lat' dir='ltr'><strong>virtus</strong></span> <span class='ocrx_word' id='word_1_204' title='bbox 2169 2148 2225 2203; x_wconf 90' lang='lat' dir='ltr'><strong>in</strong></span> <span class='ocrx_word' id='word_1_205' title='bbox 2249 2163 2378 2205; x_wconf 91' lang='lat' dir='ltr'><strong>cor-</strong></span> 
     </span>
     <span class='ocr_line' id='line_1_22' title="bbox 370 2233 2379 2309; baseline 0.001 -18"><span class='ocrx_word' id='word_1_206' title='bbox 370 2250 509 2309; x_wconf 87' lang='lat' dir='ltr'><strong>pore</strong></span> <span class='ocrx_word' id='word_1_207' title='bbox 548 2234 619 2292; x_wconf 85' lang='lat' dir='ltr'><strong>ad</strong></span> <span class='ocrx_word' id='word_1_208' title='bbox 661 2234 882 2292; x_wconf 84' lang='lat' dir='ltr'><strong>modum</strong></span> <span class='ocrx_word' id='word_1_209' title='bbox 935 2234 1303 2291; x_wconf 72' lang='lat' dir='ltr'><strong>materialium</strong></span> <span class='ocrx_word' id='word_1_210' title='bbox 1351 2233 1720 2309; x_wconf 82' lang='lat' dir='ltr'><strong>corporalium</strong></span> <span class='ocrx_word' id='word_1_211' title='bbox 1769 2235 2058 2303; x_wconf 85' lang='lat' dir='ltr'><strong>virtutum,</strong></span> <span class='ocrx_word' id='word_1_212' title='bbox 2102 2235 2234 2309; x_wconf 86' lang='lat' dir='ltr'><strong>quia</strong></span> <span class='ocrx_word' id='word_1_213' title='bbox 2277 2251 2379 2294; x_wconf 88' lang='lat' dir='ltr'><strong>nec</strong></span> 
     </span>
     <span class='ocr_line' id='line_1_23' title="bbox 374 2322 2378 2397; baseline 0 -15"><span class='ocrx_word' id='word_1_214' title='bbox 374 2322 685 2382; x_wconf 85' lang='lat' dir='ltr'><strong>intellectus</strong></span> <span class='ocrx_word' id='word_1_215' title='bbox 706 2323 907 2381; x_wconf 79' lang='lat' dir='ltr'><strong>animae</strong></span> <span class='ocrx_word' id='word_1_216' title='bbox 940 2323 1157 2397; x_wconf 86' lang='lat' dir='ltr'><strong>corpori</strong></span> <span class='ocrx_word' id='word_1_217' title='bbox 1184 2324 1354 2381; x_wconf 84' lang='lat' dir='ltr'><strong>unitae</strong></span> <span class='ocrx_word' id='word_1_218' title='bbox 1380 2324 1462 2380; x_wconf 89' lang='lat' dir='ltr'><strong>sic</strong></span> <span class='ocrx_word' id='word_1_219' title='bbox 1497 2330 1582 2381; x_wconf 88' lang='lat' dir='ltr'><strong>est</strong></span> <span class='ocrx_word' id='word_1_220' title='bbox 1618 2324 1808 2380; x_wconf 57' lang='lat' dir='ltr'><strong>virtus*</strong></span> <span class='ocrx_word' id='word_1_221' title='bbox 1835 2324 1891 2381; x_wconf 90' lang='lat' dir='ltr'><strong>in</strong></span> <span class='ocrx_word' id='word_1_222' title='bbox 1929 2340 2178 2397; x_wconf 86' lang='lat' dir='ltr'><strong>corpore.</strong></span> <span class='ocrx_word' id='word_1_223' title='bbox 2208 2324 2378 2383; x_wconf 79' lang='lat' dir='ltr'><strong>Multo</strong></span> 
     </span>
     <span class='ocr_line' id='line_1_24' title="bbox 372 2412 2377 2487; baseline 0 -14"><span class='ocrx_word' id='word_1_224' title='bbox 372 2413 556 2473; x_wconf 88' lang='lat' dir='ltr'><strong>minus</strong></span> <span class='ocrx_word' id='word_1_225' title='bbox 572 2429 701 2487; x_wconf 84' lang='lat' dir='ltr'><strong>ergo</strong></span> <span class='ocrx_word' id='word_1_226' title='bbox 725 2414 827 2471; x_wconf 90' lang='lat' dir='ltr'><strong>Dei</strong></span> <span class='ocrx_word' id='word_1_227' title='bbox 853 2412 1095 2471; x_wconf 78' lang='lat' dir='ltr'><strong>Verbum</strong></span> <span class='ocrx_word' id='word_1_228' title='bbox 1113 2413 1261 2487; x_wconf 88' lang='lat' dir='ltr'><strong>quod</strong></span> <span class='ocrx_word' id='word_1_229' title='bbox 1284 2413 1650 2482; x_wconf 81' lang='lat' dir='ltr'><strong>ineffabiliter,</strong></span> <span class='ocrx_word' id='word_1_230' title='bbox 1677 2420 1734 2470; x_wconf 88' lang='lat' dir='ltr'><strong>et</strong></span> <span class='ocrx_word' id='word_1_231' title='bbox 1757 2414 2060 2471; x_wconf 85' lang='lat' dir='ltr'><strong>sublimiori</strong></span> <span class='ocrx_word' id='word_1_232' title='bbox 2083 2415 2244 2472; x_wconf 85' lang='lat' dir='ltr'><strong>m‘odo</strong></span> <span class='ocrx_word' id='word_1_233' title='bbox 2273 2415 2377 2473; x_wconf 88' lang='lat' dir='ltr'><strong>sibi</strong></span> 
     </span>
     <span class='ocr_line' id='line_1_25' title="bbox 371 2502 2374 2578; baseline 0 -17"><span class='ocrx_word' id='word_1_234' title='bbox 371 2510 629 2563; x_wconf 87' lang='lat' dir='ltr'><strong>naturam</strong></span> <span class='ocrx_word' id='word_1_235' title='bbox 655 2503 951 2560; x_wconf 86' lang='lat' dir='ltr'><strong>humanam</strong></span> <span class='ocrx_word' id='word_1_236' title='bbox 991 2502 1307 2576; x_wconf 73' lang='lat' dir='ltr'><strong>assumpsit.</strong></span> <span class='ocrx_word' id='word_1_237' title='bbox 1340 2504 1498 2559; x_wconf 87' lang='lat' dir='ltr'><strong>Patet</strong></span> <span class='ocrx_word' id='word_1_238' title='bbox 1539 2502 1708 2561; x_wconf 84' lang='lat' dir='ltr'><strong>etiam</strong></span> <span class='ocrx_word' id='word_1_239' title='bbox 1741 2505 2040 2560; x_wconf 87' lang='lat' dir='ltr'><strong>secundum</strong></span> <span class='ocrx_word' id='word_1_240' title='bbox 2072 2505 2374 2578; x_wconf 69' lang='lat' dir='ltr'><strong>praemissa,</strong></span> 
     </span>
     <span class='ocr_line' id='line_1_26' title="bbox 370 2590 2377 2667; baseline -0.001 -16"><span class='ocrx_word' id='word_1_241' title='bbox 370 2592 520 2667; x_wconf 86' lang='lat' dir='ltr'><strong>quod</strong></span> <span class='ocrx_word' id='word_1_242' title='bbox 561 2592 732 2650; x_wconf 81' lang='lat' dir='ltr'><strong>Filius</strong></span> <span class='ocrx_word' id='word_1_243' title='bbox 770 2592 871 2649; x_wconf 90' lang='lat' dir='ltr'><strong>Dei</strong></span> <span class='ocrx_word' id='word_1_244' title='bbox 900 2595 957 2649; x_wconf 85' lang='lat' dir='ltr'><strong>et</strong></span> <span class='ocrx_word' id='word_1_245' title='bbox 1003 2591 1246 2648; x_wconf 83' lang='lat' dir='ltr'><strong>divinam</strong></span> <span class='ocrx_word' id='word_1_246' title='bbox 1275 2599 1528 2649; x_wconf 88' lang='lat' dir='ltr'><strong>naturam</strong></span> <span class='ocrx_word' id='word_1_247' title='bbox 1566 2590 1752 2657; x_wconf 80' lang='lat' dir='ltr'><strong>babet,</strong></span> <span class='ocrx_word' id='word_1_248' title='bbox 1785 2600 1842 2649; x_wconf 88' lang='lat' dir='ltr'><strong>et</strong></span> <span class='ocrx_word' id='word_1_249' title='bbox 1865 2592 2180 2662; x_wconf 85' lang='lat' dir='ltr'><strong>humanam,</strong></span> <span class='ocrx_word' id='word_1_250' title='bbox 2215 2609 2377 2651; x_wconf 89' lang='lat' dir='ltr'><strong>unam</strong></span> 
     </span>
     <span class='ocr_line' id='line_1_27' title="bbox 369 2681 2377 2754; baseline -0.002 -14"><span class='ocrx_word' id='word_1_251' title='bbox 369 2682 445 2740; x_wconf 86' lang='lat' dir='ltr'><strong>ab</strong></span> <span class='ocrx_word' id='word_1_252' title='bbox 471 2687 700 2750; x_wconf 82' lang='lat' dir='ltr'><strong>aeterno,</strong></span> <span class='ocrx_word' id='word_1_253' title='bbox 731 2681 896 2739; x_wconf 86' lang='lat' dir='ltr'><strong>aliam</strong></span> <span class='ocrx_word' id='word_1_254' title='bbox 922 2696 991 2737; x_wconf 86' lang='lat' dir='ltr'><strong>ex</strong></span> <span class='ocrx_word' id='word_1_255' title='bbox 1014 2686 1259 2754; x_wconf 87' lang='lat' dir='ltr'><strong>tempore</strong></span> <span class='ocrx_word' id='word_1_256' title='bbox 1286 2696 1382 2754; x_wconf 88' lang='lat' dir='ltr'><strong>per</strong></span> <span class='ocrx_word' id='word_1_257' title='bbox 1408 2681 1859 2753; x_wconf 80' lang='lat' dir='ltr'><strong>assumptionem.</strong></span> <span class='ocrx_word' id='word_1_258' title='bbox 1885 2681 2164 2753; x_wconf 77' lang='lat' dir='ltr'><strong>Contingit</strong></span> <span class='ocrx_word' id='word_1_259' title='bbox 2193 2690 2377 2739; x_wconf 86' lang='lat' dir='ltr'><strong>autem</strong></span> 
     </span>
     <span class='ocr_line' id='line_1_28' title="bbox 369 2767 2374 2843; baseline -0.001 -15"><span class='ocrx_word' id='word_1_260' title='bbox 369 2771 449 2829; x_wconf 87' lang='lat' dir='ltr'><strong>ab</strong></span> <span class='ocrx_word' id='word_1_261' title='bbox 466 2768 661 2826; x_wconf 88' lang='lat' dir='ltr'><strong>eodem</strong></span> <span class='ocrx_word' id='word_1_262' title='bbox 684 2769 838 2841; x_wconf 87' lang='lat' dir='ltr'><strong>plura</strong></span> <span class='ocrx_word' id='word_1_263' title='bbox 859 2767 1051 2827; x_wconf 87' lang='lat' dir='ltr'><strong>haberi</strong></span> <span class='ocrx_word' id='word_1_264' title='bbox 1070 2768 1369 2826; x_wconf 87' lang='lat' dir='ltr'><strong>secundum</strong></span> <span class='ocrx_word' id='word_1_265' title='bbox 1392 2768 1640 2825; x_wconf 87' lang='lat' dir='ltr'><strong>diversos</strong></span> <span class='ocrx_word' id='word_1_266' title='bbox 1662 2768 1872 2836; x_wconf 79' lang='lat' dir='ltr'><strong>modOS,</strong></span> <span class='ocrx_word' id='word_1_267' title='bbox 1893 2768 1950 2825; x_wconf 91' lang='lat' dir='ltr'><strong>in</strong></span> <span class='ocrx_word' id='word_1_268' title='bbox 1974 2769 2174 2843; x_wconf 87' lang='lat' dir='ltr'><strong>quibus</strong></span> <span class='ocrx_word' id='word_1_269' title='bbox 2192 2777 2374 2826; x_wconf 81' lang='lat' dir='ltr'><strong>tamen</strong></span> 
     </span>
     <span class='ocr_line' id='line_1_29' title="bbox 370 2856 2376 2933; baseline -0.002 -16"><span class='ocrx_word' id='word_1_270' title='bbox 370 2858 634 2917; x_wconf 89' lang='lat' dir='ltr'><strong>omnibus</strong></span> <span class='ocrx_word' id='word_1_271' title='bbox 676 2874 889 2932; x_wconf 86' lang='lat' dir='ltr'><strong>semper</strong></span> <span class='ocrx_word' id='word_1_272' title='bbox 924 2858 1072 2933; x_wconf 88' lang='lat' dir='ltr'><strong>quod</strong></span> <span class='ocrx_word' id='word_1_273' title='bbox 1116 2864 1201 2915; x_wconf 87' lang='lat' dir='ltr'><strong>est</strong></span> <span class='ocrx_word' id='word_1_274' title='bbox 1244 2856 1619 2931; x_wconf 80' lang='lat' dir='ltr'><strong>principalius,</strong></span> <span class='ocrx_word' id='word_1_275' title='bbox 1668 2856 1870 2912; x_wconf 87' lang='lat' dir='ltr'><strong>habere</strong></span> <span class='ocrx_word' id='word_1_276' title='bbox 1915 2856 2118 2913; x_wconf 80' lang='lat' dir='ltr'><strong>dicitur</strong></span> <span class='ocrx_word' id='word_1_277' title='bbox 2162 2874 2176 2911; x_wconf 91' lang='lat'><strong>:</strong></span> <span class='ocrx_word' id='word_1_278' title='bbox 2231 2859 2376 2931; x_wconf 90' lang='lat' dir='ltr'><strong>quod</strong></span> 
     </span>
     <span class='ocr_line' id='line_1_30' title="bbox 371 2942 2374 3019; baseline -0.002 -14"><span class='ocrx_word' id='word_1_279' title='bbox 371 2954 562 3005; x_wconf 84' lang='lat' dir='ltr'><strong>autem</strong></span> <span class='ocrx_word' id='word_1_280' title='bbox 586 2946 765 3003; x_wconf 86' lang='lat' dir='ltr'><strong>minus</strong></span> <span class='ocrx_word' id='word_1_281' title='bbox 784 2945 1103 3019; x_wconf 82' lang='lat' dir='ltr'><strong>principale,</strong></span> <span class='ocrx_word' id='word_1_282' title='bbox 1125 2944 1334 3001; x_wconf 89' lang='lat' dir='ltr'><strong>haberi.</strong></span> <span class='ocrx_word' id='word_1_283' title='bbox 1365 2943 1544 3000; x_wconf 85' lang='lat' dir='ltr'><strong>Habet</strong></span> <span class='ocrx_word' id='word_1_284' title='bbox 1571 2943 1716 2999; x_wconf 88' lang='lat' dir='ltr'><strong>enim</strong></span> <span class='ocrx_word' id='word_1_285' title='bbox 1745 2950 1922 3000; x_wconf 87' lang='lat' dir='ltr'><strong>toturn</strong></span> <span class='ocrx_word' id='word_1_286' title='bbox 1944 2942 2145 2999; x_wconf 89' lang='lat' dir='ltr'><strong>multas</strong></span> <span class='ocrx_word' id='word_1_287' title='bbox 2171 2954 2374 3017; x_wconf 85' lang='lat' dir='ltr'><strong>partes,</strong></span> 
     </span>
     <span class='ocr_line' id='line_1_31' title="bbox 374 3030 2377 3108; baseline -0.002 -15"><span class='ocrx_word' id='word_1_288' title='bbox 374 3044 437 3093; x_wconf 89' lang='lat' dir='ltr'><strong>ut</strong></span> <span class='ocrx_word' id='word_1_289' title='bbox 464 3032 628 3093; x_wconf 88' lang='lat' dir='ltr'><strong>homo</strong></span> <span class='ocrx_word' id='word_1_290' title='bbox 668 3050 865 3093; x_wconf 86' lang='lat' dir='ltr'><strong>manus</strong></span> <span class='ocrx_word' id='word_1_291' title='bbox 885 3040 943 3091; x_wconf 89' lang='lat' dir='ltr'><strong>et</strong></span> <span class='ocrx_word' id='word_1_292' title='bbox 986 3034 1174 3108; x_wconf 86' lang='lat' dir='ltr'><strong>pedes.</strong></span> <span class='ocrx_word' id='word_1_293' title='bbox 1216 3034 1340 3091; x_wconf 89' lang='lat' dir='ltr'><strong>Non</strong></span> <span class='ocrx_word' id='word_1_294' title='bbox 1379 3040 1568 3091; x_wconf 90' lang='lat' dir='ltr'><strong>autem</strong></span> <span class='ocrx_word' id='word_1_295' title='bbox 1600 3030 1834 3088; x_wconf 88' lang='lat' dir='ltr'><strong>dicimus</strong></span> <span class='ocrx_word' id='word_1_296' title='bbox 1861 3047 1894 3087; x_wconf 86' lang='lat' dir='ltr'><strong>e</strong></span> <span class='ocrx_word' id='word_1_297' title='bbox 1917 3046 2200 3099; x_wconf 87' lang='lat' dir='ltr'><strong>converso,</strong></span> <span class='ocrx_word' id='word_1_298' title='bbox 2233 3033 2377 3106; x_wconf 89' lang='lat' dir='ltr'><strong>quod</strong></span> 
     </span>
     <span class='ocr_line' id='line_1_32' title="bbox 373 3120 2377 3196; baseline -0.002 -15"><span class='ocrx_word' id='word_1_299' title='bbox 373 3140 574 3181; x_wconf 88' lang='lat' dir='ltr'><strong>manus</strong></span> <span class='ocrx_word' id='word_1_300' title='bbox 600 3123 687 3181; x_wconf 83' lang='lat' dir='ltr'><strong>vel</strong></span> <span class='ocrx_word' id='word_1_301' title='bbox 709 3124 877 3196; x_wconf 84' lang='lat' dir='ltr'><strong>pedes</strong></span> <span class='ocrx_word' id='word_1_302' title='bbox 902 3122 1142 3181; x_wconf 86' lang='lat' dir='ltr'><strong>habeant</strong></span> <span class='ocrx_word' id='word_1_303' title='bbox 1164 3122 1462 3178; x_wconf 85' lang='lat' dir='ltr'><strong>bominem.</strong></span> <span class='ocrx_word' id='word_1_304' title='bbox 1481 3121 1659 3182; x_wconf 80' lang='lat' dir='ltr'><strong>Habet</strong></span> <span class='ocrx_word' id='word_1_305' title='bbox 1683 3121 1851 3177; x_wconf 86' lang='lat' dir='ltr'><strong>etiam</strong></span> <span class='ocrx_word' id='word_1_306' title='bbox 1879 3134 2043 3177; x_wconf 89' lang='lat' dir='ltr'><strong>unum</strong></span> <span class='ocrx_word' id='word_1_307' title='bbox 2071 3120 2377 3193; x_wconf 85' lang='lat' dir='ltr'><strong>subjectum</strong></span> 
     </span>
     <span class='ocr_line' id='line_1_33' title="bbox 369 3206 2377 3282; baseline -0.001 -15"><span class='ocrx_word' id='word_1_308' title='bbox 369 3210 549 3267; x_wconf 85' lang='lat' dir='ltr'><strong>multa</strong></span> <span class='ocrx_word' id='word_1_309' title='bbox 578 3210 904 3277; x_wconf 82' lang='lat' dir='ltr'><strong>accidentia,</strong></span> <span class='ocrx_word' id='word_1_310' title='bbox 944 3208 1087 3267; x_wconf 83' lang='lat' dir='ltr'><strong>sicut</strong></span> <span class='ocrx_word' id='word_1_311' title='bbox 1128 3224 1348 3282; x_wconf 87' lang='lat' dir='ltr'><strong>pomum</strong></span> <span class='ocrx_word' id='word_1_312' title='bbox 1391 3208 1632 3265; x_wconf 86' lang='lat' dir='ltr'><strong>colorem</strong></span> <span class='ocrx_word' id='word_1_313' title='bbox 1676 3206 1999 3275; x_wconf 87' lang='lat' dir='ltr'><strong>etodorem,</strong></span> <span class='ocrx_word' id='word_1_314' title='bbox 2027 3223 2130 3263; x_wconf 92' lang='lat' dir='ltr'><strong>non</strong></span> <span class='ocrx_word' id='word_1_315' title='bbox 2178 3225 2209 3264; x_wconf 92' lang='lat' dir='ltr'><strong>e</strong></span> <span class='ocrx_word' id='word_1_316' title='bbox 2242 3224 2377 3265; x_wconf 87' lang='lat' dir='ltr'><strong>con-</strong></span> 
     </span>
     <span class='ocr_line' id='line_1_34' title="bbox 369 3295 2377 3371; baseline -0.001 -16"><span class='ocrx_word' id='word_1_317' title='bbox 369 3314 555 3356; x_wconf 86' lang='lat' dir='ltr'><strong>verso.</strong></span> <span class='ocrx_word' id='word_1_318' title='bbox 586 3299 763 3355; x_wconf 87' lang='lat' dir='ltr'><strong>Habet</strong></span> <span class='ocrx_word' id='word_1_319' title='bbox 786 3299 955 3355; x_wconf 86' lang='lat' dir='ltr'><strong>etiam</strong></span> <span class='ocrx_word' id='word_1_320' title='bbox 996 3298 1155 3354; x_wconf 88' lang='lat' dir='ltr'><strong>bomo</strong></span> <span class='ocrx_word' id='word_1_321' title='bbox 1188 3297 1373 3371; x_wconf 83' lang='lat' dir='ltr'><strong>aliqua</strong></span> <span class='ocrx_word' id='word_1_322' title='bbox 1409 3297 1702 3365; x_wconf 86' lang='lat' dir='ltr'><strong>exteriora,</strong></span> <span class='ocrx_word' id='word_1_323' title='bbox 1734 3295 1876 3352; x_wconf 88' lang='lat' dir='ltr'><strong>sicut</strong></span> <span class='ocrx_word' id='word_1_324' title='bbox 1914 3298 2285 3370; x_wconf 74' lang='lat' dir='ltr'><strong>possessiones</strong></span> <span class='ocrx_word' id='word_1_325' title='bbox 2321 3309 2377 3353; x_wconf 65' lang='lat' dir='ltr'><strong>tu</strong></span> 
     </span>
     <span class='ocr_line' id='line_1_35' title="bbox 369 3384 2377 3458; baseline -0.002 -13"><span class='ocrx_word' id='word_1_326' title='bbox 369 3394 578 3455; x_wconf 77' lang='lat' dir='ltr'><strong>vesteS,</strong></span> <span class='ocrx_word' id='word_1_327' title='bbox 606 3404 713 3443; x_wconf 90' lang='lat' dir='ltr'><strong>non</strong></span> <span class='ocrx_word' id='word_1_328' title='bbox 739 3404 771 3443; x_wconf 90' lang='lat' dir='ltr'><strong>e</strong></span> <span class='ocrx_word' id='word_1_329' title='bbox 795 3401 1078 3445; x_wconf 84' lang='lat' dir='ltr'><strong>converso.</strong></span> <span class='ocrx_word' id='word_1_330' title='bbox 1110 3388 1171 3444; x_wconf 83' lang='lat' dir='ltr'><strong>ln</strong></span> <span class='ocrx_word' id='word_1_331' title='bbox 1199 3387 1329 3444; x_wconf 86' lang='lat' dir='ltr'><strong>solis</strong></span> <span class='ocrx_word' id='word_1_332' title='bbox 1371 3392 1556 3445; x_wconf 87' lang='lat' dir='ltr'><strong>autem</strong></span> <span class='ocrx_word' id='word_1_333' title='bbox 1585 3386 1693 3443; x_wconf 87' lang='lat' dir='ltr'><strong>illis</strong></span> <span class='ocrx_word' id='word_1_334' title='bbox 1734 3384 1878 3458; x_wconf 86' lang='lat' dir='ltr'><strong>quod</strong></span> <span class='ocrx_word' id='word_1_335' title='bbox 1904 3392 2030 3442; x_wconf 91' lang='lat' dir='ltr'><strong>sunt</strong></span> <span class='ocrx_word' id='word_1_336' title='bbox 2058 3389 2377 3458; x_wconf 64' lang='lat' dir='ltr'><strong>partes-all*</strong></span> 
     </span>
     <span class='ocr_line' id='line_1_36' title="bbox 368 3473 2373 3550; baseline -0.002 -17"><span class='ocrx_word' id='word_1_337' title='bbox 368 3478 534 3550; x_wconf 79' lang='lat' dir='ltr'><strong>cujus</strong></span> <span class='ocrx_word' id='word_1_338' title='bbox 562 3476 724 3533; x_wconf 87' lang='lat' dir='ltr'><strong>unius</strong></span> <span class='ocrx_word' id='word_1_339' title='bbox 738 3476 1076 3543; x_wconf 86' lang='lat' dir='ltr'><strong>essentiales,</strong></span> <span class='ocrx_word' id='word_1_340' title='bbox 1100 3475 1395 3550; x_wconf 88' lang='lat' dir='ltr'><strong>aliquando</strong></span> <span class='ocrx_word' id='word_1_341' title='bbox 1416 3474 1624 3549; x_wconf 86' lang='lat' dir='ltr'><strong>aliquid</strong></span> <span class='ocrx_word' id='word_1_342' title='bbox 1649 3475 1851 3533; x_wconf 86' lang='lat' dir='ltr'><strong>dicitur</strong></span> <span class='ocrx_word' id='word_1_343' title='bbox 1877 3473 2077 3531; x_wconf 87' lang='lat' dir='ltr'><strong>habere</strong></span> <span class='ocrx_word' id='word_1_344' title='bbox 2091 3480 2148 3529; x_wconf 88' lang='lat' dir='ltr'><strong>et</strong></span> <span class='ocrx_word' id='word_1_345' title='bbox 2165 3473 2373 3537; x_wconf 71' lang='lat' dir='ltr'><strong>haberi,</strong></span> 
     </span>
     <span class='ocr_line' id='line_1_37' title="bbox 366 3564 2377 3639; baseline -0.002 -18"><span class='ocrx_word' id='word_1_346' title='bbox 366 3574 435 3623; x_wconf 88' lang='lat' dir='ltr'><strong>ut</strong></span> <span class='ocrx_word' id='word_1_347' title='bbox 461 3565 648 3623; x_wconf 87' lang='lat' dir='ltr'><strong>anima</strong></span> <span class='ocrx_word' id='word_1_348' title='bbox 670 3580 890 3639; x_wconf 88' lang='lat' dir='ltr'><strong>corpus,</strong></span> <span class='ocrx_word' id='word_1_349' title='bbox 920 3571 978 3622; x_wconf 91' lang='lat' dir='ltr'><strong>et</strong></span> <span class='ocrx_word' id='word_1_350' title='bbox 1004 3580 1203 3639; x_wconf 86' lang='lat' dir='ltr'><strong>corpus</strong></span> <span class='ocrx_word' id='word_1_351' title='bbox 1242 3564 1502 3621; x_wconf 89' lang='lat' dir='ltr'><strong>animam.</strong></span> <span class='ocrx_word' id='word_1_352' title='bbox 1534 3564 1604 3621; x_wconf 90' lang='lat' dir='ltr'><strong>Et</strong></span> <span class='ocrx_word' id='word_1_353' title='bbox 1630 3564 1884 3621; x_wconf 87' lang='lat' dir='ltr'><strong>similiter</strong></span> <span class='ocrx_word' id='word_1_354' title='bbox 1909 3564 1967 3619; x_wconf 91' lang='lat' dir='ltr'><strong>in</strong></span> <span class='ocrx_word' id='word_1_355' title='bbox 1999 3569 2265 3637; x_wconf 87' lang='lat' dir='ltr'><strong>quantum</strong></span> <span class='ocrx_word' id='word_1_356' title='bbox 2297 3565 2377 3617; x_wconf 62' lang='lat' dir='ltr'><strong>vir</strong></span> 
     </span>
     <span class='ocr_line' id='line_1_38' title="bbox 300 3652 2373 3726; baseline -0.002 -15"><span class='ocrx_word' id='word_1_357' title='bbox 300 3670 316 3680; x_wconf 79' lang='lat'><strong>‘</strong></span> <span class='ocrx_word' id='word_1_358' title='bbox 366 3659 429 3712; x_wconf 83' lang='lat' dir='ltr'><strong>et</strong></span> <span class='ocrx_word' id='word_1_359' title='bbox 456 3669 594 3711; x_wconf 85' lang='lat' dir='ltr'><strong>uxor</strong></span> <span class='ocrx_word' id='word_1_360' title='bbox 630 3652 688 3711; x_wconf 91' lang='lat' dir='ltr'><strong>in</strong></span> <span class='ocrx_word' id='word_1_361' title='bbox 715 3654 1067 3712; x_wconf 88' lang='lat' dir='ltr'><strong>matrimonio</strong></span> <span class='ocrx_word' id='word_1_362' title='bbox 1094 3655 1517 3726; x_wconf 81' lang='lat' dir='ltr'><strong>conjunguntur,</strong></span> <span class='ocrx_word' id='word_1_363' title='bbox 1553 3652 1756 3710; x_wconf 88' lang='lat' dir='ltr'><strong>dicitnr</strong></span> <span class='ocrx_word' id='word_1_364' title='bbox 1783 3654 1866 3710; x_wconf 85' lang='lat' dir='ltr'><strong>vir</strong></span> <span class='ocrx_word' id='word_1_365' title='bbox 1899 3652 2101 3708; x_wconf 82' lang='lat' dir='ltr'><strong>habere</strong></span> <span class='ocrx_word' id='word_1_366' title='bbox 2133 3666 2373 3717; x_wconf 71' lang='lat' dir='ltr'><strong>uxorem,</strong></span> 
     </span>
     <span class='ocr_line' id='line_1_39' title="bbox 366 3741 2375 3817; baseline -0.003 -18"><span class='ocrx_word' id='word_1_367' title='bbox 366 3751 428 3799; x_wconf 85' lang='lat' dir='ltr'><strong>et</strong></span> <span class='ocrx_word' id='word_1_368' title='bbox 456 3759 594 3801; x_wconf 82' lang='lat' dir='ltr'><strong>uxor</strong></span> <span class='ocrx_word' id='word_1_369' title='bbox 616 3743 817 3802; x_wconf 84' lang='lat' dir='ltr'><strong>virum.</strong></span> <span class='ocrx_word' id='word_1_370' title='bbox 855 3744 926 3803; x_wconf 89' lang='lat' dir='ltr'><strong>Et</strong></span> <span class='ocrx_word' id='word_1_371' title='bbox 951 3742 1204 3803; x_wconf 87' lang='lat' dir='ltr'><strong>similiter</strong></span> <span class='ocrx_word' id='word_1_372' title='bbox 1244 3743 1302 3799; x_wconf 90' lang='lat' dir='ltr'><strong>in</strong></span> <span class='ocrx_word' id='word_1_373' title='bbox 1346 3741 1433 3799; x_wconf 86' lang='lat' dir='ltr'><strong>his</strong></span> <span class='ocrx_word' id='word_1_374' title='bbox 1477 3758 1603 3816; x_wconf 84' lang='lat' dir='ltr'><strong>qnae</strong></span> <span class='ocrx_word' id='word_1_375' title='bbox 1629 3759 1729 3817; x_wconf 84' lang='lat' dir='ltr'><strong>per</strong></span> <span class='ocrx_word' id='word_1_376' title='bbox 1765 3741 2086 3799; x_wconf 87' lang='lat' dir='ltr'><strong>relationem</strong></span> <span class='ocrx_word' id='word_1_377' title='bbox 2119 3741 2375 3797; x_wconf 70' lang='lat' dir='ltr'><strong>uniuntur</strong></span> 
     </span>
     <span class='ocr_line' id='line_1_40' title="bbox 363 3829 2377 3908; baseline -0.003 -17"><span class='ocrx_word' id='word_1_378' title='bbox 363 3835 520 3891; x_wconf 83' lang='lat' dir='ltr'><strong>sicut</strong></span> <span class='ocrx_word' id='word_1_379' title='bbox 546 3832 804 3902; x_wconf 88' lang='lat' dir='ltr'><strong>dicimus,</strong></span> <span class='ocrx_word' id='word_1_380' title='bbox 836 3834 987 3908; x_wconf 88' lang='lat' dir='ltr'><strong>quod</strong></span> <span class='ocrx_word' id='word_1_381' title='bbox 1021 3840 1183 3907; x_wconf 85' lang='lat' dir='ltr'><strong>pater</strong></span> <span class='ocrx_word' id='word_1_382' title='bbox 1215 3829 1381 3889; x_wconf 87' lang='lat' dir='ltr'><strong>babet</strong></span> <span class='ocrx_word' id='word_1_383' title='bbox 1411 3830 1604 3899; x_wconf 85' lang='lat' dir='ltr'><strong>filium,</strong></span> <span class='ocrx_word' id='word_1_384' title='bbox 1635 3839 1693 3888; x_wconf 88' lang='lat' dir='ltr'><strong>et</strong></span> <span class='ocrx_word' id='word_1_385' title='bbox 1718 3831 1860 3887; x_wconf 81' lang='lat' dir='ltr'><strong>filius</strong></span> <span class='ocrx_word' id='word_1_386' title='bbox 1886 3837 2121 3903; x_wconf 85' lang='lat' dir='ltr'><strong>patrem.</strong></span> <span class='ocrx_word' id='word_1_387' title='bbox 2155 3829 2213 3887; x_wconf 81' lang='lat' dir='ltr'><strong>Si</strong></span> <span class='ocrx_word' id='word_1_388' title='bbox 2249 3845 2377 3901; x_wconf 68' lang='lat' dir='ltr'><strong>ergo</strong></span> 
     </span>
     <span class='ocr_line' id='line_1_41' title="bbox 364 3917 2377 3992; baseline -0.003 -12"><span class='ocrx_word' id='word_1_389' title='bbox 364 3923 454 3980; x_wconf 88' lang='lat' dir='ltr'><strong>sic</strong></span> <span class='ocrx_word' id='word_1_390' title='bbox 479 3922 733 3981; x_wconf 87' lang='lat' dir='ltr'><strong>uniretur</strong></span> <span class='ocrx_word' id='word_1_391' title='bbox 759 3922 910 3981; x_wconf 90' lang='lat' dir='ltr'><strong>Deus</strong></span> <span class='ocrx_word' id='word_1_392' title='bbox 934 3921 1191 3981; x_wconf 84' lang='lat' dir='ltr'><strong>humanae</strong></span> <span class='ocrx_word' id='word_1_393' title='bbox 1217 3930 1431 3982; x_wconf 80' lang='lat' dir='ltr'><strong>naturae</strong></span> <span class='ocrx_word' id='word_1_394' title='bbox 1461 3921 1605 3979; x_wconf 88' lang='lat' dir='ltr'><strong>sicut</strong></span> <span class='ocrx_word' id='word_1_395' title='bbox 1638 3920 1819 3977; x_wconf 85' lang='lat' dir='ltr'><strong>anima</strong></span> <span class='ocrx_word' id='word_1_396' title='bbox 1843 3919 2078 3992; x_wconf 83' lang='lat' dir='ltr'><strong>corpori,</strong></span> <span class='ocrx_word' id='word_1_397' title='bbox 2111 3924 2174 3976; x_wconf 84' lang='lat' dir='ltr'><strong>ut</strong></span> <span class='ocrx_word' id='word_1_398' title='bbox 2200 3933 2265 3976; x_wconf 74' lang='lat' dir='ltr'><strong>ex</strong></span> <span class='ocrx_word' id='word_1_399' title='bbox 2293 3917 2377 3973; x_wconf 74' lang='lat' dir='ltr'><strong>his</strong></span> 
     </span>
    </p>
   </div>
  </div>
 </body>
</html>
