2850 4517
461 314 548 383 ‘to
942 328 997 376 ε.
1039 325 1274 372 'monz
1314 322 1641 375 Αουιιιιιτιε
1680 311 1992 369 ornacum

1173 550 1458 660 cAPUT
1526 549 1760 621 CXIV.

625 680 644 689 ³
661 706 828 785 Quid
855 702 1090 770 nomine
1115 701 1273 778 boni,
1301 700 1395 766 vel
1419 700 1574 765 mali
1597 699 1977 784 intelliqitur
1998 698 2067 765 in
2090 699 2286 766 rebus.

538 853 636 911 Est
671 852 843 925 igitur
883 850 976 909 hic
1011 846 1671 921 considerandum„quod
1700 845 1843 905 sicut
1867 847 2087 905 nomine
2111 844 2240 904 boni
2268 846 2491 905 intelli-

428 954 434 959 ·
468 944 615 1015 gitur
638 957 758 1003 esse
781 938 1107 1014 perfectum,
1126 938 1204 995 ita
1228 936 1447 993 nomine
1470 934 1602 993 mali
1626 936 1759 991 nihil
1785 935 1933 993 aliud
1960 934 2285 1008 intelligitur
2312 951 2489 1010 quam

470 1032 707 1104 privatio
731 1045 850 1086 εεεε
875 1027 1124 1101 perfecti.
1150 1025 1291 1097 Quia
1319 1040 1451 1082 vero
1474 1025 1709 1099 privatio
1735 1024 1953 1099 proprie
1986 1033 2215 1098 accepta
2247 1031 2333 1082 εει
2355 1028 2493 1099 eju&

471 1120 616 1193 quod
663 1126 854 1175 natum
890 1123 994 1184 est,
1026 1123 1084 1173 et
1124 1116 1346 1189 quando
1380 1120 1570 1172 natum
1612 1120 1729 1185 εει,
1759 1120 1815 1170 ει
1851 1114 2125 1188 quomodo
2165 1119 2356 1171 natum
2397 1126 2485 1174 est

470 1206 678 1273 haberi,
708 1204 1057 1262 manifestum
1083 1209 1183 1271 eat,
1214 1204 1359 1278 quod
1391 1220 1461 1261 ex
1485 1202 1589 1260 hoc
1618 1202 1827 1277 aliquid
1849 1202 2054 1259 dicitur
2077 1202 2299 1271 malum,
2333 1204 2483 1277 quod

471 1304 624 1353 caret
653 1292 988 1395 perfectione
1014 1310 1179 1366 quam
1205 1290 1368 1350 debet
1391 1292 1615 1376 habere.
1637 1291 1793 1349 Unde
1820 1292 1983 1349 homo
2023 1291 2070 1348 εἰ
2116 1292 2231 1349 visu
2269 1299 2479 1359 careat,

472 1384 676 1440 malum
704 1391 787 1440 est
815 1382 885 1451 ei,
917 1396 1022 1437 non
1053 1391 1238 1440 autem
1285 1381 1491 1439 malum
1520 1387 1603 1439 εει
1648 1380 1839 1454 lapidi,
1867 1381 1999 1455 quia
2043 1395 2151 1437 non
2196 1387 2281 1436 est
2320 1388 2484 1440 natus

475 1472 654 1531 visum
676 1470 903 1546 habere.-

1209 1668 1494 1742 CAPUT
1539 1668 1742 1737 CXV.

627 1818 804 1897 Quod
826 1818 1192 1901 impossibile
1213 1823 1301 1883 est
1324 1835 1449 1884 osso
1469 1817 1745 1899 aliquam
1765 1820 2055 1882 naturam
2084 1817 2332 1882 malum.

543 1962 883 2037 Impossibile
903 1972 987 2021 est
1015 1949 1202 2021 autem
1225 1963 1431 2021 malum
1454 1950 1575 2021 esse
1600 1960 1845 2037 aliquam
1862 1969 2137 2019 naturam.
2154 1962 2295 2019 Nam
2310 1960 2487 2019 omnis

477 2060 674 2110 natura
701 2052 786 2109 vel
818 2060 904 2111 εει
931 2060 1109 2123 actus,
1153 2053 1239 2110 vel
1280 2052 1549 2127 potentia,
1581 2058 1677 2108 aut
1716 2050 2080 2123 compositum
2126 2067 2194 2107 ex
2230 2057 2486 2125 utroque.

477 2140 632 2212 Quod
680 2150 864 2198 autem
907 2148 993 2197 est
1033 2150 1210 2209 actua,
1239 2139 1505 2213 perfectio
1554 2144 1657 2206 εει,
1685 2144 1743 2195 ει
1779 2138 1906 2195 boni
1943 2138 2153 2197 obtinet
2194 2140 2483 2207 rationem,

477 2246 602 2285 curn
627 2228 682 2283 id
710 2229 857 2303 quod
887 2228 1054 2285 estin
1090 2228 1356 2303 potentia,
1387 2228 1612 2301 appetat
1654 2227 1978 2304 naturaliter
2012 2245 2133 2285 esse
2178 2234 2307 2287 actu
2338 2246 2353 2284 ι
2387 2228 2492 2286 bo-

479 2333 608 2373 num
633 2332 760 2373 vero
788 2324 870 2373 est
900 2316 1047 2391 quod
1073 2316 1255 2372 omnia
1291 2322 1577 2390 appetunt.
1604 2316 1760 2373 Unde
1790 2325 1845 2373 et
1876 2318 2241 2391 compositum
2268 2334 2335 2375 ex
2361 2326 2487 2377 actu

478 2413 533 2461 et
557 2404 821 2477 potentia,
854 2405 910 2461 in
947 2409 1216 2479 quantum
1245 2403 1545 2478 participat
1584 2411 1788 2473 actum,
1820 2406 2119 2479 participat
2160 2407 2501 2465 bonitatem·

479 2494 728 2550 Potentia
754 2501 938 2550 autem
962 2493 1311 2566 inquantum
1339 2493 1625 2551 ordinatur
1649 2495 1718 2551 ad
1744 2499 1947 2562 actum,
1974 2495 2277 2555 bonitatem
2301 2496 2485 2564 habet,

479 2582 635 2654 cujus
658 2580 886 2653 signum·
903 2587 1005 2649 est,
1030 2581 1176 2655 quod
1206 2589 1412 2656 quanto
1438 2582 1683 2655 potentia
1703 2591 1787 2640 est
1814 2585 2072 2657 capacior
2097 2593 2254 2644 actus
2281 2591 2339 2643 ει
2360 2602 2491 2661 per-

481 2668 749 2737 fectioniS,
799 2678 952 2736 lanto
993 2666 1171 2743 magis
1221 2671 1658 2730 commendatur.
1704 2672 2056 2747 Relinquitur
2104 2674 2295 2747 igitur,
2342 2675 2489 2749 quod

481 2756 629 2815 nulla
657 2766 853 2816 natura
882 2759 1184 2818 secundum
1211 2776 1272 2817 se
1297 2761 1371 2817 sit
1398 2761 1622 2819 malurn.
1650 2761 1809 2831 Item,
1832 2764 2264 2838 unumquodque
2288 2780 2493 2821 secun-

479 2846 609 2904 dum
637 2846 739 2905 hoc
765 2849 1090 2924 completur,
1119 2850 1264 2925 quod
1295 2850 1357 2907 fit
1387 2852 1441 2907 in
1473 2859 1621 2919 actu,
1646 2868 1773 2909 nam
1798 2859 1955 2908 actus
1978 2858 2063 2908 est
2082 2850 2345 2923 perfectio
2374 2853 2489 2909 rei:

479 2937 689 2994 nullum
717 2944 902 2996 autem
939 2925 1315 3014 oppositorum
1351 2939 1656 3013 completur
1692 2956 1791 3012 per
1830 2937 2212 2995 admistionem
2240 2934 2487 3009 alteriue,
2542 2918 2562 2937 ‘

479 3028 577 3084 sed
607 3029 781 3100 magis
805 3029 1126 3097 destruitur,
1154 3028 1242 3085 vel
1267 3026 1550 3094 minuitur,
1582 3033 1641 3081 et
1667 3028 1749 3084 sic
1776 3040 1954 3097 neque
1993 3023 2199 3081 malum
2245 3027 2491 3100 comple-

483 3121 572 3171 tur
598 3131 696 3189 per
719 3117 1203 3218 participationem
1217 3116 1370 3171 boni.
1399 3113 1592 3171 Omnis
1618 3121 1804 3169 autem
1833 3120 2031 3169 natura
2058 3107 2366 3189 completur
2392 3132 2489 3191 per

484 3204 588 3259 hoc
615 3204 760 3277 quod
784 3204 947 3262 habet
973 3222 1092 3262 εεεε
1122 3206 1178 3261 in
1201 3212 1348 3270 actu,
1381 3209 1437 3259 et
1461 3201 1542 3259 sic
1568 3217 1694 3259 cum
1717 3216 1857 3271 εεεε,
1889 3202 2093 3260 bonum
2113 3202 2185 3260 sit
2215 3204 2286 3262 ab
2308 3208 2502 3265 omni-·

482 3292 584 3348 bus
613 3292 926 3365 appetibile,
941 3294 1119 3352 omnis
1144 3298 1341 3350 natura
1368 3291 1674 3365 completur
1697 3308 1798 3365 per
1822 3292 2301 3366 participationem
2320 3296 2487 3355 boni·
2470 3308 2501 3333 ⁶·

488 3379 636 3437 nulla
668 3378 850 3452 igitur
873 3390 1068 3440 natura
1113 3390 1197 3439 est
1243 3380 1467 3439 malum.
1498 3381 1711 3450 Adhuc,
1738 3381 1999 3457 quaelibet
2042 3390 2238 3442 natura
2280 3387 2502 3460 appetit·

487 3469 962 3527 conservationem
989 3471 1072 3528 sui
1097 3486 1235 3539 εεεε,
1265 3476 1320 3525 ει
1362 3470 1505 3544 fugit
1527 3470 1959 3531 destructionem
1986 3478 2254 3547 quantum
2287 3483 2489 3553 potest.
2495 3481 2504 3545 ζ

488 3558 626 3615 Cum
649 3556 836 3630 igitur
840 3550 1044 3617 bonum
1080 3561 1153 3617 sit
1181 3558 1352 3634 quod
1362 3560 1545 3618 omnia
1576 3567 1857 3635 appetunt,
1886 3560 2091 3619 malum
2118 3578 2247 3622 vero
2288 3579 2320 3619 e
2354 3578 2503 3622 con-⁸

489 3646 660 3705 trario
689 3647 835 3721 quod
865 3640 1049 3706 omnia
1085 3648 1320 3721 fugiunt,
1353 3664 1575 3707 necesse
1604 3658 1688 3706 εει
1717 3648 1919 3719 dicere,
1949 3652 2097 3724 quod
2127 3668 2257 3709 εεεε
2292 3667 2492 3710 unam-

487 3753 766 3830 qnamque
793 3743 1046 3797 naturam
1072 3735 1143 3796 sit
1169 3738 1369 3796 bonum
1391 3739 1691 3795 secundum
1715 3755 1793 3807 se,
1826 3755 1935 3797 non
1964 3754 2085 3798 εεεε
2106 3756 2238 3797 vero
2264 3742 2485 3811 malum,

487 3817 624 3881 Εὲεε
651 3832 838 3881 autem
879 3826 1083 3883 malum
1119 3842 1227 3885 non
1264 3836 1349 3885 est
1371 3809 1599 3895 Bonum,
1635 3826 1731 3883 sed
1770 3828 1945 3899 magis
1976 3844 2084 3885 non
2130 3844 2249 3887 εεεε
2285 3830 2490 3889 malum

486 3911 594 3968 sub
615 3910 745 3967 boni
781 3912 1262 3985 comprehenditur
1289 3912 1533 3985 ratione;
1558 3914 1706 3973 nulla
1734 3914 1905 3987 igitur
1926 3924 2121 3975 natura
2152 3926 2237 3975 est
2264 3911 2489 3979 malum.
