2850 4517
445 376 572 446 424'
924 400 979 445 s.
1021 390 1257 445 ι’·ιιοιω
1294 396 1624 450 sommus
1665 395 1981 441 ornacum

448 526 720 592 quantum
761 516 832 575 ad
868 515 1071 584 locum,
1102 515 1233 589 quia
1276 521 1361 571 εει
1388 528 1490 587 per
1523 516 1703 571 totum
1737 511 2026 581 mundum,
2056 519 2252 573 contra
2279 516 2476 574 Dona-

448 607 630 672 tistae,
678 606 839 668 Rom.
888 620 911 662 1
960 620 975 661 ι
1019 603 1187 661 Fides
1223 608 1404 659 vestra
1449 600 1819 659 annuntiatur
1860 602 1922 657 in
1964 600 2216 660 universo
2249 604 2472 662 mundo.

446 696 617 753 Marc.
649 695 751 753 ult.
782 712 797 751 z
835 694 1043 752 Euntes
1064 692 1126 751 in
1151 693 1411 751 mundum
1440 691 1750 747 univercum
1779 688 2080 763 proedicute
2116 692 2475 767 Euan-odium

446 785 594 842 omni
612 790 883 843 creaturoe
900 798 921 842 .·
940 782 1085 840 unde
1108 782 1415 855 antiquitus
1441 782 1589 837 Deus
1603 785 1725 839 erat
1745 786 1911 836 notus
1939 786 2155 839 tantum
2177 782 2235 840 in
2257 783 2471 851 ludusa,

447 888 595 932 nuno
637 878 823 931 autem
856 888 955 946 per
986 878 1163 929 totum
1191 870 1478 936 mundum,
1509 868 1688 927 Habet
1723 875 1909 926 autem
1937 870 2058 928 haec
2085 870 2334 929 Ecclesia
2362 878 2479 929 tres

448 969 656 1037 partes.
685 962 806 1020 Una
828 961 997 1019 estin
1026 968 1192 1027 terra,
1217 959 1324 1017 alia
1348 964 1434 1016 est
1460 958 1519 1015 in
1542 958 1701 1027 offilo,
1734 958 1902 1015 tertia
1932 960 2101 1016 estin
2129 962 2473 1035 purgatorio.

446 1051 719 1121 Secundo,
748 1057 834 1109 est
859 1049 1184 1107 universalis
1212 1053 1481 1122 quantum
1505 1047 1573 1105 ad
1604 1046 1976 1105 conditionem
2007 1048 2314 1119 hominum,
2343 1052 2477 1125 quia

448 1139 632 1197 nullus
668 1138 943 1213 abjicitur,
988 1153 1093 1195 nec
1141 1137 1425 1204 Dominus„
1475 1151 1578 1193 nec
1613 1152 1826 1205 servus,
1874 1153 1979 1194 nec
2024 1138 2324 1208 masculus,
2373 1155 2478 1197 nec

448 1227 697 1287 foemina.
735 1228 864 1287 Gal.
910 1243 980 1285 nr
1026 1244 1041 1283 ι
1084 1225 1209 1286 Non
1238 1230 1315 1284 est
1352 1224 1634 1293 masculus,
1670 1242 1836 1299 neque
1861 1224 2104 1299 soeminc.
2135 1228 2345 1298 Tertio,
2390 1237 2477 1286 est

448 1316 776 1375 universalis
810 1324 1078 1391 quantum
1104 1314 1175 1371 ad
1215 1321 1434 1389 tempus
1465 1329 1480 1370 z
1519 1329 1647 1371 nam
1671 1313 1844 1387 aliqui
1879 1314 2157 1385 dixerunt,
2185 1316 2333 1390 quod
2364 1316 2478 1374 Ec-

450 1405 619 1462 clesia
646 1404 810 1462 debet
838 1406 1037 1461 durare
1067 1418 1239 1477 usque
1264 1403 1334 1459 ad
1363 1410 1577 1461 certum
1607 1410 1845 1477 tempus.
1873 1402 1980 1460 Sed
2010 1402 2114 1460 boo
2140 1411 2225 1460 est
2248 1403 2470 1471 falsum,

450 1493 582 1567 quia
610 1491 731 1549 haec
762 1492 1007 1549 Ecclesia
1045 1492 1272 1565 incoepit
1308 1506 1343 1549 a
1383 1496 1632 1565 tempore
1660 1491 1816 1561 Abel,
1857 1496 1916 1548 et
1941 1490 2154 1549 durabit
2193 1508 2366 1567 usque
2395 1494 2468 1549 ad

452 1581 617 1637 finem
646 1580 853 1640 saeculi.
897 1582 1053 1637 Matt.
1096 1580 1201 1637 ult.
1238 1597 1253 1636 t
1293 1580 1429 1638 Ecce
1463 1596 1555 1653 eqo
1579 1579 1846 1637 vobiscum
1871 1596 1983 1638 cum
2006 1580 2244 1637 omnibus
2283 1579 2467 1637 diebus

451 1686 615 1744 usque
648 1670 722 1727 ad
758 1669 1251 1727 consummationem
1286 1668 1487 1736 soeculi,
1518 1668 1614 1726 sed
1653 1678 1776 1744 post
1803 1670 2327 1728 consummationem
2355 1684 2468 1729 sae·

454 1758 566 1817 culi
603 1758 909 1817 remanebit
949 1760 1005 1815 in
1037 1758 1198 1833 coelo.
1239 1758 1401 1833 Circa
1431 1766 1689 1832 quartum
1718 1758 2003 1815 sciendum
2037 1763 2138 1826 est,
2173 1758 2322 1832 quod
2361 1756 2476 1815 Ec-

452 1846 624 1904 clesia
646 1848 746 1904 Dei
774 1852 861 1904 εει
898 1846 1077 1905 firma.
1116 1847 1323 1903 Domus
1356 1852 1541 1902 autem
1583 1846 1788 1903 dicitur
1819 1847 1997 1915 firma,
2031 1845 2208 1919 primo
2236 1845 2284 1902 si
2311 1844 2476 1903 habet

454 1935 600 1992 bona
641 1935 1017 1993 fundamenta.
1059 1934 1497 1992 Fundamentum
1532 1939 1717 1991 autem
1758 1933 2023 1991 Ecclesiae
2063 1933 2364 2007 principale
2390 1940 2476 1991 εει

456 2023 725 2081 Christus.
753 2027 947 2098 Apost.
978 2025 1152 2080 ICor.
1191 2037 1259 2081 ιιι
1292 2038 1306 2078 z
1345 2021 1780 2079 Fundamentum
1813 2022 1968 2079 aliud
1994 2038 2145 2079 nemo
2169 2029 2345 2097 potest
2370 2038 2476 2095 po-

454 2126 585 2168 nere
616 2118 824 2185 proeter
848 2112 909 2169 id
935 2112 1072 2186 quod
1104 2110 1338 2185 positum
1367 2116 1463 2177 est,
1496 2111 1633 2183 quod
1663 2118 1740 2167 est
1774 2110 2024 2169 Christus
2059 2110 2236 2168 Iesus.
2264 2112 2476 2169 Secun-

455 2200 674 2257 darium
715 2199 846 2257 v'ero
890 2198 1303 2257 fundamentum
1343 2207 1474 2256 sunt
1501 2200 1750 2272 Apostoli
1781 2208 1838 2257 et
1876 2210 2068 2256 eorum
2103 2199 2374 2268 doctrina,
2421 2205 2478 2256 et

456 2288 580 2345 ideo
603 2290 761 2347 firma
790 2297 894 2346 εει.
925 2288 1081 2346 Unde
1105 2287 1161 2345 in
1185 2288 1413 2363 Apocal.
1443 2288 1592 2363 quod
1615 2288 1842 2359 dicitur,
1867 2289 2014 2363 quod
2039 2288 2232 2347 civitas
2257 2288 2477 2347 habebut

457 2376 727 2431 duodecim
754 2374 1127 2448 fundamenta,
1151 2382 1202 2433 et
1225 2384 1383 2433 eraut
1410 2376 1487 2433 ibi
1515 2376 1722 2450 scripta
1747 2376 1962 2433 nomina
1986 2376 2260 2434 duodecim
2281 2379 2472 2451 Apost.

459 2470 630 2536 Apoc.
664 2477 790 2520 xxi.
821 2464 891 2519 Et
923 2464 1050 2519 inde
1084 2470 1168 2520 est
1197 2465 1345 2537 quod
1378 2459 1582 2522 dicitur
1607 2464 1854 2524 Ecclesia
1887 2466 2228 2538 Apostolica.
2254 2466 2477 2529 ,Exinde

458 2552 629 2608 etiam
655 2551 802 2622 quod
829 2550 901 2608 ad
930 2550 1346 2625 significandum
1373 2552 1692 2611 firmitatem
1716 2553 1878 2627 hujus
1903 2553 2164 2613 Ecclesiae
2189 2556 2252 2611 B.
2281 2556 2478 2613 Petrus

458 2639 641 2696 dictus
668 2645 753 2696 εει
776 2648 987 2699 vertex.
1008 2639 1276 2710 Secundo,
1295 2646 1524 2716 apparet
1543 2642 1775 2700 firmitas
1795 2642 2010 2714 domne,
2035 2644 2080 2699 si
2108 2650 2477 2717 conquassata

458 2741 568 2786 non
596 2732 777 2802 potest
803 2729 1037 2787 destrui.
1078 2729 1322 2788 Ecclesia
1350 2739 1538 2788 autem
1566 2746 1847 2805 nunquam
1881 2730 2057 2803 potuit
2100 2732 2331 2799 destrui,
2371 2746 2479 2789 nec

459 2833 493 2875 a
521 2818 981 2892 persecutoribus,
1013 2818 1180 2875 immo
1208 2818 1682 2891 persecutionibus
1719 2818 2043 2877 durantibus
2074 2820 2252 2893 magis
2279 2822 2476 2889 crevit,

460 2916 510 2963 et
545 2907 639 2979 qui
677 2922 797 2962 eam
836 2906 1321 2980 persequebantur,
1353 2916 1411 2964 et
1449 2922 1586 2980 quos
1627 2908 1747 2982 ipsa
1790 2908 2220 2984 persequebatur
2248 2908 2483 2966 deficie-

460 2996 614 3053 bant.
641 2994 834 3053 Matth.
857 3009 967 3052 xxr
992 3012 1007 3051 ε
1034 2994 1143 3062 Qui
1160 2994 1409 3053 ceciderit
1431 3011 1594 3068 super
1610 2995 1842 3068 lapidem
1866 2996 2030 3055 ictum
2057 2996 2479 3073 consrinqetur:

458 3100 625 3157 super
651 3100 803 3157 quem
837 3098 962 3140 vero
990 3082 1259 3149 ceciderit,
1288 3076 1525 3142 conteret
1551 3100 1693 3141 eum.
1733 3084 1848 3142 Nec
1874 3084 1946 3143 ab
1979 3084 2277 3155 erroribus,
2308 3087 2482 3144 immo

452 3180 671 3247 ‚quanto
708 3173 884 3244 magis
912 3186 1128 3228 errores
1167 3178 1619 3246 supervenerunt,
1649 3178 1807 3230 tanto
1852 3174 2027 3247 magis
2055 3176 2260 3233 veritas
2297 3177 2486 3234 mani-

462 3262 665 3319 festata
692 3266 799 3316 est.
829 3261 877 3316 ΙΙ
916 3260 1063 3319 Tim.
1107 3276 1178 3319 ιιι
1226 3277 1241 3316 :
1285 3259 1539 3317 Homines
1563 3267 1734 3318 mente
1770 3262 2034 3336 compti,
2075 3264 2488 3337 repr-obicint}

459 3350 638 3423 fidem,
668 3349 759 3406 sed
792 3348 945 3406 ultra
970 3364 1079 3406 uon
1100 3347 1459 3423 proficientes,
1489 3355 1598 3407 etc.
1627 3350 1744 3407 Nec
1774 3365 1809 3408 a
1832 3350 2226 3410 tentationibus
2264 3352 2487 3411 daemo·

463 3454 613 3497 num.
646 3437 891 3497 Ecclesia
928 3436 1075 3497 enim
1111 3442 1198 3494 est
1237 3437 1381 3494 sicut
1410 3438 1598 3507 turris,
1642 3439 1713 3496 ad
1758 3455 1924 3513 quam
1957 3439 2098 3513 fugit
2144 3440 2486 3515 quicumque

465 3535 671 3602 pugnat
694 3533 887 3585 contra
905 3525 1205 3584 diabolum.
1226 3524 1487 3582 Proverb.
1517 3540 1670 3584 xvm
1697 3543 1711 3581 ε
1748 3527 1946 3585 Turris
1968 3526 2265 3601 fortissima
2289 3546 2490 3587 nomen

463 3616 688 3675 domini.
727 3617 797 3674 Et
838 3615 964 3672 ideo
991 3612 1243 3672 diabolus
1271 3614 1648 3688 principaliter
1675 3622 1905 3673 conatur
1931 3617 2000 3673 ad
2046 3616 2492 3676 destructionem

465 3707 605 3778 ejus,
649 3705 747 3762 sed
796 3719 905 3760 non
950 3702 1235 3778 praevalet,
1280 3704 1411 3776 quia
1440 3704 1706 3761 Dominus
1747 3705 1905 3774 dixit,
1951 3704 2145 3763 Matth.
2191 3720 2296 3763 xvr
2346 3722 2360 3763 z
2404 3706 2494 3765 Et

462 3800 635 3867 portoe
670 3792 843 3867 inferi
887 3809 995 3850 uon
1020 3790 1383 3865 proevalebunt
1419 3791 1672 3850 adversus
1699 3809 1836 3861 eom,
1865 3794 2022 3867 quasi
2051 3794 2202 3851 dicat
2236 3811 2251 3849 t
2295 3794 2496 3853 Bellu-

465 3881 603 3937 bunt
641 3882 934 3938 adversum
962 3888 1039 3950 te,
1070 3880 1169 3938 sed
1194 3894 1303 3937 non
1343 3880 1739 3954 praevalebunt.
1782 3880 1850 3940 Et
1887 3882 2014 3940 inde
2041 3888 2144 3951 est,
2181 3881 2331 3957 quod
2360 3883 2497 3943 sola

467 3964 714 4023 Ecclesia
746 3968 917 4038 Petri,
952 3968 1013 4028 in
1052 3968 1213 4043 ciuus
1248 3976 1466 4045 partem
1490 3970 1643 4031 vonit
1687 3975 1806 4031 tota
1843 3970 2026 4043 Italia,
2067 3970 2199 4031 dum
2222 3969 2532 4046 discipali·
