2850 4517
492 338 609 401 440
968 357 1019 397 ε.
1064 352 1298 397 monnau
1338 348 1668 401 Acon-mus
1705 350 2014 395 oruscum

490 476 745 543 peccator
764 469 1003 527 animam
1028 454 1191 525 habet
1211 467 1414 524 siccam
1439 472 1496 522 et
1509 466 1737 532 aridam,
1765 466 1924 538 juxta
1941 464 2072 521 illud
2101 466 2286 522 Psam.
2306 479 2498 525 cxm:

488 558 691 617 Anima
731 573 847 614 mea
871 558 1202 616 sicut-terra
1240 555 1357 613 sine
1391 572 1532 629 aqua
1558 554 1673 611 libi.
1703 556 1861 619 Item,
1894 556 2060 611 tertio
2101 554 2306 611 dicitur
2333 570 2501 612 sanc-

489 652 627 713 tum,
675 647 732 703 id
778 654 863 703 est
907 647 1172 718 sanguine
1211 646 1446 703 tinctum
1490 662 1503 699 :
1551 644 1693 700 unde
1723 644 1898 700 sancti
1929 644 2026 716 qui
2071 650 2201 700 sunt
2241 645 2297 699 in
2333 645 2497 711 coelo,

488 735 664 793 sancti
688 736 965 802 dicuntur,
993 734 1216 807 eoquod
1236 732 1642 806 suntsangnine
1658 733 1833 799 tincti,
1848 734 2007 803 juxta
2023 732 2156 788 illud
2177 736 2350 806 Apoc.
2377 749 2499 790 vn:

490 824 595 883 Isti
627 831 756 882 sunt
786 824 881 897 qui
912 830 1173 881 veneram!
1212 838 1280 879 ex
1302 840 1499 897 magna
1523 821 1903 888 tribulatione,
1945 828 1998 879 et
2041 821 2293 881 laverunt
2337 823 2504 879 stolas

488 929 614 970 ruas
641 913 701 968 in
725 913 985 985 sanyuine
1006 913 1155 987 aqui.
1180 914 1339 982 Item,
1364 916 1535 986 Apoc.
1565 927 1586 969 1
1617 928 1630 967 τ
1659 910 1822 968 Lavit
1851 926 1946 967 nor
1977 926 2015 967 a
2033 910 2260 984 peccatis
2294 911 2503 968 nostris

488 1000 551 1059 in
580 1002 839 1076 sanquine
858 1017 975 1063 etto.

1217 1190 1494 1257 Secunda
1516 1187 1759 1271 petitio.

556 1349 829 1409 Adveniet
856 1352 1091 1423 Regnum
1119 1350 1458 1405 tuum.Sicut
1477 1348 1687 1403 dictum
1713 1352 1818 1413 est,
1837 1345 2076 1417 Spiritus
2099 1348 2334 1403 Sanctus
2358 1348 2498 1405 facit

491 1452 589 1497 nos
617 1444 767 1495 recte
794 1454 1001 1507 amare,
1032 1436 1365 1503 desiderare,
1393 1441 1450 1493 et
1489 1442 1695 1509 petere,
1729 1444 1786 1491 et
1815 1433 1984 1491 efficit
2031 1434 2085 1491 in
2129 1435 2281 1491 nobis
2307 1436 2498 1509 primo

491 1528 763 1593 timorem,
810 1542 905 1598 per
956 1542 1119 1600 quem
1172 1525 1473 1599 quaerimus
1507 1525 1654 1598 quod
1701 1538 1894 1580 nomen
1947 1523 2040 1579 Dei
2087 1524 2488 1583 sanctificetur.

489 1615 653 1673 Aliud
676 1615 898 1682 donum,
928 1614 1072 1689 quod
1106 1623 1191 1671 est
1218 1614 1419 1672 donum
1448 1613 1692 1687 pictatia,
1724 1622 1808 1669 est
1831 1612 2049 1687 proprie
2083 1612 2275 1685 pietas,
2305 1612 2490 1669 dulcis

491 1712 547 1763 et
570 1704 1060 1763 devotusaffe'ctus
1088 1703 1157 1760 ad
1195 1710 1428 1776 patrem,
1459 1709 1516 1759 et
1545 1701 1614 1759 ad
1637 1716 1856 1759 omnem
1883 1700 2156 1758 hominem
2184 1701 2240 1756 iu
2267 1699 2494 1759 miseria

420 1840 430 1851 .
491 1795 871 1854 constitutum.
915 1796 1051 1851 Cum
1093 1809 1222 1867 ergo
1264 1793 1412 1850 Deus
1439 1793 1512 1848 sit
1553 1800 1712 1865 pater
1737 1800 1943 1859 noster,
1977 1798 2040 1847 ut
2067 1794 2238 1865 patet,
2267 1806 2378 1847 non
2398 1807 2498 1849 so-

489 1884 605 1941 lum
642 1884 907 1941 debemus
946 1900 1071 1940 eum
1100 1884 1360 1949 revereri,
1388 1889 1445 1939 et
1471 1884 1661 1939 timere
1689 1881 1785 1939 sed
1815 1882 1986 1938 etiam
2011 1882 2082 1939 ad
2121 1896 2249 1938 eum
2293 1882 2496 1939 habere

492 1973 753 2033 debemus
776 1971 993 2029 dulcem
1017 1981 1074 2028 et
1091 1971 1243 2044 pium
1275 1970 1683 2028 affectum-Hic
1721 1978 1909 2027 autem
1953 1970 2185 2027 affectus
2225 1970 2360 2027 facit
2397 1988 2498 2028 nos

489 2068 679 2137 petere
708 2061 853 2135 quod
878 2061 1136 2117 adveniat
1168 2061 1419 2131 Regnum
1445 2060 1566 2115 Dei.
1590 2059 1699 2116 Tit.
1727 2074 1775 2117 11
1803 2076 1819 2115 ε
1849 2058 1951 2115 Pie
1993 2065 2044 2116 et
2073 2059 2218 2131 juste
2254 2058 2498 2117 vivamus

491 2151 673 2207 ivi-1100
692 2150 900 2216 soeoulo,
922 2156 1251 2223 expectante-3
1280 2149 1488 2205 beatam
1510 2164 1675 2221 spem
1691 2156 1743 2204 et
1769 2148 2068 2205 adventum.
2089 2148 2279 2221 glorioe
2312 2150 2500 2223 mayni

490 2238 614 2296 Dei.
639 2240 826 2297 Posset
860 2245 1047 2295 autem
1082 2238 1252 2311 quaeri
1278 2239 1567 2309 :Regnum
1590 2237 1690 2293 Dei
1729 2252 1949 2311 semper
1991 2236 2115 2301 suit,
2146 2252 2320 2311 quare
2366 2253 2500 2310 ergo

492 2326 750 2399 potimuS,
776 2325 923 2398 quod
960 2325 1278 2382 veniatisst
1318 2325 1443 2382 ideo
1483 2325 1777 2381 dicendum
1823 2331 1928 2395 est,
1971 2325 2119 2398 quod
2161 2324 2268 2382 hoc
2315 2335 2500 2400 potest

492 2413 785 2486 tripliciter
823 2412 1071 2484 intelligi.
1115 2413 1313 2479 Primo,
1354 2413 1486 2486 quia
1527 2412 1824 2486 aliquando
1865 2429 1964 2470 rex
2004 2413 2298 2487 habetjus
2343 2415 2499 2488 regni

492 2500 691 2568 solum,
714 2516 811 2558 seu
834 2500 1083 2568 dominii,
1112 2505 1379 2557 ettamen
1411 2500 1652 2557 nondum
1679 2501 1982 2558 dominium
2007 2501 2180 2576 ipsius
2220 2504 2373 2577 regni
2409 2513 2499 2562 est

492 2589 852 2657 declaratum,
883 2589 1013 2664 quia
1054 2590 1293 2646 nondum
1323 2588 1571 2647 homines
1612 2590 1764 2662 regni
1801 2599 1931 2649 sunt
1969 2592 2020 2647 ei
2057 2590 2313 2665 subjecti.
2345 2593 2500 2650 Tunc

491 2695 624 2753 ergo
647 2678 934 2753 apparebit
963 2679 1137 2751 primo
1160 2679 1279 2751 ejus
1306 2695 1554 2751 regnum,
1581 2694 1679 2736 seu
1707 2666 2028 2748 dominium,
2057 2680 2280 2754 quaudo
2313 2680 2501 2739 homi-

490 2784 590 2829 nes
617 2768 771 2841 regni
796 2774 957 2823 erunt
982 2767 1087 2824 sibi
1116 2766 1370 2839 subjecti.
1402 2768 1550 2825 Deus
1573 2773 1762 2825 autem
1790 2784 1860 2825 ex
1879 2785 1940 2825 se
1967 2775 2024 2826 et
2057 2785 2159 2826 sua
2187 2777 2383 2828 natura
2413 2777 2501 2829 est

491 2858 759 2914 Dominus
782 2856 1043 2924 omnium,
1058 2862 1115 2912 et
1142 2855 1391 2913 Christus
1417 2857 1718 2914 secundum
1743 2858 1889 2931 quod
1925 2858 2089 2915 homo
2112 2859 2278 2917 habet
2306 2876 2340 2917 a
2359 2861 2504 2930 Deo,-

494 2943 641 3015 quod
682 2943 757 2999 sit
793 2943 1059 2999 Dominus
1095 2943 1359 3011 omnium,
1397 2943 1613 3001 Daniel.
1647 2961 1773 3016 vu:
1802 2944 1963 3002 Dedit
1999 2943 2049 3001 ei
2087 2952 2420 3018 potestatem,
2444 2955 2502 3005 et

493 3030 766 3097 honorem,
791 3037 842 3088 et
866 3047 1106 3103 requam.
1139 3030 1371 3104 Oportet
1391 3048 1522 3103 crgo
1547 3032 1693 3106 quod
1721 3032 1825 3089 sibi
1855 3033 1964 3090 sint
1990 3035 2175 3091 omnia
2201 3037 2452 3108 subjecta
2479 3053 2496 3093 :

492 3117 599 3173 hoc
645 3127 829 3176 autem
884 3119 1125 3176 nondum
1171 3128 1275 3187 est,
1300 3120 1399 3177 sed
1441 3121 1546 3177 erit
1577 3122 1634 3177 in
1675 3121 1912 3178 finemd
1953 3124 2181 3181 Cor.xv
2223 3141 2238 3179 ε
2279 3124 2503 3199 Oportet

495 3204 648 3261 illum
672 3223 917 3279 regnare,
939 3208 1099 3265 donec
1110 3215 1281 3282 ponat
1308 3222 1484 3265 omncs
1507 3209 1752 3267 inimicos
1776 3210 1871 3267 sub
1893 3212 2115 3286 podibus
2135 3214 2352 3287 ejttsAEt
2375 3216 2506 3283 idco

493 3294 734 3367 petimus
760 3302 816 3350 et
854 3295 1089 3353 dicimus
1118 3313 1132 3352 z
1161 3296 1429 3355 Adveniet
1457 3313 1678 3370 requam
1698 3305 1871 3368 tuum,
1897 3310 1951 3359 et
1979 3300 2080 3358 hoc
2121 3309 2390 3376 quantum
2429 3304 2504 3361 ad

494 3382 621 3449 tria,
650 3383 861 3440 scilicet
888 3391 949 3441 ut
968 3385 1108 3457 justi
1133 3393 1543 3453 convertantur,
1567 3397 1887 3461 peccatores
1922 3391 2238 3464 puniantur,
2267 3401 2323 3449 et
2353 3409 2506 3450 mors

493 3469 809 3529 destruatur
840 3490 853 3526 :
884 3489 1011 3531 nam
1034 3470 1599 3546 homines'dupliciter
1626 3477 1989 3550 subjiciuntur
2017 3478 2254 3546 Christo,
2275 3490 2371 3537 aut
2399 3499 2506 3539 vo-

494 3556 740 3626 luntarii,
766 3565 861 3617 aut
898 3562 1078 3619 inviti.
1110 3563 1247 3619 Cum
1285 3563 1432 3621 enim
1467 3563 1720 3623 voluntas
1762 3568 1859 3623 Dei
1891 3568 1965 3623 sit
1993 3569 2073 3626 ita
2111 3568 2323 3638 efficax,
2352 3571 2506 3644 quod

494 3653 749 3716 oporteat
770 3649 988 3721 penitus
1011 3650 1159 3707 illam
1184 3651 1467 3724 compleri.
1499 3660 1557 3709 et
1587 3654 1730 3709 Deus
1758 3654 1890 3712 velit
1919 3657 2068 3728 quod
2097 3658 2291 3715 omnia·
2327 3659 2506 3731 subji-

494 3732 711 3791 ciantur
738 3736 973 3803 Christo,
997 3738 1229 3797 alterum
1258 3740 1493 3799 duorum
1517 3741 1622 3800 erit
1641 3744 2031 3807 necessarium.
2066 3752 2125 3804 ut
2151 3746 2364 3805 scilicet
2407 3756 2506 3803 aut

494 3815 849 3883 homosaciat
876 3827 1215 3887 voluntatem
1236 3828 1337 3885 Dei
1369 3830 1710 3902 subjiciendo
1733 3848 1793 3891 se
1826 3835 2102 3891 mandatis
2130 3837 2269 3910 ejuS,
2297 3846 2354 3894 et
2399 3836 2507 3894 hoc

498 3901 703 3965 facient
724 3910 858 3979 ,lusti
888 3921 1027 3972 taut
1056 3918 1201 3977 Deus
1227 3917 1395 3977 faciet
1420 3918 1492 3977 de
1531 3920 1787 3979 omnibus
1823 3923 2158 3983 voluntatem
2199 3940 2358 3985 suam
2395 3942 2504 4001 pu-
