2850 4517
823 380 870 425 1.
903 394 979 409 ·-
1007 380 1413 425 comrsrrmmu
1465 380 1837 425 rnnssomeut-
2221 365 2335 425 '85

273 536 280 541 ·
311 499 493 555 riores
530 510 664 568 vero
687 512 752 553 ea
783 510 910 569 quae
943 498 1076 551 sunl.
1108 494 1425 552 inferiorum
1456 497 1677 570 propria
1716 495 2077 559 excellentius·
2110 481 2335 557 habent.

311 588 475 645 Unde
511 586 697 643 omnia
737 590 871 641 sunt
899 586 954 640 in
985 586 1066 641 eis
1092 584 1497 658 quodammodo
1526 586 1856 653 communia,
1893 580 2335 660 tamenproprla

314 678 541 733 nomina
565 676 870 733 sortiuntur
885 690 962 731 ex
985 673 1088 738 hie,
1114 690 1246 747 vquur.»
1264 674 1559 748 unicuique
1574 676 1875 733 secundum
1898 690 1957 740 se
1977 668 2333 736 conveniunt.

277 808 288 815 .
315 767 546 823 Infimus
563 772 748 822 autem
773 763 910 819 ordo
937 758 1225 819 commune
1249 778 1449 820 nomen
1477 764 1589 820 sibi·
1612 766 1839 821 retinuit
1868 763 2108 839 quasi-in
2136 765 2337 821 virtute

319 855 564 911 omnium
587 869 776 925 agens.
808 852 875 909 Et
898 851 1364 925 quia'superioris
1383 858 1471 909 est
1507 852 1563 914 in
1594 850 1909 913 inferiorem
1950 850 2113 926 agere
2146 871 2161 909 ε
2192 854 2337 915 actio

279 985 296 1001 ,
317 960 452 1001 vero
494 940 880 1001 intellectualis
913 948 998 997 est
1034 941 1324 1010 instruere3
1367 941 1457 1009 vel
1480 940 1697 1010 docere,
1728 942 2039 1016 superiores
2061 942 2253 1015 Angeli
2281 942 2337 998 in

317 1039 591 1107 quantum
629 1029 916 1089 inferiores
953 1031 1265 1098 instruunt,¹⁴
1285 1029 1546 1087 dicuntur
1570 1027 1691 1087 eos'
1714 1048 1965 1105 purgare,
2009 1032 2333 1098 illuminare,

279 1122 692 1194 --et'perficerec
716 1122 955 1191 Purgato
979 1119 1228 1193 quidem,
1249 1120 1310 1175 in
1335 1127 1604 1193 quantum
1629 1122 1988 1179 nescientiam
2012 1128 2297 1185 removent
2322 1138 2334 1177 :

315 1211 630 1269 illuminare
675 1226 827 1276 vero,
869 1210 1238 1283 inquantum
1274 1224 1380 1265 suo
1423 1208 1629 1275 lumine
1670 1210 1988 1268 inferiorum
2026 1211 2339 1267 intellectus

316 1300 633 1357 confortant
657 1298 728 1356 ad
750 1298 960 1372 aliquid
989 1298 1156 1355 altius
1195 1297 1521 1371 capiendum
1550 1316 1564 1355 z
1598 1299 1859 1371 perficere
1882 1316 2033 1370 vero,
2068 1300 2125 1357 in
2143 1296 2338 1375 ‘quan-

319 1398 442 1447 tum
469 1406 570 1446 eos
591 1389 662 1445 ad
685 1388 982 1461 superioris
1007 1388 1257 1444 scientias
1279 1386 1671 1459 perfectionem
1694 1385 2018 1462 perducunt.
2050 1391 2191 1447 Nam
2220 1389 2338 1446 haec

318 1479 430 1536 tria
455 1478 523 1535 ad
553 1478 983 1550 assumptionem
1017 1476 1270 1533 scientiae
1295 1475 1591 1549 pertinent,
1620 1486 1693 1533 ut·
1711 1478 2005 1552 Dionysius
2040 1477 2351 1549 dicit-‘Nec

286 1575 506 1626 .tamen
533 1584 630 1640 per
649 1567 756 1623 hoc
777 1572 1110 1633 removetur,
1147 1564 1280 1639 quin
1317 1580 1507 1621 omnes
1530 1563 1743 1637 A‘ngeli,
1775 1566 2161 1635 etiam'infimi,
2190 1564 2301 1623 divi
2320 1598 2337 1608 ·

319 1673 450 1713 nam
473 1656 767 1713 essentiam
806 1656 1057 1713 videant.
1076 1654 1230 1711 Licet
1275 1654 1421 1709 enim
1449 1655 1825 1729 unusquisque
1860 1644 2147 1714 beatorum
2168 1657 2335 1729 spiri-

320 1756 478 1803 tuum
501 1747 676 1801 Deum
695 1762 791 1818 per
815 1743 1112 1801 essentiam
1137 1742 1340 1813 videat,
1375 1760 1515 1799 unus
1543 1751 1737 1800 tamen·
1756 1740 1861 1801 alio
1890 1746 2186 1818 perfectius
2209 1761 2333 1803 eum

319 1835 492 1903 videl,
534 1840 596 1893 ut
641 1851 709 1891 ex
753 1833 1123 1907 superioribus
1169 1832 1349 1907 potest
1396 1840 1605 1906 patere.
1656 1833 1873 1904 Quanto
1918 1842 2121 1892 autem.
2150 1834 2331 1911 aliqua

281 1915 491 1981 ‘causa
519 1922 812 1996 perfectius
852 1922 1220 1993 cognoscitur,
1266 1928 1420 1978 tanto
1466 1922 1646 1994 plures
1688 1910 1915 1979 effectus
1945 1926 2064 1996 ejus
2099 1936 2336 1997 cognos-

282 1992 290 2005 ⁷
317 2017 522 2069 cuntur
551 2010 609 2066 iu
635 2024 718 2067 ea.
751 2009 832 2065 De
858 2010 1139 2065 effectibus
1169 2007 1334 2079 igitur
1375 2007 1595 2075 divinis,
1644 2024 1781 2083 quos
1804 2008 2112 2082 superiores
2144 2009 2333 2083 Angeli

317 2106 662 2171 cognoscunt
689 2098 744 2155 in
771 2098 887 2155 Deo
931 2113 1047 2171 pree
1075 2097 1218 2164 aliis,
1250 2095 1535 2153 inferiores
1564 2097 1878 2167 instruunt,
1894 2114 2003 2155 non
2030 2106 2226 2207 autem
2244 2113 2337 2155 es-

319 2188 498 2247 sentia
525 2187 732 2253 divina,
765 2204 930 2299 quam
961 2186 1279 2243 immediate
1308 2185 1497 2283 vident
1520 2200 1731 2243 omnes·
1930 2200 1948 2207 ⁷·

867 2320 878 2333 ‘
985 2359 1270 2427 CAPUT
1321 2300 1671 2467 cXXvn.

287 2478 518 2578 Quod
531 2519 648 2583 per.
673 2500 991 2583 superiora
1018 2506 1268 2581 ooo-pora
1293 2494 1631 2577 iuferiora,
1638 2500 1759 2569 uon
1780 2506 1979 2569 autem
2000 2470 2339 2569 iurulentus

953 2590 1274 2667 humanm,
1307 2589 1739 2683 disponuntur.

287 2748 303 2783 ;
397 2727 552 2782 Sicut
577 2724 742 2797 igitur
766 2724 1222 2783 intellectualium
1249 2724 1680 2784 substantiarum
1701 2720 1843 2782 una
1860 2695 1957 2800 per
1994 2720 2161 2785 aliam
2190 2728 2336 2787 divi·-

286 2848 300 2857 ·
319 2815 478 2872 nitus
529 2812 880 2884 gubernatur,
935 2813 1159 2872 inferior
1201 2815 1428 2871 ssscilicet
1478 2830 1573 2886 per
1623 2812 1997 2884 superiorem,'
2042 2817 2121 2873 ita
2170 2815 2339 2873 etiam

291 2902 588 2960 -inferiora
609 2918 836 2976 corpora
865 2905 962 2975 p'er
985 2902 1268 2977 superiora
1287 2902 1553 2958 divinitus
1575 2898 1957 2978 disponuntur.
1983 2897 2138 2957 Unde
2162 2904 2340 2959 omnis

293 2999 510 3052 .motus
533 2990 856 3049 inferiorum
881 3007 915 3048 a
945 2992 1200 3049 motibus
1221 2990 1513 3064 corporum
1541 2986 1849 3047 coelest'ium
1876 2984 2157 3057 causatur,
2176 2998 2245 3047 -et
2274 3007 2339 3046 ex

320 3081 532 3137 virtute
559 3079 1185 3154 coelestium‘corporum
1211 3081 1332 3137 haec
1349 3144 1354 3148 ,
1370 3078 1634 3136 inferiora
1660 3078 1869 3135 formas·
1886 3087 1943 3136 et
1971 3074 2183 3151 species
2204 3094 2343 3137 con-

319 3177 650 3243 sequuntur,
692 3171 860 3227 ‘sicut
889 3176 946 3226 et
1005 3171 1248 3227 rationes
1287 3186 1473 3227 rerum
1518 3168 1887 3241 intelligibiles
1934 3164 2005 3225 ad
2056 3164 2342 3229 inferiores

321 3259 554 3331 spiritus
575 3274 672 3331 per
701 3257 1355 3331 superior-esdeveniunt.
1385 3258 1523 3314 Cum
1551 3256 1735 3315 autem
1764 3256 2343 3315 intellectualis'subs-

295 3346 502 3409 ,tantia
549 3345 614 3403 in·
657 3346 847 3403 ordine
875 3353 1071 3403 rernm.
1101 3346 1354 3403 omnibus
1398 3346 1719 3420 corporibus
1746 3345 2089 3419 praeferatur,
2119 3360 2227 3410 non
2256 3355 2341 3403 est

319 3434 664 3511 conveniens
698 3436 1001 3493 secundum
1041 3436 1368 3509 praedictum
1415 3436 1779 3509 providentias
1822 3432 2092 3502 ordinem,
2138 3443 2201 3493 ut
2246 3450 2343 3509 per

321 3522 574 3597 aliquam
601 3525 943 3608 corporalem
977 3525 1342 3583 substantiam
1361 3535 1366 3541 ·
1382 3524 1768 3583 intellectualis
1794 3522 2154 3599 quaecumque
2176 3520 2345 3582 'subs-

302 3614 502 3675 ‚tantia
527 3622 752 3686 regat—ur
799 3630 832 3670 a
861 3617 997 3671 Deo.
1027 3616 1161 3671 Cum
1193 3614 1360 3687 igitur
1387 3614 1569 3671 anima
1595 3613 1830 3671 humana
1858 3614 1933 3670 sit
1961 3611 2346 3671 intellectualis

320 3701 658 3771 substantia,
675 3702 1014 3776 impossibile
1037 3708 1126 3761 est
1137 3703 1439 3776 secundum
1458 3704 1603 3777 quod
1625 3709 1711 3759 est
1733 3701 2043 3775 intelligens
2060 3708 2117 3758 et
2136 3702 2343 3767 volens,

303 3790 634 3853 ‚secundum
683 3798 865 3850 motus
889 3802 1183 3867 corporum
1223 3790 1532 3861 coelestium
1562 3792 1901 3865 disponatur.
1946 3788 2135 3865 Neque
2180 3791 2350 3863 igitur

319 3880 395 3937 in‘
421 3879 768 3961 intellectum
809 3881 1128 3949 humanum,
1178 3894 1354 3955 neque
1384 3881 1441 3937 in
1467 3880 1807 3938 voluntatem
1834 3896 2066 3955 corpora
2102 3880 2350 3939 coelestia

297 3969 546 4045 ‚directe
575 3980 742 4041 agere
769 3970 1511 4046 possunthveljmprir'nere,
1550 3970 1713 4041 Item',
1758 3970 1965 4039 nullum
1992 3966 2193 4046 corpus
2236 3972 2353 4043 agit
