2850 4517
817 345 860 408 ,¹-
892 360 970 378 --
999 346 1400 392 ceurennum
1454 347 1816 408 ‘summotas
2238 335 2319 396 71

304 468 402 518 tur
429 459 577 532 quod
607 474 730 515 cum
758 475 880 516 eam
905 464 1282 535 consequitur,
1303 463 1489 537 aliqua
1503 463 1859 537 dispositione
1876 463 1945 520 de
1972 480 2114 523 novo
2128 465 2320 523 addita

301 548 573 615 elevetur,
605 565 772 621 quam
817 551 1287 632 dicimusgloriae
1327 552 1529 628 lumen,
1575 569 1684 626 quo
1731 555 1951 625 quidem
2006 554 2318 612 intellectus

299 645 495 694 noster
521 653 554 693 a
590 639 704 694 Deo
727 639 1028 711 perficitur,
1060 642 1153 714 qui
1182 641 1330 698 solus
1357 642 1660 698 secundum
1703 658 1859 698 suam
1893 644 2317 722 ¹naturamohanc

299 727 585 799 propriam
623 727 855 784 formam
883 729 1068 797 habet,
1097 731 1240 786 sicut
1275 746 1376 787 nec
1415 731 1709 804 dispositio
1748 731 1949 787 caloris
1977 733 2045 788 ad
2083 732 2318 789 formam

299 817 452 886 ignis
490 823 670 888 potest
715 832 836 874 esse
879 818 985 874 nisi
1037 819 1108 875 ab
1147 820 1293 892 igne,
1341 828 1396 876 et
1441 819 1511 875 de
1543 819 1649 875 hoc
1686 819 1892 876 lumine
1939 820 1996 876 in
2046 820 2190 878 Psal.
2224 823 2312 877 35.

299 905 514 962 dicitur
545 920 563 964 ε
594 908 664 962 In
691 907 892 964 lumine
919 915 1011 965 tuo
1038 908 1328 980 videbimus
1355 909 1555 965 lumen.

1054 1079 1338 1162 CAPUT
1391 1081 1559 1150 CVI.

381 1216 686 1294 Quomodo
713 1220 998 1295 naturale
1029 1221 1390 1284 desiderium
1415 1222 1675 1304 quiescit
1696 1240 1769 1287 ea>
1788 1223 2000 1286 divina
2027 1224 2255 1290 visione

319 1319 326 1324 ·
613 1326 728 1388 per
757 1311 1091 1386 essentiam,
1117 1311 1184 1374 in
1209 1329 1334 1394 qua
1359 1311 1666 1382 beatitudo
1694 1313 1993 1377 consistit.
2076 1401 2081 1406 ἱ

373 1442 492 1498 Hoc
519 1450 704 1501 autem
727 1445 844 1516 sine
873 1445 1092 1519 adeptu,
1119 1462 1342 1503 necesse
1382 1453 1468 1504 est
1506 1445 1755 1505 naturale
1781 1447 2115 1503 desiderium
2153 1448 2318 1520 quie-

295 1534 432 1597 tari,
463 1532 593 1604 quia
617 1533 856 1590 essentia
884 1534 1068 1591 divina
1100 1551 1226 1608 quae
1262 1536 1427 1592 modo
1464 1536 1731 1609 praedicto
1757 1537 2118 1607 conjungetur
2147 1535 2317 1592 intel-v

293 1621 470 1676 lectui
495 1622 670 1678 Deum
695 1622 934 1696 videntis
962 1633 1047 1680 est
1070 1623 1345 1696 sufficiens
1364 1623 1691 1697 principium
1720 1624 1903 1679 omnia
1927 1624 2313 1694 cognoscendi,

291 1717 358 1764 et
386 1709 508 1780 fons
538 1712 706 1768 totius
736 1712 1016 1782 bonitatiS,
1049 1719 1107 1784 ut
1147 1713 1280 1783 nihil
1320 1719 1531 1769 restare
1559 1713 1734 1785 possit
1773 1712 1842 1768 ad
1867 1711 2311 1770 desiderandum.

288 1797 368 1853 Et
401 1797 502 1874 hic
547 1800 715 1855 etiam
755 1811 840 1872 est
893 1801 1329 1873 perfectissimus
1377 1800 1571 1857 modus
1614 1801 1860 1858 divinam
1901 1799 2315 1856 similitudinem

289 1887 698 1958 consequendi,
719 1895 781 1942 ut
798 1887 1008 1944 scilicet
1044 1890 1220 1959 ipsum
1254 1904 1651 1961 cognoscamus
1697 1905 1762 1944 eo
1794 1889 1952 1962 modo
1978 1904 2087 1962 quo
2115 1903 2176 1942 se
2203 1889 2319 1958 ipse

289 1975 608 2048 cognoscit,
627 1974 836 2048 scilicet
867 1991 960 2048 per
991 1977 1288 2048 essentiam
1309 1991 1485 2042 suam,
1516 1975 1645 2030 licet
1668 1991 1778 2030 non
1796 1974 2319 2052 comprehendamus

292 2066 500 2138 ipsum,
538 2062 684 2138 sicut
729 2062 846 2134 ipse
891 2078 952 2118 se
993 2063 1433 2136 comprehendit,
1478 2078 1585 2137 non
1632 2063 1777 2135 quod
1820 2061 2061 2134 aliquam
2106 2069 2320 2133 partem

293 2155 418 2224 ejus
448 2153 781 2230 ignoremuS‚
811 2167 936 2207 cum
966 2159 1181 2224 partem
1225 2167 1329 2208 non
1358 2152 1577 2218 habeat,
1610 2152 1704 2207 sed
1753 2150 1883 2224 quia
1925 2166 2034 2206 non
2069 2150 2169 2227 ita·
2192 2165 2321 2220 per-

295 2241 441 2312 secte
468 2240 650 2312 ipsum
679 2256 1073 2312 cognoscemus
1098 2242 1243 2298 sicut
1268 2241 1655 2313 cognoscibilis
1683 2247 1788 2306 est,
1808 2255 1934 2295 cum
1957 2239 2133 2294 virtus
2154 2237 2321 2293 intel-

295 2329 472 2385 lectus
500 2329 675 2384 nostri
707 2329 760 2384 in
800 2329 1153 2400 intelligendo
1183 2345 1289 2384 non
1327 2331 1505 2402 possit
1530 2329 1816 2402 adaequari
1857 2328 2081 2385 veritati
2123 2327 2314 2400 ipsiuS,

295 2417 599 2496 secundum
614 2433 779 2491 quam
803 2417 1189 2492 cognoscibilis
1209 2425 1313 2484 est,
1329 2433 1459 2475 cum
1483 2420 1601 2492 ejus
1633 2418 1881 2484 claritas,
1898 2433 1994 2473 seu
2021 2417 2227 2472 veritas
2244 2416 2319 2470 sit

297 2493 534 2576 infinita,
561 2506 872 2564 intellectus
907 2514 1093 2564 autem
1136 2513 1322 2562 noster
1371 2507 1579 2574 finitus,
1613 2505 1930 2562 intellectus
1973 2512 2162 2560 autem
2200 2504 2319 2571 ejus
2410 2563 2414 2567 ,

297 2593 548 2664 infinitus
576 2602 680 2660 est,
711 2594 854 2651 sicut
879 2595 1152 2651 etveritas
1179 2597 1298 2667 ejus
1325 2612 1338 2649 z
1370 2602 1427 2650 et
1457 2595 1580 2650 ideo
1601 2595 1719 2666 ipse
1745 2599 1962 2649 tantum
1998 2606 2057 2646 se
2082 2602 2321 2668 cognos-

297 2682 393 2751 cit,
435 2691 702 2756 quantum
743 2683 1126 2754 cognoscibilis
1168 2689 1272 2749 est,
1325 2684 1471 2746 sicut
1517 2681 1927 2737 conclusionem
1966 2679 2321 2732 demonstra-

296 2771 464 2828 bilem
489 2770 584 2826 ille
612 2772 1042 2850 comprehendit,
1061 2772 1157 2844 qui
1184 2787 1308 2826 eam
1333 2786 1430 2840 per
1454 2768 1984 2824 demonstrationem
2012 2763 2315 2832 cognoscit,

297 2876 400 2918 non
441 2867 633 2918 autem
675 2862 766 2936 qui
811 2859 1094 2933 cognoscit
1133 2873 1256 2913 eam
1300 2853 1693 2925 imperfectiori
1741 2851 1929 2915 modo,
1974 2849 2187 2902 scilicet
2228 2863 2324 2921 per
2390 2909 2395 2913 ‚

297 2950 571 3006 rationem
616 2948 970 3021 probabilem.
1017 2947 1086 3002 Et
1137 2945 1267 3018 quia
1306 2941 1564 2996 ultimum
1610 2933 2047 3018 finem-hominis
2089 2932 2323 2986 dicimus

295 3038 718 3107 beatitudinem,
750 3040 804 3094 in
837 3038 942 3094 hoc
969 3033 1223 3092 consistit
1251 3028 1492 3086 hominis
1538 3023 1841 3086 felicitatiS,
1870 3019 1989 3074 sive
2019 3017 2323 3116 be³3²³t⁸¹f¹⁰²

297 3128 444 3201 quod
467 3129 646 3184 Deum
671 3127 856 3184 videat
881 3143 980 3199 per
1003 3124 1319 3187 essentiam,
1354 3119 1485 3174 licet
1515 3116 1569 3171 in
1608 3110 1947 3188 perfectione
1966 3104 2329 3162 beatitudinis

297 3217 531 3273 multum
569 3216 738 3272 distet
773 3232 805 3272 a
852 3216 987 3280 Deo,
1019 3195 1146 3269 cum
1189 3211 1329 3267 hauc
1368 3203 1773 3289 beati-tudinem
1822 3198 1971 3291 Deus
2004 3208 2117 3292 'per
2171 3209 2327 3292 suam

298 3313 553 3362 naturam
595 3299 814 3371 habeat,
843 3303 1005 3358 homo
1041 3315 1173 3356 vero
1210 3313 1334 3354 eam
1371 3299 1747 3365 consequatur
1778 3299 1876 3358 per
1903 3280 2079 3337 divim
2111 3278 2331 3340 luminis

297 3394 799 3468 participationem,
834 3397 894 3448 ut
919 3405 1086 3468 supra
1111 3388 1326 3468 dictum
1351 3391 1459 3464 est.

1210 3686 1414 3704 -*
