2850 4517
549 432 635 478 vr.
664 448 743 463 -
770 434 1062 479 ormcmu
1102 436 1179 479 nc
1223 436 1408 481 πετο
1453 438 1743 483 conroms
1786 442 2022 486 cnms‘m
2163 426 2284 486 383

286 550 455 608 bilem
482 548 706 607 modum
744 550 946 607 divinae
986 553 1291 624 praesentiae
1332 552 1386 608 in
1416 555 1771 611 sacramento
1815 556 2011 613 visibili
2054 574 2285 614 venere-

286 656 427 707 mur,
459 648 515 697 et
567 638 820 696 laudetur
866 640 967 696 Dei
1008 640 1271 714 potentia,
1301 642 1520 716 quaevin
1559 645 1911 701 sacramento
1957 646 2148 703 eodem
2202 652 2283 703 tot

285 727 559 785 mirabilia
602 734 859 800 operatur
898 746 912 784 ε
956 744 1055 784 nec
1090 745 1197 786 non
1246 736 1300 785 et
1340 730 1409 786 de
1451 738 1560 789 tam
1603 731 1806 789 salubri
1861 740 2083 807 tamque
2129 734 2283 793 suavi

285 816 549 875 beneficio
573 816 924 873 exsolvantur
942 818 1054 873 Deo
1082 817 1383 890 gratiarum
1411 820 1613 877 debitae
1641 822 1905 879 actiones.
1923 824 2126 881 Verum
2151 829 2210 880 et
2235 824 2304 880 si.

287 906 342 961 in
366 905 455 961 die
484 920 676 973 coenae,
709 905 927 977 quando
955 906 1367 963 Sacramentum
1400 906 1722 981 praedictum
1763 910 2008 967 noscitur
2059 910 2285 968 institu-

288 1000 423 1058 tum,
466 993 607 1061 inter
650 994 937 1065 missarum
990 994 1252 1050 solemnia
1298 996 1365 1053 de
1411 996 1756 1054 institutione
1813 999 1982 1071 ipsius
2031 998 2286 1072 specialis
2325 1054 2334 1060 .

288 1083 493 1139 mentio
522 1082 806 1152 habeatur,
835 1088 1011 1139 totum
1034 1092 1212 1140 tamen
1239 1084 1516 1141 residuum
1545 1086 1786 1158 ejusdem
1812 1088 1920 1143 diei
1952 1088 2188 1145 officium
2216 1088 2286 1145 ad

288 1172 485 1227 Christi
515 1170 823 1245 passionem
849 1172 1103 1243 pertinet,
1132 1173 1278 1229 circa
1306 1175 1462 1246 cujus
1485 1175 1890 1232 venerationem
1919 1176 2165 1235 Ecclesia
2195 1177 2286 1233 illo

289 1268 532 1333 tempore
560 1268 877 1334 occupatur.
908 1262 980 1318 Ut
1010 1262 1193 1318 autem
1222 1263 1434 1334 integro
1467 1263 1801 1321 celebritatis
1847 1265 2022 1327 officio
2062 1266 2286 1323 iustitu-

290 1352 492 1406 tionem
524 1350 657 1406 tanti
691 1350 1028 1407 Sacramenti
1054 1349 1319 1407 recoleret
1345 1350 1500 1424 >plebs
1537 1352 1794 1420 fidelium,
1825 1354 2117 1411 Romanus
2137 1356 2284 1411 Pon-

289 1440 427 1495 tifex
449 1440 701 1495 Urbanus
728 1440 817 1508 IV,
849 1439 1009 1512 hujus
1030 1441 1365 1497 Sacramenti
1389 1441 1680 1499 devotione
1709 1444 1954 1509 affectuS,
1983 1444 2070 1516 pie
2090 1446 2286 1501 statuit

285 1528 529 1601 praefatae
553 1528 911 1585 institutionis
938 1530 1257 1585 memoriam
1284 1530 1460 1599 prima
1499 1532 1690 1603 quinta
1727 1530 1864 1588 feria
1893 1538 2016 1604 post
2062 1538 2287 1589 octavas

284 1618 636 1674 Pentecostes
664 1633 696 1672 a
730 1618 945 1675 cunctis
973 1618 1221 1675 fidelibus
1250 1618 1533 1688 celebrari,
1567 1629 1626 1676 ut
1663 1622 1756 1692 qui
1798 1636 1893 1687 per
1936 1626 2112 1678 totum
2161 1621 2285 1676 anni

287 1707 552 1788 circulum
580 1707 683 1786 hoc
719 1707 1070 1763 Sacramento
1109 1707 1317 1763 utimur
1346 1707 1414 1763 ad
1449 1708 1704 1779 salutem,
1733 1724 1852 1779 ejus
1888 1708 2287 1765 institutionem

289 1798 380 1853 illo
418 1782 661 1869 ternpore
708 1796 1018 1870 specialiter
1064 1795 1384 1862 recolamus,
1423 1812 1532 1869 quo
1569 1787 1804 1868 Spiritus
1843 1797 2077 1854 Sanctus
2121 1798 2286 1853 eorda

287 1885 677 1959 discipulorum
698 1886 916 1941 edocuit
944 1885 1013 1942 ad
1032 1885 1189 1959 plene
1216 1884 1593 1956 cognoscenda
1613 1884 1773 1957 hujus
1795 1886 2060 1957 mysteria
2087 1888 2288 1943 Sacra-

288 1977 479 2033 menti.
510 1977 648 2031 Nam
674 1982 729 2031 et
759 1976 813 2031 in
843 1975 1035 2031 eodem
1062 1981 1305 2047 tempore
1332 1974 1499 2048 coepit
1521 1973 1624 2031 hoc
1645 1975 2056 2031 Sacramentum
2084 1991 2116 2033 a
2150 1974 2291 2031 fide-

289 2066 431 2121 libus
458 2065 814 2139 frequentari.

357 2154 517 2227 Resp.
559 2153 912 2211 Coenantibus
953 2152 1061 2209 illis
1103 2152 1315 2226 accepit
1358 2152 1518 2209 Jesus
1557 2168 1774 2225 panem,
1805 2161 1862 2208 et
1901 2151 2180 2209 benedixit
2221 2169 2288 2209 ac

288 2242 470 2315 fregit,
492 2242 752 2315 deditque
779 2242 1063 2317 discipulis
1084 2258 1221 2311 suia,
1238 2250 1295 2299 et
1318 2242 1441 2299 ait:
1471 2243 1738 2315 Accipite,
1769 2250 1826 2299 et
1855 2241 2144 2309 comedite,
2173 2242 2288 2299 Hoc

288 2336 373 2386 est
396 2346 592 2404 corpus
618 2347 819 2389 meum.

365 2419 513 2477 Vers.
544 2420 809 2476 Dixerunt
836 2422 936 2479 viri
963 2420 1300 2481 tabernaculi
1330 2420 1436 2477 mei
1464 2423 1482 2477 ἐ
1509 2418 1642 2491 Quis
1675 2420 1768 2477 det
1795 2418 1864 2477 de
1888 2419 2144 2477 carnibus
2165 2420 2282 2491 ejus

290 2514 351 2563 ut
374 2510 721 2566 saturemur?
750 2510 1017 2583 Accipite.

1052 2704 1361 2772 LECTIO
1405 2706 1522 2773 VI.

358 2869 431 2925 Ut
486 2869 668 2921 autem
716 2860 982 2936 praedicta
1028 2862 1221 2933 quinta
1272 2850 1427 2929 feria,
1473 2867 1527 2917 et
1575 2880 1672 2935 per
1723 2870 1948 2921 octavas
1999 2871 2290 2937 sequentes

291 2960 409 3030 ejus
454 2951 710 3011 salutaris
755 2950 1115 3017 institutionis
1168 2949 1614 3007 honorificentius
1654 2959 1849 3023 agatur
1903 2952 2182 3019 memoria,
2233 2958 2289 3009 et-

290 3044 609 3103 solemnitas
630 3043 697 3097 de
726 3040 828 3097 hoc
864 3039 1128 3096 celebrior
1158 3038 1441 3105 habeatur,
1474 3038 1593 3095 loco
1621 3040 2070 3110 distributionum
2113 3047 2290 3097 mate-

291 3135 528 3198 rialium,
582 3146 705 3203 quae
761 3130 814 3185 in
853 3128 1111 3185 Ecclesiis
1144 3127 1550 3186 cathedralibus
1585 3127 1890 3200 largiuntur
1933 3129 2290 3185 existentibus

290 3224 439 3280 horis
474 3221 748 3277 canonicis
778 3218 1057 3275 nocturnis
1100 3210 1415 3292 pariterque
1459 3217 1688 3286 diurnis,
1717 3217 1976 3289 praefatus
2013 3218 2290 3275 Romanus

288 3311 539 3369 Pontifex
562 3310 642 3365 eis
678 3308 771 3381 qui
800 3307 1106 3379 hujusmodi
1136 3308 1284 3363 horis
1331 3307 1385 3363 in
1418 3306 1520 3363 hac
1547 3306 1892 3363 solemnitate
1937 3307 2292 3379 personaliter

289 3402 347 3458 in
384 3399 643 3457 Ecclesiis
683 3397 1047 3463 interfuerint,
1086 3396 1368 3469 ⁴stipendia
1414 3395 1722 3469 spiritualia
1761 3396 2076 3469 Apostolica
2121 3395 2291 3467 largi-

291 3492 437 3548 tione
461 3488 749 3556 concessit,
780 3493 1052 3560 quatenus
1078 3492 1171 3558 per
1199 3485 1319 3541 haec
1341 3485 1527 3543 fideles
1554 3486 1623 3542 ad
1652 3485 1789 3542 tanti
1831 3483 1956 3541 festi
1995 3483 2291 3540 celebrita-

292 3589 405 3638 tem
432 3578 647 3637 avidius
680 3583 736 3632 et
776 3577 1029 3649 copiosus
1072 3575 1446 3631 convenirent.
1478 3575 1744 3631 Omnibus
1768 3574 1933 3643 igitur
1961 3585 2090 3631 vere
2111 3574 2292 3645 poenia-

290 3668 551 3735 tentibus,
580 3672 634 3723 et
663 3665 943 3733 confessiS,
964 3664 1057 3737 qui
1084 3663 1390 3719 matutinali
1421 3663 1598 3721 officio
1627 3663 1789 3737 hujus
1809 3664 1934 3721 festi
1966 3661 2292 3737 praesentia-

290 3759 415 3815 liter
441 3759 495 3813 in
522 3756 766 3813 Ecclesia
806 3754 899 3811 ubi
922 3753 1286 3811 celebrabitur
1323 3753 1574 3819 aderunt,
1605 3759 1826 3810 centum
1853 3754 1971 3817 dies
1994 3770 2010 3821 ;
2037 3752 2128 3825 qui
2157 3766 2293 3808 vero

288 3848 487 3913 Missae‚
516 3844 766 3901 totidem.
789 3831 1113 3900 Illisautem
1140 3842 1234 3914 qui
1272 3840 1619 3898 interfuerint
1649 3858 1704 3899 m
1746 3842 1936 3914 primis
1964 3840 2136 3919 ipsius
2161 3838 2287 3896 festi

290 3928 555 4010 hesperis,
588 3932 840 3991 similiter
870 3942 1118 3992 centum.
1160 3932 1264 4002 Qui
1321 3947 1449 3989 vero
1495 3930 1553 3987 in
1605 3932 1878 3999 secundis,
1921 3930 2170 3987 totidem.
2199 3928 2292 3985 Eis

290 4040 512 4105 quoque
550 4023 642 4100 qui
682 4022 891 4097 primae,
921 4022 1114 4091 tertiae,
1149 4016 1425 4089 sextae,'et
1456 4034 1630 4087 nonae,
1665 4035 1732 4077 ac
1768 4018 2110 4093 completorii
2154 4018 2292 4076 ade·

1563 4404 1576 4485 my·-
1561 4374 1567 4396 ““

1615 4334 1622 4342 .
