<?xml version="1.0" encoding="UTF-8"?>
<!DOCTYPE html PUBLIC "-//W3C//DTD XHTML 1.0 Transitional//EN"
    "http://www.w3.org/TR/xhtml1/DTD/xhtml1-transitional.dtd">
<html xmlns="http://www.w3.org/1999/xhtml" xml:lang="en" lang="en">
 <head>
  <title>
</title>
<meta http-equiv="Content-Type" content="text/html;charset=utf-8" />
  <meta name='ocr-system' content='tesseract 3.04.00' />
  <meta name='ocr-capabilities' content='ocr_page ocr_carea ocr_par ocr_line ocrx_word'/>
</head>
<body>
  <div class='ocr_page' id='page_1' title='image "./sthomaquinatisd02thomgoog_0179.png"; bbox 0 0 2850 4517; ppageno 0'>
   <div class='ocr_carea' id='block_1_1' title="bbox 757 318 2269 379">
    <p class='ocr_par' dir='ltr' id='par_1_1' title="bbox 757 318 2269 379">
     <span class='ocr_line' id='line_1_1' title="bbox 757 318 2269 379; baseline 0.003 -4"><span class='ocrx_word' id='word_1_1' title='bbox 757 330 802 376; x_wconf 87' lang='lat'>1.</span> <span class='ocrx_word' id='word_1_2' title='bbox 836 346 916 361; x_wconf 91' lang='lat'><em>-</em></span> <span class='ocrx_word' id='word_1_3' title='bbox 945 330 1347 375; x_wconf 70' lang='lat' dir='ltr'>conpsnmuu</span> <span class='ocrx_word' id='word_1_4' title='bbox 1399 318 1763 377; x_wconf 68' lang='lat' dir='ltr'>‘runonoemt</span> <span class='ocrx_word' id='word_1_5' title='bbox 2151 319 2269 379; x_wconf 86' lang='lat'>165</span> 
     </span>
    </p>
   </div>
   <div class='ocr_carea' id='block_1_2' title="bbox 251 439 2288 2041">
    <p class='ocr_par' dir='ltr' id='par_1_2' title="bbox 251 439 2288 2041">
     <span class='ocr_line' id='line_1_2' title="bbox 252 439 2285 526; baseline -0.001 -17"><span class='ocrx_word' id='word_1_6' title='bbox 252 462 438 512; x_wconf 86' lang='lat' dir='ltr'>tamen</span> <span class='ocrx_word' id='word_1_7' title='bbox 488 466 588 526; x_wconf 87' lang='lat' dir='ltr'>per</span> <span class='ocrx_word' id='word_1_8' title='bbox 633 447 935 523; x_wconf 83' lang='lat' dir='ltr'>quamdam</span> <span class='ocrx_word' id='word_1_9' title='bbox 985 439 1427 505; x_wconf 81' lang='lat' dir='ltr'>convenientiam</span> <span class='ocrx_word' id='word_1_10' title='bbox 1474 446 1734 505; x_wconf 83' lang='lat' dir='ltr'>formatio</span> <span class='ocrx_word' id='word_1_11' title='bbox 1772 448 2031 523; x_wconf 77' lang='lat' dir='ltr'>Corporis</span> <span class='ocrx_word' id='word_1_12' title='bbox 2067 448 2285 507; x_wconf 85' lang='lat' dir='ltr'>Christi</span> 
     </span>
     <span class='ocr_line' id='line_1_3' title="bbox 252 535 2288 612; baseline -0.002 -13"><span class='ocrx_word' id='word_1_13' title='bbox 252 542 574 600; x_wconf 72' lang='lat' dir='ltr'>attribuitur</span> <span class='ocrx_word' id='word_1_14' title='bbox 597 535 824 612; x_wconf 88' lang='lat' dir='ltr'>Spiritui</span> <span class='ocrx_word' id='word_1_15' title='bbox 852 538 1072 594; x_wconf 85' lang='lat' dir='ltr'>Sancto.</span> <span class='ocrx_word' id='word_1_16' title='bbox 1103 536 1200 592; x_wconf 88' lang='lat' dir='ltr'>Est</span> <span class='ocrx_word' id='word_1_17' title='bbox 1229 536 1375 593; x_wconf 87' lang='lat' dir='ltr'>enim</span> <span class='ocrx_word' id='word_1_18' title='bbox 1407 538 1644 611; x_wconf 83' lang='lat' dir='ltr'>Spiritus</span> <span class='ocrx_word' id='word_1_19' title='bbox 1666 538 1899 595; x_wconf 87' lang='lat' dir='ltr'>Sanctus</span> <span class='ocrx_word' id='word_1_20' title='bbox 1922 553 2074 593; x_wconf 86' lang='lat' dir='ltr'>amor</span> <span class='ocrx_word' id='word_1_21' title='bbox 2092 540 2288 596; x_wconf 88' lang='lat' dir='ltr'>Patris·</span> 
     </span>
     <span class='ocr_line' id='line_1_4' title="bbox 251 625 2266 703; baseline -0.001 -14"><span class='ocrx_word' id='word_1_22' title='bbox 251 639 310 690; x_wconf 89' lang='lat' dir='ltr'>et</span> <span class='ocrx_word' id='word_1_23' title='bbox 335 632 478 699; x_wconf 88' lang='lat' dir='ltr'>Filii,</span> <span class='ocrx_word' id='word_1_24' title='bbox 512 645 621 703; x_wconf 91' lang='lat' dir='ltr'>quo</span> <span class='ocrx_word' id='word_1_25' title='bbox 649 644 710 685; x_wconf 88' lang='lat' dir='ltr'>se</span> <span class='ocrx_word' id='word_1_26' title='bbox 737 627 976 683; x_wconf 83' lang='lat' dir='ltr'>invicem</span> <span class='ocrx_word' id='word_1_27' title='bbox 998 632 1055 682; x_wconf 89' lang='lat' dir='ltr'>et</span> <span class='ocrx_word' id='word_1_28' title='bbox 1076 640 1177 682; x_wconf 87' lang='lat' dir='ltr'>nos</span> <span class='ocrx_word' id='word_1_29' title='bbox 1197 625 1455 699; x_wconf 81' lang='lat' dir='ltr'>diligunt.</span> <span class='ocrx_word' id='word_1_30' title='bbox 1484 626 1631 682; x_wconf 90' lang='lat' dir='ltr'>Deus</span> <span class='ocrx_word' id='word_1_31' title='bbox 1657 632 1857 693; x_wconf 89' lang='lat' dir='ltr'>autem,</span> <span class='ocrx_word' id='word_1_32' title='bbox 1890 632 1954 682; x_wconf 89' lang='lat' dir='ltr'>ut</span> <span class='ocrx_word' id='word_1_33' title='bbox 1976 628 2266 702; x_wconf 78' lang='lat' dir='ltr'>Apostolus</span> 
     </span>
     <span class='ocr_line' id='line_1_5' title="bbox 253 713 2269 793; baseline -0.002 -14"><span class='ocrx_word' id='word_1_34' title='bbox 253 722 326 779; x_wconf 88' lang='lat' dir='ltr'>ad</span> <span class='ocrx_word' id='word_1_35' title='bbox 352 719 618 793; x_wconf 83' lang='lat' dir='ltr'>Ephesios</span> <span class='ocrx_word' id='word_1_36' title='bbox 654 733 720 777; x_wconf 84' lang='lat' dir='ltr'>u.</span> <span class='ocrx_word' id='word_1_37' title='bbox 765 716 920 784; x_wconf 90' lang='lat' dir='ltr'>dicit,</span> <span class='ocrx_word' id='word_1_38' title='bbox 955 720 1177 789; x_wconf 81' lang='lat' dir='ltr'>propter</span> <span class='ocrx_word' id='word_1_39' title='bbox 1231 714 1457 774; x_wconf 80' lang='lat' dir='ltr'>nimiam</span> <span class='ocrx_word' id='word_1_40' title='bbox 1502 713 1828 772; x_wconf 83' lang='lat' dir='ltr'>charitatem</span> <span class='ocrx_word' id='word_1_41' title='bbox 1856 730 2015 773; x_wconf 88' lang='lat' dir='ltr'>suam</span> <span class='ocrx_word' id='word_1_42' title='bbox 2044 732 2152 790; x_wconf 88' lang='lat' dir='ltr'>qua</span> <span class='ocrx_word' id='word_1_43' title='bbox 2182 718 2269 775; x_wconf 89' lang='lat' dir='ltr'>di-</span> 
     </span>
     <span class='ocr_line' id='line_1_6' title="bbox 255 802 2270 879; baseline -0.001 -13"><span class='ocrx_word' id='word_1_44' title='bbox 255 811 388 868; x_wconf 85' lang='lat' dir='ltr'>lexit</span> <span class='ocrx_word' id='word_1_45' title='bbox 431 824 546 875; x_wconf 89' lang='lat' dir='ltr'>nos,</span> <span class='ocrx_word' id='word_1_46' title='bbox 594 807 767 863; x_wconf 88' lang='lat' dir='ltr'>filium</span> <span class='ocrx_word' id='word_1_47' title='bbox 807 821 968 862; x_wconf 90' lang='lat' dir='ltr'>suum</span> <span class='ocrx_word' id='word_1_48' title='bbox 995 804 1270 863; x_wconf 80' lang='lat' dir='ltr'>incarnari</span> <span class='ocrx_word' id='word_1_49' title='bbox 1311 802 1619 861; x_wconf 80' lang='lat' dir='ltr'>constituit.</span> <span class='ocrx_word' id='word_1_50' title='bbox 1662 804 2061 862; x_wconf 88' lang='lat' dir='ltr'>Convenienter</span> <span class='ocrx_word' id='word_1_51' title='bbox 2104 806 2270 879; x_wconf 84' lang='lat' dir='ltr'>igitur</span> 
     </span>
     <span class='ocr_line' id='line_1_7' title="bbox 255 893 2271 970; baseline -0.002 -12"><span class='ocrx_word' id='word_1_52' title='bbox 255 900 438 958; x_wconf 87' lang='lat' dir='ltr'>carnis</span> <span class='ocrx_word' id='word_1_53' title='bbox 463 897 720 954; x_wconf 77' lang='lat' dir='ltr'>formatio</span> <span class='ocrx_word' id='word_1_54' title='bbox 743 894 970 970; x_wconf 84' lang='lat' dir='ltr'>Spiritui</span> <span class='ocrx_word' id='word_1_55' title='bbox 993 895 1195 953; x_wconf 84' lang='lat' dir='ltr'>Sancto</span> <span class='ocrx_word' id='word_1_56' title='bbox 1220 893 1565 953; x_wconf 78' lang='lat' dir='ltr'>attribuitur.</span> <span class='ocrx_word' id='word_1_57' title='bbox 1594 894 1752 962; x_wconf 88' lang='lat' dir='ltr'>Item,</span> <span class='ocrx_word' id='word_1_58' title='bbox 1768 893 2017 969; x_wconf 87' lang='lat' dir='ltr'>Spiritus</span> <span class='ocrx_word' id='word_1_59' title='bbox 2038 897 2271 953; x_wconf 86' lang='lat' dir='ltr'>Sanctus</span> 
     </span>
     <span class='ocr_line' id='line_1_8' title="bbox 256 972 2271 1061; baseline -0.002 -15"><span class='ocrx_word' id='word_1_60' title='bbox 256 972 500 1046; x_wconf 78' lang='lat' dir='ltr'>omnium</span> <span class='ocrx_word' id='word_1_61' title='bbox 528 988 831 1061; x_wconf 80' lang='lat' dir='ltr'>gratiarum</span> <span class='ocrx_word' id='word_1_62' title='bbox 861 992 946 1043; x_wconf 90' lang='lat' dir='ltr'>est</span> <span class='ocrx_word' id='word_1_63' title='bbox 974 991 1146 1052; x_wconf 83' lang='lat' dir='ltr'>actor,</span> <span class='ocrx_word' id='word_1_64' title='bbox 1183 999 1308 1040; x_wconf 87' lang='lat' dir='ltr'>cum</span> <span class='ocrx_word' id='word_1_65' title='bbox 1333 984 1406 1041; x_wconf 90' lang='lat' dir='ltr'>sit</span> <span class='ocrx_word' id='word_1_66' title='bbox 1433 982 1671 1057; x_wconf 89' lang='lat' dir='ltr'>primum</span> <span class='ocrx_word' id='word_1_67' title='bbox 1698 984 1755 1040; x_wconf 87' lang='lat' dir='ltr'>in</span> <span class='ocrx_word' id='word_1_68' title='bbox 1785 1000 1895 1057; x_wconf 87' lang='lat' dir='ltr'>quo</span> <span class='ocrx_word' id='word_1_69' title='bbox 1922 984 2106 1047; x_wconf 85' lang='lat' dir='ltr'>omnia</span> <span class='ocrx_word' id='word_1_70' title='bbox 2130 985 2271 1050; x_wconf 87' lang='lat' dir='ltr'>dona</span> 
     </span>
     <span class='ocr_line' id='line_1_9' title="bbox 257 1072 2272 1151; baseline -0 -18"><span class='ocrx_word' id='word_1_71' title='bbox 257 1079 431 1151; x_wconf 82' lang='lat' dir='ltr'>gratis</span> <span class='ocrx_word' id='word_1_72' title='bbox 457 1077 730 1133; x_wconf 85' lang='lat' dir='ltr'>donantur</span> <span class='ocrx_word' id='word_1_73' title='bbox 757 1092 772 1131; x_wconf 74' lang='lat' dir='ltr'>t</span> <span class='ocrx_word' id='word_1_74' title='bbox 805 1074 908 1131; x_wconf 84' lang='lat' dir='ltr'>hoo</span> <span class='ocrx_word' id='word_1_75' title='bbox 949 1079 1134 1131; x_wconf 82' lang='lat' dir='ltr'>autem</span> <span class='ocrx_word' id='word_1_76' title='bbox 1165 1072 1269 1129; x_wconf 88' lang='lat' dir='ltr'>fuit</span> <span class='ocrx_word' id='word_1_77' title='bbox 1297 1072 1792 1147; x_wconf 88' lang='lat' dir='ltr'>superabundantis</span> <span class='ocrx_word' id='word_1_78' title='bbox 1836 1074 2049 1146; x_wconf 75' lang='lat' dir='ltr'>gratiae,</span> <span class='ocrx_word' id='word_1_79' title='bbox 2076 1080 2140 1132; x_wconf 88' lang='lat' dir='ltr'>ut</span> <span class='ocrx_word' id='word_1_80' title='bbox 2166 1076 2272 1133; x_wconf 89' lang='lat' dir='ltr'>bu-</span> 
     </span>
     <span class='ocr_line' id='line_1_10' title="bbox 258 1162 2273 1235; baseline -0 -12"><span class='ocrx_word' id='word_1_81' title='bbox 258 1184 420 1224; x_wconf 86' lang='lat' dir='ltr'>mana</span> <span class='ocrx_word' id='word_1_82' title='bbox 463 1172 661 1222; x_wconf 86' lang='lat' dir='ltr'>natura.</span> <span class='ocrx_word' id='word_1_83' title='bbox 705 1165 764 1219; x_wconf 88' lang='lat' dir='ltr'>in</span> <span class='ocrx_word' id='word_1_84' title='bbox 806 1164 1079 1219; x_wconf 87' lang='lat' dir='ltr'>unitatem</span> <span class='ocrx_word' id='word_1_85' title='bbox 1131 1162 1334 1219; x_wconf 62' lang='lat' dir='ltr'>divinae</span> <span class='ocrx_word' id='word_1_86' title='bbox 1381 1177 1631 1235; x_wconf 84' lang='lat' dir='ltr'>personae</span> <span class='ocrx_word' id='word_1_87' title='bbox 1678 1170 2070 1233; x_wconf 80' lang='lat' dir='ltr'>assumeretur,</span> <span class='ocrx_word' id='word_1_88' title='bbox 2104 1170 2166 1222; x_wconf 88' lang='lat' dir='ltr'>ut</span> <span class='ocrx_word' id='word_1_89' title='bbox 2207 1181 2273 1222; x_wconf 86' lang='lat' dir='ltr'>ex</span> 
     </span>
     <span class='ocr_line' id='line_1_11' title="bbox 257 1251 2268 1329; baseline -0.001 -15"><span class='ocrx_word' id='word_1_90' title='bbox 257 1254 590 1329; x_wconf 85' lang='lat' dir='ltr'>supradictis</span> <span class='ocrx_word' id='word_1_91' title='bbox 634 1260 807 1327; x_wconf 88' lang='lat' dir='ltr'>patet.</span> <span class='ocrx_word' id='word_1_92' title='bbox 842 1252 924 1309; x_wconf 83' lang='lat' dir='ltr'>Ad</span> <span class='ocrx_word' id='word_1_93' title='bbox 963 1252 1453 1309; x_wconf 85' lang='lat' dir='ltr'>demonstrandum</span> <span class='ocrx_word' id='word_1_94' title='bbox 1480 1252 1648 1325; x_wconf 81' lang='lat' dir='ltr'>igitur</span> <span class='ocrx_word' id='word_1_95' title='bbox 1671 1251 1982 1325; x_wconf 85' lang='lat' dir='ltr'>hujusmodi</span> <span class='ocrx_word' id='word_1_96' title='bbox 2013 1254 2268 1327; x_wconf 83' lang='lat' dir='ltr'>gratiam,</span> 
     </span>
     <span class='ocr_line' id='line_1_12' title="bbox 258 1340 2274 1417; baseline -0 -15"><span class='ocrx_word' id='word_1_97' title='bbox 258 1346 514 1402; x_wconf 84' lang='lat' dir='ltr'>formatio</span> <span class='ocrx_word' id='word_1_98' title='bbox 538 1342 795 1417; x_wconf 83' lang='lat' dir='ltr'>Corporis</span> <span class='ocrx_word' id='word_1_99' title='bbox 822 1341 1023 1398; x_wconf 83' lang='lat' dir='ltr'>Christi</span> <span class='ocrx_word' id='word_1_100' title='bbox 1057 1341 1284 1415; x_wconf 88' lang='lat' dir='ltr'>Spiritui</span> <span class='ocrx_word' id='word_1_101' title='bbox 1313 1342 1515 1399; x_wconf 84' lang='lat' dir='ltr'>Sancto</span> <span class='ocrx_word' id='word_1_102' title='bbox 1540 1340 1861 1405; x_wconf 79' lang='lat' dir='ltr'>attribuitur</span> <span class='ocrx_word' id='word_1_103' title='bbox 1893 1360 1909 1398; x_wconf 71' lang='grc' dir='ltr'><strong><em>ι</em></strong></span> <span class='ocrx_word' id='word_1_104' title='bbox 1940 1346 2274 1401; x_wconf 86' lang='lat' dir='ltr'>convenien-</span> 
     </span>
     <span class='ocr_line' id='line_1_13' title="bbox 261 1429 2274 1491; baseline -0 0"><span class='ocrx_word' id='word_1_105' title='bbox 261 1442 346 1491; x_wconf 89' lang='lat' dir='ltr'>ter</span> <span class='ocrx_word' id='word_1_106' title='bbox 373 1434 539 1490; x_wconf 88' lang='lat' dir='ltr'>etiam</span> <span class='ocrx_word' id='word_1_107' title='bbox 577 1432 683 1489; x_wconf 85' lang='lat' dir='ltr'>boo</span> <span class='ocrx_word' id='word_1_108' title='bbox 727 1431 930 1487; x_wconf 83' lang='lat' dir='ltr'>dicitur</span> <span class='ocrx_word' id='word_1_109' title='bbox 967 1429 1268 1487; x_wconf 84' lang='lat' dir='ltr'>seeundum</span> <span class='ocrx_word' id='word_1_110' title='bbox 1306 1429 1723 1489; x_wconf 83' lang='lat' dir='ltr'>similitudinem</span> <span class='ocrx_word' id='word_1_111' title='bbox 1759 1431 1985 1489; x_wconf 87' lang='lat' dir='ltr'>humani</span> <span class='ocrx_word' id='word_1_112' title='bbox 2017 1434 2172 1491; x_wconf 82' lang='lat' dir='ltr'>verbi</span> <span class='ocrx_word' id='word_1_113' title='bbox 2214 1442 2274 1490; x_wconf 89' lang='lat' dir='ltr'>et</span> 
     </span>
     <span class='ocr_line' id='line_1_14' title="bbox 259 1518 2272 1597; baseline 0.001 -18"><span class='ocrx_word' id='word_1_114' title='bbox 259 1524 506 1597; x_wconf 87' lang='lat' dir='ltr'>spiritus.</span> <span class='ocrx_word' id='word_1_115' title='bbox 534 1521 778 1578; x_wconf 85' lang='lat' dir='ltr'>Verbum</span> <span class='ocrx_word' id='word_1_116' title='bbox 801 1521 949 1577; x_wconf 88' lang='lat' dir='ltr'>enim</span> <span class='ocrx_word' id='word_1_117' title='bbox 970 1519 1270 1577; x_wconf 87' lang='lat' dir='ltr'>humanum</span> <span class='ocrx_word' id='word_1_118' title='bbox 1299 1519 1352 1576; x_wconf 88' lang='lat' dir='ltr'>in</span> <span class='ocrx_word' id='word_1_119' title='bbox 1377 1522 1541 1580; x_wconf 87' lang='lat' dir='ltr'>oorde</span> <span class='ocrx_word' id='word_1_120' title='bbox 1568 1521 1828 1591; x_wconf 78' lang='lat' dir='ltr'>existen5‚</span> <span class='ocrx_word' id='word_1_121' title='bbox 1857 1518 2272 1581; x_wconf 76' lang='lat' dir='ltr'>similitudinem</span> 
     </span>
     <span class='ocr_line' id='line_1_15' title="bbox 259 1609 2273 1686; baseline 0.001 -17"><span class='ocrx_word' id='word_1_122' title='bbox 259 1614 403 1685; x_wconf 86' lang='lat' dir='ltr'>gerit</span> <span class='ocrx_word' id='word_1_123' title='bbox 427 1610 637 1679; x_wconf 77' lang='lat' dir='ltr'>aeterni,</span> <span class='ocrx_word' id='word_1_124' title='bbox 663 1610 969 1686; x_wconf 80' lang='lat' dir='ltr'>seeundum</span> <span class='ocrx_word' id='word_1_125' title='bbox 998 1610 1147 1683; x_wconf 91' lang='lat' dir='ltr'>quod</span> <span class='ocrx_word' id='word_1_126' title='bbox 1171 1609 1358 1667; x_wconf 85' lang='lat' dir='ltr'>existit</span> <span class='ocrx_word' id='word_1_127' title='bbox 1383 1612 1441 1667; x_wconf 89' lang='lat' dir='ltr'>in</span> <span class='ocrx_word' id='word_1_128' title='bbox 1468 1611 1650 1669; x_wconf 84' lang='lat' dir='ltr'>Patre.</span> <span class='ocrx_word' id='word_1_129' title='bbox 1681 1613 1835 1669; x_wconf 83' lang='lat' dir='ltr'>Sicut</span> <span class='ocrx_word' id='word_1_130' title='bbox 1864 1619 2050 1671; x_wconf 86' lang='lat' dir='ltr'>autem</span> <span class='ocrx_word' id='word_1_131' title='bbox 2073 1613 2273 1672; x_wconf 91' lang='lat' dir='ltr'>huma-</span> 
     </span>
     <span class='ocr_line' id='line_1_16' title="bbox 262 1699 2267 1773; baseline 0.002 -16"><span class='ocrx_word' id='word_1_132' title='bbox 262 1718 392 1757; x_wconf 90' lang='lat' dir='ltr'>num</span> <span class='ocrx_word' id='word_1_133' title='bbox 417 1701 642 1758; x_wconf 85' lang='lat' dir='ltr'>verbum</span> <span class='ocrx_word' id='word_1_134' title='bbox 665 1714 856 1756; x_wconf 82' lang='lat' dir='ltr'>vocem</span> <span class='ocrx_word' id='word_1_135' title='bbox 883 1699 1133 1768; x_wconf 87' lang='lat' dir='ltr'>assumit,</span> <span class='ocrx_word' id='word_1_136' title='bbox 1163 1706 1223 1755; x_wconf 89' lang='lat' dir='ltr'>ut</span> <span class='ocrx_word' id='word_1_137' title='bbox 1250 1700 1583 1757; x_wconf 86' lang='lat' dir='ltr'>sensibiliter</span> <span class='ocrx_word' id='word_1_138' title='bbox 1604 1700 1915 1759; x_wconf 85' lang='lat' dir='ltr'>hominibus</span> <span class='ocrx_word' id='word_1_139' title='bbox 1942 1703 2267 1773; x_wconf 86' lang='lat' dir='ltr'>innotescat,</span> 
     </span>
     <span class='ocr_line' id='line_1_17' title="bbox 259 1789 2273 1869; baseline 0.002 -22"><span class='ocrx_word' id='word_1_140' title='bbox 259 1795 338 1847; x_wconf 87' lang='lat' dir='ltr'>ita</span> <span class='ocrx_word' id='word_1_141' title='bbox 365 1798 422 1846; x_wconf 93' lang='lat' dir='ltr'>et</span> <span class='ocrx_word' id='word_1_142' title='bbox 441 1790 682 1847; x_wconf 89' lang='lat' dir='ltr'>Verbum</span> <span class='ocrx_word' id='word_1_143' title='bbox 705 1790 804 1845; x_wconf 89' lang='lat' dir='ltr'>Dei</span> <span class='ocrx_word' id='word_1_144' title='bbox 829 1805 1050 1847; x_wconf 86' lang='lat' dir='ltr'>carnem</span> <span class='ocrx_word' id='word_1_145' title='bbox 1080 1789 1394 1869; x_wconf 79' lang='lat' dir='ltr'>assumpsit,</span> <span class='ocrx_word' id='word_1_146' title='bbox 1429 1796 1490 1847; x_wconf 88' lang='lat' dir='ltr'>ut</span> <span class='ocrx_word' id='word_1_147' title='bbox 1518 1790 1809 1852; x_wconf 87' lang='lat' dir='ltr'>visibiliter</span> <span class='ocrx_word' id='word_1_148' title='bbox 1832 1792 2143 1851; x_wconf 89' lang='lat' dir='ltr'>hominibus</span> <span class='ocrx_word' id='word_1_149' title='bbox 2170 1810 2273 1868; x_wconf 88' lang='lat' dir='ltr'>ap·-</span> 
     </span>
     <span class='ocr_line' id='line_1_18' title="bbox 257 1872 2273 1953; baseline 0.003 -20"><span class='ocrx_word' id='word_1_150' title='bbox 257 1885 502 1953; x_wconf 85' lang='lat' dir='ltr'>pareret.</span> <span class='ocrx_word' id='word_1_151' title='bbox 531 1878 648 1933; x_wconf 87' lang='lat' dir='ltr'>Vox</span> <span class='ocrx_word' id='word_1_152' title='bbox 679 1884 859 1933; x_wconf 88' lang='lat' dir='ltr'>autem</span> <span class='ocrx_word' id='word_1_153' title='bbox 884 1878 1126 1934; x_wconf 84' lang='lat' dir='ltr'>humana</span> <span class='ocrx_word' id='word_1_154' title='bbox 1152 1895 1248 1951; x_wconf 91' lang='lat' dir='ltr'>per</span> <span class='ocrx_word' id='word_1_155' title='bbox 1276 1878 1512 1936; x_wconf 88' lang='lat' dir='ltr'>hominis</span> <span class='ocrx_word' id='word_1_156' title='bbox 1535 1879 1789 1951; x_wconf 84' lang='lat' dir='ltr'>spiritum</span> <span class='ocrx_word' id='word_1_157' title='bbox 1812 1880 2099 1951; x_wconf 84' lang='lat' dir='ltr'>formatur,</span> <span class='ocrx_word' id='word_1_158' title='bbox 2129 1872 2273 1939; x_wconf 87' lang='lat' dir='ltr'>unde</span> 
     </span>
     <span class='ocr_line' id='line_1_19' title="bbox 257 1965 1885 2041; baseline 0.001 -16"><span class='ocrx_word' id='word_1_159' title='bbox 257 1975 317 2025; x_wconf 87' lang='lat' dir='ltr'>et.</span> <span class='ocrx_word' id='word_1_160' title='bbox 347 1981 480 2023; x_wconf 85' lang='lat' dir='ltr'>caro</span> <span class='ocrx_word' id='word_1_161' title='bbox 511 1965 672 2023; x_wconf 82' lang='lat' dir='ltr'>Verbi</span> <span class='ocrx_word' id='word_1_162' title='bbox 701 1966 798 2021; x_wconf 93' lang='lat' dir='ltr'>Dei</span> <span class='ocrx_word' id='word_1_163' title='bbox 824 1983 918 2039; x_wconf 85' lang='lat' dir='ltr'>per</span> <span class='ocrx_word' id='word_1_164' title='bbox 944 1968 1200 2041; x_wconf 88' lang='lat' dir='ltr'>spiritum</span> <span class='ocrx_word' id='word_1_165' title='bbox 1227 1966 1391 2024; x_wconf 84' lang='lat' dir='ltr'>Verbi</span> <span class='ocrx_word' id='word_1_166' title='bbox 1422 1966 1647 2024; x_wconf 84' lang='lat' dir='ltr'>formari</span> <span class='ocrx_word' id='word_1_167' title='bbox 1676 1968 1885 2027; x_wconf 87' lang='lat' dir='ltr'>debuit.</span> 
     </span>
    </p>
   </div>
   <div class='ocr_carea' id='block_1_3' title="bbox 959 2138 1569 2209">
    <p class='ocr_par' dir='ltr' id='par_1_3' title="bbox 959 2138 1569 2209">
     <span class='ocr_line' id='line_1_20' title="bbox 959 2138 1569 2209; baseline 0 -2"><span class='ocrx_word' id='word_1_168' title='bbox 959 2138 1243 2209; x_wconf 82' lang='lat' dir='ltr'>CAPUT</span> <span class='ocrx_word' id='word_1_169' title='bbox 1303 2140 1569 2209; x_wconf 84' lang='lat' dir='ltr'>CCXX.</span> 
     </span>
    </p>
   </div>
   <div class='ocr_carea' id='block_1_4' title="bbox 412 2278 2133 2441">
    <p class='ocr_par' dir='ltr' id='par_1_4' title="bbox 412 2278 2133 2441">
     <span class='ocr_line' id='line_1_21' title="bbox 412 2278 2133 2365; baseline 0.003 -20"><span class='ocrx_word' id='word_1_170' title='bbox 412 2280 744 2363; x_wconf 69' lang='lat' dir='ltr'>Expositio</span> <span class='ocrx_word' id='word_1_171' title='bbox 773 2278 1031 2347; x_wconf 61' lang='lat' dir='ltr'>articuli</span> <span class='ocrx_word' id='word_1_172' title='bbox 1057 2281 1124 2343; x_wconf 75' lang='lat' dir='ltr'>in</span> <span class='ocrx_word' id='word_1_173' title='bbox 1151 2280 1430 2361; x_wconf 68' lang='lat' dir='ltr'>Symbola</span> <span class='ocrx_word' id='word_1_174' title='bbox 1447 2283 1741 2364; x_wconf 47' lang='lat' dir='ltr'>positi-de</span> <span class='ocrx_word' id='word_1_175' title='bbox 1762 2286 2133 2365; x_wconf 72' lang='lat' dir='ltr'>conceptione</span> 
     </span>
     <span class='ocr_line' id='line_1_22' title="bbox 924 2370 2044 2441; baseline 0 -8"><span class='ocrx_word' id='word_1_176' title='bbox 924 2374 982 2433; x_wconf 75' lang='lat' dir='ltr'>et</span> <span class='ocrx_word' id='word_1_177' title='bbox 1007 2370 1332 2435; x_wconf 79' lang='lat' dir='ltr'>nativitate</span> <span class='ocrx_word' id='word_1_178' title='bbox 1365 2372 1618 2441; x_wconf 73' lang='lat' dir='ltr'>Christi.</span> <span class='ocrx_word' id='word_1_179' title='bbox 2030 2398 2044 2411; x_wconf 93' lang='lat'><strong>·</strong></span> 
     </span>
    </p>
   </div>
   <div class='ocr_carea' id='block_1_5' title="bbox 262 2500 2297 4001">
    <p class='ocr_par' dir='ltr' id='par_1_5' title="bbox 262 2500 2297 4001">
     <span class='ocr_line' id='line_1_23' title="bbox 337 2500 2279 2585; baseline 0.005 -26"><span class='ocrx_word' id='word_1_180' title='bbox 337 2503 421 2560; x_wconf 84' lang='lat' dir='ltr'>Ad</span> <span class='ocrx_word' id='word_1_181' title='bbox 449 2502 849 2560; x_wconf 81' lang='lat' dir='ltr'>excludendum</span> <span class='ocrx_word' id='word_1_182' title='bbox 873 2500 1043 2574; x_wconf 84' lang='lat' dir='ltr'>igitur</span> <span class='ocrx_word' id='word_1_183' title='bbox 1065 2519 1305 2563; x_wconf 83' lang='lat' dir='ltr'>errorem</span> <span class='ocrx_word' id='word_1_184' title='bbox 1333 2504 1556 2563; x_wconf 82' lang='lat' dir='ltr'>Ebionis</span> <span class='ocrx_word' id='word_1_185' title='bbox 1580 2506 1923 2579; x_wconf 79' lang='lat' dir='ltr'>et‘Cerintbi,</span> <span class='ocrx_word' id='word_1_186' title='bbox 1952 2510 2045 2585; x_wconf 88' lang='lat' dir='ltr'>qui</span> <span class='ocrx_word' id='word_1_187' title='bbox 2071 2512 2279 2585; x_wconf 86' lang='lat' dir='ltr'>Corpus</span> 
     </span>
     <span class='ocr_line' id='line_1_24' title="bbox 263 2592 2279 2673; baseline 0.003 -23"><span class='ocrx_word' id='word_1_188' title='bbox 263 2593 468 2651; x_wconf 86' lang='lat' dir='ltr'>Christi</span> <span class='ocrx_word' id='word_1_189' title='bbox 515 2609 584 2648; x_wconf 82' lang='lat' dir='ltr'>ex</span> <span class='ocrx_word' id='word_1_190' title='bbox 625 2592 772 2653; x_wconf 84' lang='lat' dir='ltr'>virili</span> <span class='ocrx_word' id='word_1_191' title='bbox 801 2592 1011 2648; x_wconf 86' lang='lat' dir='ltr'>semine</span> <span class='ocrx_word' id='word_1_192' title='bbox 1057 2592 1351 2650; x_wconf 87' lang='lat' dir='ltr'>formatum</span> <span class='ocrx_word' id='word_1_193' title='bbox 1381 2594 1657 2665; x_wconf 86' lang='lat' dir='ltr'>dixerunt,</span> <span class='ocrx_word' id='word_1_194' title='bbox 1706 2597 1909 2654; x_wconf 86' lang='lat' dir='ltr'>dicitur</span> <span class='ocrx_word' id='word_1_195' title='bbox 1936 2600 1991 2654; x_wconf 90' lang='lat' dir='ltr'>in</span> <span class='ocrx_word' id='word_1_196' title='bbox 2030 2600 2279 2673; x_wconf 84' lang='lat' dir='ltr'>symbolo</span> 
     </span>
     <span class='ocr_line' id='line_1_25' title="bbox 262 2674 2281 2761; baseline 0.002 -20"><span class='ocrx_word' id='word_1_197' title='bbox 262 2681 666 2756; x_wconf 79' lang='lat' dir='ltr'>Apostolorum·</span> <span class='ocrx_word' id='word_1_198' title='bbox 691 2696 707 2735; x_wconf 75' lang='lat' dir='ltr'>t</span> <span class='ocrx_word' id='word_1_199' title='bbox 748 2680 855 2747; x_wconf 76' lang='lat' dir='ltr'>Qm·</span> <span class='ocrx_word' id='word_1_200' title='bbox 874 2690 1152 2755; x_wconf 72' lang='lat' dir='ltr'>,conceptus</span> <span class='ocrx_word' id='word_1_201' title='bbox 1179 2690 1256 2741; x_wconf 80' lang='lat' dir='ltr'>est</span> <span class='ocrx_word' id='word_1_202' title='bbox 1283 2682 1346 2739; x_wconf 82' lang='lat' dir='ltr'>de</span> <span class='ocrx_word' id='word_1_203' title='bbox 1387 2683 1603 2757; x_wconf 77' lang='lat' dir='ltr'>Spiritu</span> <span class='ocrx_word' id='word_1_204' title='bbox 1630 2685 1839 2741; x_wconf 82' lang='lat' dir='ltr'>Sancto.</span> <span class='ocrx_word' id='word_1_205' title='bbox 1871 2686 2015 2743; x_wconf 89' lang='lat' dir='ltr'>Loco</span> <span class='ocrx_word' id='word_1_206' title='bbox 2043 2674 2200 2761; x_wconf 80' lang='lat' dir='ltr'>eujus</span> <span class='ocrx_word' id='word_1_207' title='bbox 2224 2690 2281 2745; x_wconf 90' lang='lat' dir='ltr'>in</span> 
     </span>
     <span class='ocr_line' id='line_1_26' title="bbox 263 2770 2282 2847; baseline 0.002 -19"><span class='ocrx_word' id='word_1_208' title='bbox 263 2770 521 2846; x_wconf 77' lang='lat' dir='ltr'>symbolo</span> <span class='ocrx_word' id='word_1_209' title='bbox 548 2770 996 2827; x_wconf 77' lang='lat' dir='ltr'>Petrum-dicitur</span> <span class='ocrx_word' id='word_1_210' title='bbox 1033 2788 1048 2829; x_wconf 72' lang='grc' dir='ltr'><strong>ε</strong></span> <span class='ocrx_word' id='word_1_211' title='bbox 1081 2772 1155 2835; x_wconf 81' lang='lat' dir='ltr'>Et</span> <span class='ocrx_word' id='word_1_212' title='bbox 1185 2772 1503 2830; x_wconf 78' lang='lat' dir='ltr'>incarnatus</span> <span class='ocrx_word' id='word_1_213' title='bbox 1544 2780 1623 2829; x_wconf 81' lang='lat' dir='ltr'>est</span> <span class='ocrx_word' id='word_1_214' title='bbox 1662 2774 1723 2827; x_wconf 83' lang='lat' dir='ltr'>de</span> <span class='ocrx_word' id='word_1_215' title='bbox 1748 2774 1957 2847; x_wconf 78' lang='lat' dir='ltr'>Spiritu</span> <span class='ocrx_word' id='word_1_216' title='bbox 1978 2776 2190 2843; x_wconf 80' lang='lat' dir='ltr'>sancto,</span> <span class='ocrx_word' id='word_1_217' title='bbox 2224 2785 2282 2833; x_wconf 89' lang='lat' dir='ltr'>ut</span> 
     </span>
     <span class='ocr_line' id='line_1_27' title="bbox 263 2859 2283 2934; baseline 0.001 -17"><span class='ocrx_word' id='word_1_218' title='bbox 263 2876 376 2917; x_wconf 87' lang='lat' dir='ltr'>non</span> <span class='ocrx_word' id='word_1_219' title='bbox 417 2859 826 2933; x_wconf 79' lang='lat' dir='ltr'>phantasticum</span> <span class='ocrx_word' id='word_1_220' title='bbox 854 2876 1052 2934; x_wconf 86' lang='lat' dir='ltr'>corpus</span> <span class='ocrx_word' id='word_1_221' title='bbox 1081 2862 1382 2918; x_wconf 85' lang='lat' dir='ltr'>seeundum</span> <span class='ocrx_word' id='word_1_222' title='bbox 1407 2860 1755 2929; x_wconf 81' lang='lat' dir='ltr'>ManichaeoS,</span> <span class='ocrx_word' id='word_1_223' title='bbox 1788 2864 1883 2919; x_wconf 90' lang='lat' dir='ltr'>sed</span> <span class='ocrx_word' id='word_1_224' title='bbox 1924 2876 2110 2921; x_wconf 85' lang='lat' dir='ltr'>veram</span> <span class='ocrx_word' id='word_1_225' title='bbox 2154 2881 2283 2921; x_wconf 86' lang='lat' dir='ltr'>car-</span> 
     </span>
     <span class='ocr_line' id='line_1_28' title="bbox 265 2949 2285 3025; baseline 0.001 -19"><span class='ocrx_word' id='word_1_226' title='bbox 265 2966 396 3009; x_wconf 86' lang='lat' dir='ltr'>nem</span> <span class='ocrx_word' id='word_1_227' title='bbox 439 2949 798 3021; x_wconf 79' lang='lat' dir='ltr'>assumpsisse</span> <span class='ocrx_word' id='word_1_228' title='bbox 845 2950 1123 3007; x_wconf 76' lang='lat' dir='ltr'>credatur.</span> <span class='ocrx_word' id='word_1_229' title='bbox 1170 2950 1435 3008; x_wconf 85' lang='lat' dir='ltr'>Additum</span> <span class='ocrx_word' id='word_1_230' title='bbox 1474 2956 1559 3006; x_wconf 89' lang='lat' dir='ltr'>est</span> <span class='ocrx_word' id='word_1_231' title='bbox 1588 2954 1777 3008; x_wconf 84' lang='lat' dir='ltr'>autem</span> <span class='ocrx_word' id='word_1_232' title='bbox 1811 2950 1867 3006; x_wconf 89' lang='lat' dir='ltr'>in</span> <span class='ocrx_word' id='word_1_233' title='bbox 1904 2951 2153 3025; x_wconf 85' lang='lat' dir='ltr'>symbolo</span> <span class='ocrx_word' id='word_1_234' title='bbox 2180 2954 2285 3009; x_wconf 88' lang='lat' dir='ltr'>Pa·</span> 
     </span>
     <span class='ocr_line' id='line_1_29' title="bbox 267 3038 2281 3112; baseline 0.002 -19"><span class='ocrx_word' id='word_1_235' title='bbox 267 3046 438 3105; x_wconf 85' lang='lat' dir='ltr'>trum,</span> <span class='ocrx_word' id='word_1_236' title='bbox 468 3044 694 3111; x_wconf 78' lang='lat' dir='ltr'>propter</span> <span class='ocrx_word' id='word_1_237' title='bbox 740 3055 838 3095; x_wconf 77' lang='lat' dir='ltr'>nos</span> <span class='ocrx_word' id='word_1_238' title='bbox 877 3040 1130 3107; x_wconf 80' lang='lat' dir='ltr'>homines,</span> <span class='ocrx_word' id='word_1_239' title='bbox 1179 3040 1247 3098; x_wconf 88' lang='lat' dir='ltr'>ad</span> <span class='ocrx_word' id='word_1_240' title='bbox 1294 3038 1689 3107; x_wconf 77' lang='lat' dir='ltr'>excludendum</span> <span class='ocrx_word' id='word_1_241' title='bbox 1727 3038 1978 3111; x_wconf 81' lang='lat' dir='ltr'>origenis</span> <span class='ocrx_word' id='word_1_242' title='bbox 2020 3056 2281 3112; x_wconf 89' lang='lat' dir='ltr'>errorem,</span> 
     </span>
     <span class='ocr_line' id='line_1_30' title="bbox 267 3128 2280 3206; baseline 0.001 -23"><span class='ocrx_word' id='word_1_243' title='bbox 267 3128 366 3202; x_wconf 85' lang='lat' dir='ltr'>qui</span> <span class='ocrx_word' id='word_1_244' title='bbox 413 3128 598 3199; x_wconf 87' lang='lat' dir='ltr'>posuit</span> <span class='ocrx_word' id='word_1_245' title='bbox 635 3129 842 3185; x_wconf 73' lang='lat' dir='ltr'>virtute</span> <span class='ocrx_word' id='word_1_246' title='bbox 869 3130 1142 3206; x_wconf 87' lang='lat' dir='ltr'>passionis</span> <span class='ocrx_word' id='word_1_247' title='bbox 1182 3128 1380 3186; x_wconf 86' lang='lat' dir='ltr'>Christi</span> <span class='ocrx_word' id='word_1_248' title='bbox 1440 3130 1608 3187; x_wconf 86' lang='lat' dir='ltr'>etiam</span> <span class='ocrx_word' id='word_1_249' title='bbox 1648 3128 1924 3187; x_wconf 88' lang='lat' dir='ltr'>daemones</span> <span class='ocrx_word' id='word_1_250' title='bbox 1954 3128 2280 3191; x_wconf 84' lang='lat' dir='ltr'>liberandos.</span> 
     </span>
     <span class='ocr_line' id='line_1_31' title="bbox 269 3216 2288 3295; baseline 0.001 -22"><span class='ocrx_word' id='word_1_251' title='bbox 269 3216 538 3273; x_wconf 81' lang='lat' dir='ltr'>Additum</span> <span class='ocrx_word' id='word_1_252' title='bbox 567 3222 652 3272; x_wconf 86' lang='lat' dir='ltr'>est</span> <span class='ocrx_word' id='word_1_253' title='bbox 680 3219 850 3273; x_wconf 86' lang='lat' dir='ltr'>etiam</span> <span class='ocrx_word' id='word_1_254' title='bbox 893 3220 945 3274; x_wconf 89' lang='lat' dir='ltr'>in</span> <span class='ocrx_word' id='word_1_255' title='bbox 975 3219 1188 3285; x_wconf 89' lang='lat' dir='ltr'>eodem,</span> <span class='ocrx_word' id='word_1_256' title='bbox 1231 3225 1464 3292; x_wconf 80' lang='lat' dir='ltr'>propter</span> <span class='ocrx_word' id='word_1_257' title='bbox 1484 3219 1745 3275; x_wconf 68' lang='lat' dir='ltr'>&#39;nostram</span> <span class='ocrx_word' id='word_1_258' title='bbox 1782 3218 2023 3286; x_wconf 76' lang='lat' dir='ltr'>salutem,</span> <span class='ocrx_word' id='word_1_259' title='bbox 2060 3227 2119 3277; x_wconf 88' lang='lat' dir='ltr'>ut</span> <span class='ocrx_word' id='word_1_260' title='bbox 2150 3236 2288 3295; x_wconf 80' lang='lat' dir='ltr'>mys-</span> 
     </span>
     <span class='ocr_line' id='line_1_32' title="bbox 271 3306 2289 3379; baseline 0.002 -18"><span class='ocrx_word' id='word_1_261' title='bbox 271 3307 472 3362; x_wconf 86' lang='lat' dir='ltr'>terium</span> <span class='ocrx_word' id='word_1_262' title='bbox 518 3306 911 3372; x_wconf 80' lang='lat' dir='ltr'>incarnationis</span> <span class='ocrx_word' id='word_1_263' title='bbox 949 3307 1148 3365; x_wconf 86' lang='lat' dir='ltr'>Christi</span> <span class='ocrx_word' id='word_1_264' title='bbox 1179 3306 1458 3365; x_wconf 84' lang='lat' dir='ltr'>sufficiens</span> <span class='ocrx_word' id='word_1_265' title='bbox 1499 3309 1567 3365; x_wconf 89' lang='lat' dir='ltr'>ad</span> <span class='ocrx_word' id='word_1_266' title='bbox 1596 3308 1891 3365; x_wconf 87' lang='lat' dir='ltr'>humanam</span> <span class='ocrx_word' id='word_1_267' title='bbox 1932 3308 2165 3366; x_wconf 84' lang='lat' dir='ltr'>salutem</span> <span class='ocrx_word' id='word_1_268' title='bbox 2195 3324 2289 3379; x_wconf 81' lang='lat' dir='ltr'>os-</span> 
     </span>
     <span class='ocr_line' id='line_1_33' title="bbox 272 3393 2289 3470; baseline 0.002 -22"><span class='ocrx_word' id='word_1_269' title='bbox 272 3393 552 3462; x_wconf 88' lang='lat' dir='ltr'>tendatur,</span> <span class='ocrx_word' id='word_1_270' title='bbox 597 3402 792 3453; x_wconf 87' lang='lat' dir='ltr'>contra</span> <span class='ocrx_word' id='word_1_271' title='bbox 831 3396 1088 3454; x_wconf 67' lang='lat' dir='ltr'>haeresim</span> <span class='ocrx_word' id='word_1_272' title='bbox 1129 3398 1535 3467; x_wconf 85' lang='lat' dir='ltr'>Hazaraeorum,</span> <span class='ocrx_word' id='word_1_273' title='bbox 1583 3399 1675 3470; x_wconf 88' lang='lat' dir='ltr'>qui</span> <span class='ocrx_word' id='word_1_274' title='bbox 1722 3396 1885 3453; x_wconf 84' lang='lat' dir='ltr'>fidem</span> <span class='ocrx_word' id='word_1_275' title='bbox 1934 3396 2135 3453; x_wconf 74' lang='lat' dir='ltr'>Christi</span> <span class='ocrx_word' id='word_1_276' title='bbox 2170 3398 2289 3453; x_wconf 88' lang='lat' dir='ltr'>sine</span> 
     </span>
     <span class='ocr_line' id='line_1_34' title="bbox 270 3483 2292 3559; baseline 0.001 -20"><span class='ocrx_word' id='word_1_277' title='bbox 270 3483 531 3556; x_wconf 89' lang='lat' dir='ltr'>operibus</span> <span class='ocrx_word' id='word_1_278' title='bbox 559 3483 696 3555; x_wconf 85' lang='lat' dir='ltr'>legis</span> <span class='ocrx_word' id='word_1_279' title='bbox 737 3485 806 3541; x_wconf 83' lang='lat' dir='ltr'>ad</span> <span class='ocrx_word' id='word_1_280' title='bbox 839 3484 1398 3543; x_wconf 81' lang='lat' dir='ltr'>salutem&#39;humanam</span> <span class='ocrx_word' id='word_1_281' title='bbox 1429 3502 1539 3542; x_wconf 89' lang='lat' dir='ltr'>non</span> <span class='ocrx_word' id='word_1_282' title='bbox 1566 3486 1813 3543; x_wconf 87' lang='lat' dir='ltr'>sufficere</span> <span class='ocrx_word' id='word_1_283' title='bbox 1856 3486 2141 3559; x_wconf 87' lang='lat' dir='ltr'>putabant.</span> <span class='ocrx_word' id='word_1_284' title='bbox 2173 3486 2292 3547; x_wconf 86' lang='lat' dir='ltr'>Ad·</span> 
     </span>
     <span class='ocr_line' id='line_1_35' title="bbox 270 3572 2292 3643; baseline 0 -16"><span class='ocrx_word' id='word_1_285' title='bbox 270 3572 449 3627; x_wconf 89' lang='lat' dir='ltr'>ditum</span> <span class='ocrx_word' id='word_1_286' title='bbox 495 3574 666 3629; x_wconf 86' lang='lat' dir='ltr'>etiam</span> <span class='ocrx_word' id='word_1_287' title='bbox 709 3582 832 3632; x_wconf 84' lang='lat' dir='ltr'>est:</span> <span class='ocrx_word' id='word_1_288' title='bbox 865 3575 1143 3631; x_wconf 77' lang='lat' dir='ltr'>Descendit</span> <span class='ocrx_word' id='word_1_289' title='bbox 1185 3575 1246 3631; x_wconf 83' lang='lat' dir='ltr'>de</span> <span class='ocrx_word' id='word_1_290' title='bbox 1292 3574 1453 3643; x_wconf 59' lang='lat' dir='ltr'>coelis.</span> <span class='ocrx_word' id='word_1_291' title='bbox 1498 3575 1567 3631; x_wconf 86' lang='lat' dir='ltr'>ad</span> <span class='ocrx_word' id='word_1_292' title='bbox 1611 3574 2010 3631; x_wconf 84' lang='lat' dir='ltr'>excludendum</span> <span class='ocrx_word' id='word_1_293' title='bbox 2052 3589 2292 3631; x_wconf 84' lang='lat' dir='ltr'>errorem</span> 
     </span>
     <span class='ocr_line' id='line_1_36' title="bbox 271 3660 2293 3737; baseline 0 -20"><span class='ocrx_word' id='word_1_294' title='bbox 271 3660 510 3730; x_wconf 73' lang='lat' dir='ltr'>Phanai,</span> <span class='ocrx_word' id='word_1_295' title='bbox 545 3664 638 3735; x_wconf 89' lang='lat' dir='ltr'>qui</span> <span class='ocrx_word' id='word_1_296' title='bbox 668 3662 946 3721; x_wconf 86' lang='lat' dir='ltr'>Christum</span> <span class='ocrx_word' id='word_1_297' title='bbox 975 3681 1172 3737; x_wconf 87' lang='lat' dir='ltr'>purum</span> <span class='ocrx_word' id='word_1_298' title='bbox 1200 3663 1477 3719; x_wconf 86' lang='lat' dir='ltr'>hominem</span> <span class='ocrx_word' id='word_1_299' title='bbox 1508 3665 1788 3732; x_wconf 84' lang='lat' dir='ltr'>afferebat,</span> <span class='ocrx_word' id='word_1_300' title='bbox 1839 3666 2027 3721; x_wconf 88' lang='lat' dir='ltr'>dicens</span> <span class='ocrx_word' id='word_1_301' title='bbox 2064 3679 2191 3726; x_wconf 82' lang='lat' dir='ltr'>eum</span> <span class='ocrx_word' id='word_1_302' title='bbox 2226 3680 2293 3719; x_wconf 86' lang='lat' dir='ltr'>ex</span> 
     </span>
     <span class='ocr_line' id='line_1_37' title="bbox 269 3750 2293 3826; baseline 0 -20"><span class='ocrx_word' id='word_1_303' title='bbox 269 3750 443 3807; x_wconf 80' lang='lat' dir='ltr'>Maria</span> <span class='ocrx_word' id='word_1_304' title='bbox 487 3753 788 3825; x_wconf 86' lang='lat' dir='ltr'>sumpsisse</span> <span class='ocrx_word' id='word_1_305' title='bbox 829 3753 1069 3821; x_wconf 85' lang='lat' dir='ltr'>initium,</span> <span class='ocrx_word' id='word_1_306' title='bbox 1118 3759 1179 3810; x_wconf 88' lang='lat' dir='ltr'>ut</span> <span class='ocrx_word' id='word_1_307' title='bbox 1225 3754 1398 3825; x_wconf 83' lang='lat' dir='ltr'>magis</span> <span class='ocrx_word' id='word_1_308' title='bbox 1440 3770 1536 3826; x_wconf 87' lang='lat' dir='ltr'>per</span> <span class='ocrx_word' id='word_1_309' title='bbox 1578 3753 1737 3811; x_wconf 84' lang='lat' dir='ltr'>bonae</span> <span class='ocrx_word' id='word_1_310' title='bbox 1784 3754 1913 3812; x_wconf 82' lang='lat' dir='ltr'>vilae</span> <span class='ocrx_word' id='word_1_311' title='bbox 1943 3751 2202 3811; x_wconf 89' lang='lat' dir='ltr'>meritum</span> <span class='ocrx_word' id='word_1_312' title='bbox 2240 3752 2293 3807; x_wconf 92' lang='lat' dir='ltr'>in</span> 
     </span>
     <span class='ocr_line' id='line_1_38' title="bbox 271 3837 2295 3916; baseline 0.001 -21"><span class='ocrx_word' id='word_1_313' title='bbox 271 3841 439 3895; x_wconf 86' lang='lat' dir='ltr'>terris</span> <span class='ocrx_word' id='word_1_314' title='bbox 483 3840 696 3897; x_wconf 82' lang='lat' dir='ltr'>habens</span> <span class='ocrx_word' id='word_1_315' title='bbox 732 3843 1061 3916; x_wconf 82' lang='lat' dir='ltr'>principium</span> <span class='ocrx_word' id='word_1_316' title='bbox 1093 3842 1161 3899; x_wconf 89' lang='lat' dir='ltr'>ad</span> <span class='ocrx_word' id='word_1_317' title='bbox 1191 3842 1390 3899; x_wconf 85' lang='lat' dir='ltr'>coe-lum</span> <span class='ocrx_word' id='word_1_318' title='bbox 1432 3837 1770 3909; x_wconf 68' lang='lat' dir='ltr'>ascenderet,</span> <span class='ocrx_word' id='word_1_319' title='bbox 1804 3859 1971 3915; x_wconf 89' lang='lat' dir='ltr'>quam</span> <span class='ocrx_word' id='word_1_320' title='bbox 2014 3840 2295 3898; x_wconf 86' lang='lat' dir='ltr'>coelestem</span> 
     </span>
     <span class='ocr_line' id='line_1_39' title="bbox 270 3928 2297 4001; baseline 0.001 -17"><span class='ocrx_word' id='word_1_321' title='bbox 270 3928 484 3985; x_wconf 86' lang='lat' dir='ltr'>babens</span> <span class='ocrx_word' id='word_1_322' title='bbox 507 3930 780 4001; x_wconf 78' lang='lat' dir='ltr'>originem</span> <span class='ocrx_word' id='word_1_323' title='bbox 821 3932 1149 3988; x_wconf 82' lang='lat' dir='ltr'>assumendo</span> <span class='ocrx_word' id='word_1_324' title='bbox 1175 3944 1394 3988; x_wconf 89' lang='lat' dir='ltr'>carnem</span> <span class='ocrx_word' id='word_1_325' title='bbox 1424 3929 1796 3987; x_wconf 86' lang='lat' dir='ltr'>descendisset</span> <span class='ocrx_word' id='word_1_326' title='bbox 1827 3932 1893 3989; x_wconf 68' lang='lat' dir='ltr'>ad</span> <span class='ocrx_word' id='word_1_327' title='bbox 1924 3937 2147 3989; x_wconf 86' lang='lat' dir='ltr'>terram.</span> <span class='ocrx_word' id='word_1_328' title='bbox 2179 3932 2297 3988; x_wconf 85' lang='lat' dir='ltr'>Ad·-</span> 
     </span>
    </p>
   </div>
  </div>
 </body>
</html>
