2850 4517
525 419 609 466 xv.
640 437 719 452 -
746 424 824 467 os
866 421 1285 473 eserico-riona
1329 431 1495 474 vrrAE
1546 432 1922 480 srmrrmms
2109 417 2232 478 355

210 533 495 590 subditum
530 535 599 591 de
626 537 890 608 religione
931 543 1000 596 ad
1044 543 1346 601 Ecclesiam
1374 559 1532 603 suam
1575 563 1855 616 revocare,
1887 557 1972 605 est
2013 549 2234 605 omnino

210 621 432 690 falsum,
480 630 537 679 et
576 626 749 682 sacris
796 629 1099 688 canonibus
1126 634 1484 706 contrarium.
1533 637 1749 692 Dicitur
1790 637 1936 693 enim
1965 644 2120 694 extra
2160 638 2229 694 de

209 703 628 769 renunciatione
652 729 703 770 c.
726 715 989 774 Admonet
1013 736 1027 776 z
1062 739 1089 772 α
1112 721 1396 779 Universis
1413 724 1748 798 presbyteris
1773 725 1848 780 tui
1871 725 2230 797 Episcopatus

207 798 312 854 sub
341 799 697 858 distinctione
726 804 1031 876 prohibeas,
1076 825 1145 865 ne
1170 810 1430 867 eeclesias
1461 818 1572 870 tuae
1601 813 1857 870 dioecesis
1893 812 1962 869 ad
2006 812 2232 869 ordina-

208 887 420 943 tionem
447 895 599 946 tuam
630 893 965 964 pertinentes
990 894 1197 969 absque
1224 908 1316 955 tuo
1346 915 1569 956 assensu
1598 901 1804 957 intrare
1833 900 2090 968 audeaut,
2135 906 2232 956 aut

206 975 477 1045 detinere,
520 987 615 1035 aut
644 980 921 1038 dimittere
954 990 1006 1038 te
1036 985 1364 1044 inconsulto.
1397 988 1553 1058 Quod
1590 989 1636 1044 si
1662 990 1788 1062 quis
1813 997 2004 1046 contra
2040 988 2232 1062 probi-

204 1064 474 1120 bitionem
503 1075 653 1123 tuam
686 1069 873 1124 venire
906 1076 1335 1147 praesumpserit,
1379 1077 1434 1131 in
1466 1093 1590 1132 eum
1623 1077 1942 1134 canonicam
1973 1092 2232 1134 exerceas

206 1153 504 1223 ultionem;
534 1176 558 1207 »
586 1163 642 1212 et
660 1157 729 1212 de
753 1159 1001 1232 privileg.
1024 1161 1160 1218 Cum
1187 1171 1237 1218 et
1258 1165 1531 1236 plantare.
1557 1165 1608 1237 ἓ.
1640 1165 1709 1222 In
1727 1165 1968 1233 ecclesiis,
1997 1165 2221 1232 dicitur,

206 1243 355 1313 quod
386 1243 625 1314 religiosi
657 1247 711 1300 in
740 1247 987 1304 ecclesiis
1014 1251 1147 1316 suiS,
1180 1267 1305 1324 quae
1334 1254 1402 1308 ad
1433 1253 1581 1326 ipsos
1609 1252 1769 1326 pleno
1793 1255 1918 1326 jure
1955 1269 2062 1311 non
2093 1271 2224 1327 per-

205 1333 406 1400 tinent,
435 1333 801 1392 instituendos
826 1339 1177 1412 presbyteros
1199 1341 1484 1417 Episcopis
1513 1349 1926 1416 repraesentent,
1960 1351 2022 1399 ut
2047 1344 2128 1399 eis
2155 1343 2224 1398 de

198 1420 385 1492 plebis
423 1439 556 1480 cura
598 1427 961 1498 respondeant
1002 1446 1013 1482 :
1049 1430 1181 1501 ipsis
1218 1447 1349 1487 vero
1389 1449 1487 1504 pro
1516 1433 1680 1489 rebus
1710 1432 2100 1504 temporalibus
2129 1448 2224 1488 ra-

205 1510 416 1566 tionem
456 1512 745 1569 exhibeant
774 1517 1182 1586 condecentem,
1226 1520 1508 1576 institutos
1534 1523 1703 1578 etiam
1734 1521 2056 1578 inconsultis
2079 1521 2226 1594 Epis·

192 1601 361 1671 copis
394 1616 499 1656 non
539 1603 775 1658 audeant
806 1619 1115 1666 removere.
1162 1607 1241 1662 Ex
1282 1609 1480 1679 quibus
1511 1625 1618 1665 non
1658 1610 1779 1682 plus
1820 1610 2072 1677 habetur,
2121 1610 2222 1665 nisi

196 1690 353 1764 ,quod
397 1691 700 1768 presbyteri
734 1694 911 1748 curati
942 1710 1049 1750 non
1080 1704 1304 1765 possunt
1346 1697 1628 1752 dimittere
1656 1697 1920 1752 ecclesias
1958 1698 2227 1770 Episcopo

198 1777 537 1843 inconsulto,
592 1787 647 1834 et
688 1779 735 1834 si
777 1779 1104 1846 dimiserint,
1150 1782 1327 1852 puniri
1378 1791 1626 1854 possunt.
1672 1784 1780 1840 Sed
1823 1784 1927 1839 hoc
1972 1782 2226 1856 generale

199 1866 583 1939 imprudenter
620 1867 897 1938 applicant
934 1869 1002 1922 ad
1050 1867 1153 1923 hoc
1195 1869 1454 1941 speciale,
1505 1879 1564 1926 ut
1612 1887 1716 1927 non
1749 1873 1960 1944 possint
1996 1871 2114 1928 sine
2154 1871 2224 1926 li·-

198 1956 387 2010 centia
434 1955 689 2024 Episcopi
736 1953 962 2010 dimissa
1001 1969 1133 2010 cura
1182 1955 1502 2026 religionem
1547 1959 1772 2018 intrare.
1813 1959 2028 2013 Dicitur
2079 1958 2224 2012 enim

198 2055 481 2116 expresse,
529 2043 615 2108 ⁴9,
662 2043 916 2114 quaestio.
968 2058 1007 2098 ι.
1052 2059 1174 2116 cap.
1220 2044 1376 2110 Duoe,
1408 2045 1556 2118 quod
1600 2047 1767 2101 etiam
1813 2046 2224 2102 contradicente

199 2128 475 2205 Episcopo
503 2139 731 2203 possunt
762 2130 943 2186 clerici
975 2121 1271 2188 saeculares
1296 2132 1545 2188 ecclesiis
1579 2135 1694 2189 suis
1731 2134 1974 2190 dimissis
2000 2132 2228 2204 religio·

198 2235 329 2277 uem
362 2221 587 2276 intrare.
612 2219 766 2288 Quod
793 2235 920 2276 vero
944 2220 1197 2288 habetur,
1223 2222 1476 2294 septimO,
1505 2222 1810 2294 quaestione
1832 2221 2028 2293 prima,
2056 2221 2225 2294 Epis-

200 2326 362 2384 copus
387 2308 447 2363 de
472 2309 598 2374 loco,
626 2315 681 2363 et
700 2316 825 2366 caet.
855 2310 1139 2372 manifeste
1168 2309 1370 2366 dicitur
1393 2309 1466 2364 de
1489 2311 1724 2365 transitu
1755 2311 1824 2366 ad
1855 2309 2018 2366 aliam
2044 2309 2227 2366 eccle-

199 2400 367 2464 siam,
414 2411 517 2453 non
562 2405 746 2454 autem
794 2399 862 2454 de
914 2401 1145 2455 transitu
1194 2399 1260 2454 ad
1307 2398 1646 2470 religionem.
1695 2398 1854 2469 Quod
1893 2414 2023 2454 vero
2067 2403 2224 2456 sexto

202 2487 485 2558 objicitur,
527 2487 670 2559 quod
714 2487 963 2544 monachi
1006 2490 1171 2544 etiam
1204 2495 1434 2560 possunt
1464 2489 1698 2545 transire
1733 2489 1806 2544 de
1851 2487 2116 2560 religione
2151 2487 2223 2544 ad

200 2575 509 2633 Ecclesiam
530 2575 847 2641 saecularem
868 2591 993 2630 cum
1016 2592 1167 2643 cura,
1192 2592 1297 2631 non
1318 2585 1403 2632 est
1428 2577 1624 2642 simile,
1648 2577 1778 2648 quia
1800 2591 1906 2633 non
1937 2582 2225 2634 transeunt

201 2668 354 2720 statu
388 2661 663 2732 religionis
686 2661 929 2718 dimisso.
966 2663 1176 2718 Dicitur
1200 2663 1366 2727 enim,
1400 2665 1487 2728 16,
1520 2663 1814 2735 quaestion.
1845 2664 1900 2718 4.
1931 2663 2002 2730 de
2028 2677 2222 2719 mona·

205 2751 324 2807 chis
342 2768 357 2804 ;
378 2771 403 2803 <1
424 2750 527 2820 Qui
554 2752 647 2806 diu
671 2759 945 2819 morantes
968 2750 1021 2806 in
1056 2751 1417 2811 monasteriis,
1447 2750 1490 2805 si
1517 2760 1704 2821 postea
1727 2750 1795 2806 ad
1812 2751 2106 2807 clericatus
2125 2766 2223 2808 or-

203 2842 365 2896 dines
401 2842 767 2913 pervenerint,
812 2841 1109 2906 statuimus
1149 2854 1255 2894 non
1295 2837 1494 2893 debere
1533 2855 1626 2894 eos
1655 2855 1686 2893 a
1730 2837 1898 2910 priori
1939 2839 2223 2911 proposito

204 2931 515 2986 discedere.
554 2949 579 2982 t>
608 2929 714 2986 Sed
756 2928 1201 2994 ArchidiaconuS,
1237 2928 1319 2983 vel
1360 2935 1586 2982 curatus
1611 2926 1836 2982 dimissa
1881 2942 2012 2982 cura
2044 2934 2224 2998 potest

204 3019 529 3090 religionem
572 3019 778 3074 intrare
818 3025 1079 3090 tanquam
1116 3018 1384 3072 transiens
1435 3015 1502 3070 de
1541 3021 1688 3070 statu
1725 3013 2112 3086 imperfectiori
2152 3013 2222 3069 ad

206 3107 615 3178 perfectiorem,
641 3107 837 3179 spiritu
867 3107 963 3171 Dei
994 3109 1209 3169 ductus,
1237 3113 1297 3159 ut
1315 3103 1567 3168 habetur,
1595 3104 1681 3167 49,
1715 3119 1772 3175 q.
1802 3104 1854 3171 ⁴,
1881 3101 2033 3158 Duoe.
2065 3101 2222 3172 Quod

204 3211 341 3250 vero
366 3197 601 3267 septimo
628 3197 963 3268 proponi-tur,
993 3194 1139 3266 quod
1164 3194 1364 3266 aliquis
1392 3194 1482 3265 qui
1511 3191 1614 3246 fuit
1641 3192 1693 3246 in
1719 3191 2008 3257 charitate,
2044 3200 2223 3263 potest

206 3285 467 3340 recodere
498 3301 529 3340 a
554 3279 841 3348 charitate,
872 3283 1037 3356 igitur
1062 3300 1167 3338 non
1194 3285 1442 3355 sequitur
1470 3281 1616 3354 quod
1647 3283 1738 3353 qui
1781 3281 1987 3335 recedit
2013 3298 2044 3336 a
2073 3287 2221 3336 statu

206 3375 581 3446 perfectionis,
626 3390 730 3429 non
773 3373 1020 3428 fueritin
1058 3379 1206 3428 statu
1250 3372 1619 3443 perfectionis,
1661 3379 1774 3424 tam
1822 3367 2074 3423 frivolum
2115 3376 2219 3435 est,

212 3472 271 3516 nt
314 3464 668 3534 responsione
716 3478 817 3518 non
870 3461 1129 3532 indigeat.
1172 3466 1217 3516 A
1253 3458 1522 3514 charitate
1565 3461 1708 3513 enim
1751 3458 1926 3511 nullus
1966 3456 2220 3523 discedit,

209 3551 313 3604 nisi
352 3551 649 3620 peccandm
696 3558 751 3605 et
780 3551 1030 3606 similiter
1068 3565 1099 3604 a
1130 3554 1275 3603 statu
1320 3548 1668 3619 perfectionis
1706 3547 1904 3618 aliquis
1946 3544 2222 3615 peccando

206 3641 421 3695 recedit
461 3658 473 3692 ι
512 3642 639 3712 quia
671 3640 811 3695 sicut
840 3639 906 3694 ad
937 3638 1221 3692 charitatis
1245 3635 1594 3691 dilectionem
1621 3637 1816 3706 aliquis
1851 3635 2124 3702 obligatur
2154 3647 2221 3686 ex

206 3729 330 3800 lege
374 3730 670 3789 communi,
715 3731 789 3783 ita
837 3729 902 3783 ad
950 3733 1154 3782 satum
1205 3723 1553 3796 perfectionis
1599 3727 1796 3794 aliquis
1833 3723 2106 3792 obligatur
2153 3735 2220 3774 ex

212 3827 339 3873 voto
386 3818 633 3889 speciali.
684 3818 835 3886 Quod
868 3834 993 3869 vero
1036 3825 1229 3869 ‹irlavo
1278 3816 1593 3885 proponitur
1625 3814 1768 3885 quod
1817 3810 2068 3882 Episcopi
2114 3825 2218 3880 non

204 3909 424 3979 possint
480 3908 711 3960 transire
763 3908 827 3960 ad
878 3905 1191 3977 religionem
1235 3903 1351 3956 sine
1400 3903 1615 3956 licentia
1660 3905 1836 3968 Papae,
1882 3903 1982 3954 lioc
2023 3905 2108 3952 est
2138 3913 2218 3973 *ex

205 3995 609 4056 constitutione
660 3991 931 4061 Ecclesiae,
981 4001 1127 4064 patet
1176 4007 1293 4049 esse
1336 3991 1528 4047 falsum
1584 4007 1598 4044 :
1649 3985 1812 4045 immo
1855 3996 1936 4044 est
1987 4003 2053 4044 ex
2102 3987 2220 4060 ipsa
