2850 4517
711 362 776 404 x.
803 367 882 390 -·-
909 361 1150 406 comm
1191 358 1473 406 maeones
1514 355 1871 407 onAEcossuu
2174 339 2293 406 495

297 475 594 533 secundum
633 475 835 533 donum
860 479 1072 550 gratias,
1101 476 1155 534 in
1197 494 1305 552 quo
1341 478 1527 549 datur,
1551 477 1633 534 vel
1674 478 1928 546 mittitur,
1958 477 2053 535 sed
2080 477 2293 536 ratione

297 579 412 621 sure
427 581 696 638 personae.
727 566 824 624 Est
851 582 981 638 ergo
1006 584 1039 624 a
1067 568 1226 626 Patre
1251 577 1306 625 et
1333 566 1470 624 Filio
1499 567 1569 624 ab
1592 574 1819 625 aeterno.

596 755 753 819 Item
779 755 941 836 quod
962 755 1048 820 sit
1073 771 1146 820 θοι·
1169 756 1463 821 Essentia
1484 756 1701 820 Patris
1728 761 1784 821 et
1804 756 1985 821 Filii.

364 898 501 954 Item
530 911 598 953 ex
626 896 1046 954 auctoritatibus
1073 897 1460 970 praedictorum
1474 898 1726 972 habetur,
1745 897 1890 972 quod
1921 898 1995 954 sit
2014 913 2081 955 ex
2104 906 2297 956 essen-

297 985 372 1042 tia
401 987 576 1042 Patris
603 994 658 1042 et
687 984 830 1040 Filii.
853 985 999 1042 Dicit
1027 977 1398 1044 enim-Athen.
1423 987 1481 1043 in
1510 1002 1759 1044 sermone
1787 987 1997 1044 Nicaeni
2025 988 2241 1044 concilii
2277 1007 2290 1042 :

298 1093 324 1126 α
355 1076 412 1130 In
440 1071 646 1147 Spiritu
688 1081 878 1130 sancto
925 1074 1168 1132 omnium
1214 1083 1584 1148 peccatorum.
1618 1084 1672 1132 et
1720 1076 1895 1132 omnis
1946 1075 2297 1154 blasphemiae

296 1159 356 1218 llt
385 1163 654 1230 remissio,
675 1163 790 1236 qui,
811 1169 872 1218 ut
895 1163 1101 1220 dictum
1125 1170 1227 1229 est,
1252 1164 1321 1220 de
1349 1164 1588 1220 essentia
1613 1163 1852 1221 existens
1878 1165 2056 1221 Patris
2076 1174 2130 1222 et
2150 1165 2293 1233 Filii,

293 1267 483 1309 eorum
506 1251 671 1310 habet
705 1253 989 1321 virtutem,
1017 1262 1215 1309 cuncta
1244 1269 1340 1326 per
1381 1253 1563 1310 omnia
1605 1270 1730 1310 cum
1766 1252 1973 1310 eisdem
2010 1263 2060 1309 et
2083 1253 2298 1325 'dispo-

290 1333 448 1406 nens,
476 1349 532 1406 et
569 1357 783 1398 creans.
818 1361 844 1392 n
871 1341 1008 1397 Item
1047 1342 1105 1398 in
1140 1359 1228 1414 ep.
1262 1341 1331 1398 ad
1376 1342 1730 1415 Serapionem
1762 1342 1947 1398 dicit:
1976 1363 2001 1395 α
2049 1341 2301 1400 Christus

265 1427 268 1433 ’
292 1429 359 1486 de
387 1445 490 1487 sua
519 1436 575 1486 et
604 1431 782 1486 Patris
823 1431 1098 1488 communi
1137 1431 1376 1506 essentia
1413 1432 1875 1506 sempiternaliter
1903 1431 2143 1488 existens
2170 1430 2299 1503 Spi-

293 1519 461 1576 ritum
507 1527 758 1578 sanctum
807 1519 1066 1602 spiravit,
1095 1541 1120 1572 n
1147 1505 1204 1577 et
1245 1520 1429 1577 infru:
1468 1541 1494 1574 α
1545 1521 1795 1578 Christus
1830 1521 1885 1577 in
1923 1535 2023 1577 suo
2075 1519 2297 1593 proprio

291 1607 498 1678 Spiritu
535 1617 727 1686 sancto
751 1608 820 1664 de
855 1625 976 1677 sua,
995 1617 1055 1666 ut
1092 1625 1258 1682 supra
1281 1610 1491 1666 dictum
1515 1617 1618 1674 est,
1642 1611 1759 1666 usia
1791 1610 2077 1674 existente,
2112 1609 2298 1665 omnia

291 1697 450 1754 nobis
477 1698 768 1764 condonat,
805 1715 832 1748 n
859 1705 914 1753 et
939 1697 994 1752 in
1019 1698 1211 1753 eadem
1237 1697 1398 1769 epist.
1431 1714 1445 1750 :
1474 1717 1501 1749 α
1530 1698 1615 1754 Ab
1648 1713 1755 1754 una
1778 1706 1841 1754 et·
1862 1697 2057 1753 eadem
2079 1697 2297 1753 Deitate

291 1785 471 1844 Patris
498 1794 554 1844 et
577 1783 695 1842 Filii
722 1785 789 1841 de
812 1785 951 1842 Filio
979 1785 1218 1842 existens
1248 1784 1486 1857 Spiritus
1514 1791 1752 1853 sanctus,
1782 1801 1925 1842 unus
1961 1795 2017 1842 et
2040 1784 2229 1842 Filius.
2265 1802 2294 1837 ι

715 1935 885 2036 'Item
910 1971 1072 2054 quod
1091 1973 1178 2038 sic
1203 1973 1577 2036 naturaliter
1603 1990 1643 2036 a
1664 1972 1855 2036 Filio,

361 2114 502 2170 Item
529 2112 778 2179 habetur,
811 2114 957 2187 quod
978 2113 1050 2170 sit
1077 2113 1401 2173 naturaliter
1425 2131 1458 2170 a
1487 2115 1644 2170 Filio.
1676 2116 1823 2172 Dicit
1850 2114 1997 2172 enim
2025 2114 2291 2188 cyrillus:

292 2207 331 2257 ι’
349 2201 488 2274 Quis
513 2208 597 2258 est
628 2203 786 2259 vita?
813 2199 926 2270 Ille,
961 2203 1215 2276 equidem
1237 2203 1332 2277 qui
1374 2204 1517 2259 dixit
1556 2204 1841 2262 Christus:
1874 2204 1985 2275 Ego
2032 2207 2157 2260 sum'
2182 2205 2293 2271 via,

290 2295 517 2366 veritas,
551 2297 607 2348 et
632 2291 766 2360 vita,
797 2297 1060 2365 tanquam
1099 2293 1153 2348 in
1197 2293 1315 2366 ipso
1354 2293 1624 2350 veraciter
1654 2301 1707 2348 et
1749 2293 1819 2349 de
1866 2293 1983 2366 ipso
2021 2291 2297 2350 naturalis

289 2382 520 2456 spiritus
547 2383 667 2454 ejus
687 2381 926 2454 existens
949 2381 1290 2454 spiritualem
1320 2380 1495 2454 legem
1523 2383 1695 2456 ponit.
1723 2402 1749 2435 n
1783 2383 1865 2439 Ex
1891 2382 2091 2455 quibus
2113 2381 2299 2438 omni·

291 2462 396 2528 bus
420 2470 670 2538 habetur,
697 2471 842 2544 quod
867 2471 1104 2544 Spiritus
1130 2480 1357 2530 sanctus
1384 2487 1492 2529 non
1538 2478 1749 2530 tantum
1788 2481 1874 2529 est
1913 2487 1946 2528 a
1982 2471 2119 2528 Filio
2146 2472 2292 2528 sicut

292 2557 670 2636 temporaliter
689 2558 870 2624 datus,
903 2558 988 2613 vel
1015 2559 1231 2624 missus,
1259 2561 1354 2616 sed
1391 2561 1535 2616 sicut
1576 2558 1647 2615 ab
1672 2566 1881 2616 aeterno
1906 2558 1977 2615 ab
2004 2574 2069 2615 eo
2096 2545 2297 2634 proce-

289 2649 450 2712 denS,
475 2651 666 2717 utpote
691 2646 988 2712 essentiam
1029 2654 1086 2702 et
1117 2654 1372 2702 naturam
1401 2647 1473 2702 ab
1497 2647 1614 2719 ipso
1648 2648 1943 2719 accipiens.
1972 2647 2087 2704 Hoc
2126 2647 2297 2704 etiam

290 2735 482 2794 haberi
509 2741 688 2807 potest
711 2749 780 2790 ex
808 2733 928 2803 ipso
951 2731 1114 2788 modo
1144 2731 1400 2805 loquendi
1431 2750 1445 2787 ε
1470 2734 1601 2806 quia
1628 2734 1875 2807 praedicti
1901 2735 2164 2791 Doctores
2189 2751 2295 2792 non

290 2825 467 2881 solum
497 2822 707 2888 dicunt,
736 2820 880 2894 quod
910 2821 1146 2893 Spiritus
1172 2820 1352 2877 factus
1375 2829 1459 2876 est
1477 2837 1510 2878 a
1532 2820 1691 2887 Filio,
1719 2821 1867 2895 quod
1893 2829 2076 2896 posset
2101 2821 2297 2879 referri

291 2914 362 2972 ad
395 2909 751 2985 temporalem
781 2909 1226 2976 missionem,sed
1262 2910 1429 2966 etiam
1472 2908 1616 2982 quod
1658 2925 1690 2966 a
1728 2910 1865 2966 Filio
1909 2911 2115 2977 existit,
2147 2912 2295 2984 quod

290 3018 401 3059 non
440 3006 621 3075 potest
662 2998 852 3054 referri
897 2998 1016 3062 nisi,
1047 2999 1116 3055 ad
1153 3005 1418 3055 aeternam
1456 2999 1857 3076 processionem
1886 3016 1899 3054 ε
1928 3000 2117 3055 existit
2148 3001 2295 3060 enim

292 3106 463 3148 unum
512 3088 788 3163 quodque,
823 3086 1122 3144 secundum
1160 3088 1307 3160 quod
1353 3088 1408 3142 in
1442 3103 1501 3144 se
1546 3095 1650 3144 est.
1691 3085 1837 3144 Dicit
1871 3088 2017 3144 enim
2058 3087 2297 3162 cyrillus

291 3179 821 3252 Hierosolymitanus
855 3174 1172 3235 Patriarcha
1202 3193 1215 3231 t
1245 3197 1271 3229 «
1303 3166 1541 3249 Spiritus
1575 3183 1799 3234 sanctus
1836 3192 1867 3233 a
1902 3179 2062 3234 Patre
2098 3193 2297 3252 proce-

291 3269 394 3338 dit,
423 3273 478 3324 et
524 3283 590 3323 ex
638 3268 854 3324 Deitate
899 3261 1079 3323 Patr'is
1125 3275 1181 3323 et
1219 3263 1342 3323 Filii
1383 3267 1590 3322 existit.
1628 3286 1654 3320 n
1678 3266 1911 3323 Basilius
1950 3267 2117 3324 etiam
2154 3267 2293 3341 dicit

291 3366 484 3414 contra
511 3356 838 3413 Eunomium
871 3371 886 3410 ε
919 3374 946 3408 α
979 3355 1213 3428 Spiritus
1260 3361 1484 3412 sanctus
1512 3371 1545 3414 a
1568 3356 1704 3412 Filio
1752 3355 1915 3413 habet
1953 3356 2206 3423 existere,
2237 3361 2296 3410 et

293 3445 506 3519 abipso
530 3445 780 3518 accipere
803 3451 859 3501 et
888 3444 1211 3502 annuntiare
1230 3433 1412 3502 nobis.
1444 3464 1470 3497 »

567 3625 616 3690 I
610 3630 724 3690 tem
743 3599 1135 3708 quod'Filius
1155 3624 1355 3706 spirat
1381 3623 1687 3705 Spiritum
1712 3629 2008 3689 sanctum.

361 3765 602 3825 Ulterius
641 3776 829 3826 autem
872 3764 1102 3823 hahetur
1149 3778 1216 3824 ex
1271 3763 1692 3823 auctoritatibus
1749 3764 2137 3838 praedictorum
2189 3779 2291 3824 ex-

295 3870 497 3928 presse,
525 3855 672 3930 quod
701 3854 870 3930 Filius
889 3855 1068 3927 spirat
1086 3854 1348 3926 Spiritum
1375 3861 1647 3913 sanctum.
1675 3854 1823 3910 Dicit
1849 3853 1995 3910 enim
2041 3858 2291 3913 Athana-

291 3943 406 4002 sius
429 3945 485 4002 in
515 3944 746 4019 epistola
776 3943 846 4002 ad
871 3943 1220 4020 Serapionem
1248 3959 1261 3997 z
1295 3965 1321 4001 α
1354 3941 1525 4001 Filius
1551 3945 1621 4002 de
1656 3941 1817 4002 Patre
1837 3941 2054 4016 genitus
2080 3942 2148 4001 de
2190 3956 2291 4005 sua

1390 4127 1412 4142 ¹=
1421 4135 1480 4143 ———-
