2850 4517
598 365 692 413 ιιι.
735 380 829 406 -÷--
854 363 937 412 nn
975 364 1334 422 emensus
1368 327 1941 427 cnam-rummare.
2157 359 2284 418 277:

272 488 325 543 in
359 483 576 559 appetit
598 481 1019 552 usensitivo,·et
1064 490 1167 557 est..
1192 481 1437 556 duplex:
1470 483 1618 556 quia*
1649 483 1940 559 aliquando
1989 489 2279 546 ordinatur·

270 574 501 641 ratione,
532 580 589 630 et
615 572 927 631 continetur
950 570 1055 628 sub
1082 569 1333 628 terminis
1374 572 1624 638 rationiS‚
1657 572 1876 646 quando
1915 574 2127 635 scilicet
2152 580 2280 652 quis
2336 613 2346 620 -

270 663 527 722 irascitur
554 659 773 735 quando
802 660 983 728 debet,
1013 666 1073 716 >et
1096 666 1363 734 quantum
1391 660 1575 728 debet,
1609 666 1665 718 et
1706 677 1808 734 pro
1851 677 1960 737 quo
2005 664 2188 733 debet,
2220 673 2278 722 et

269 751 600 825 hujusmodi.
628 750 698 806 Et
734 755 866 806 tunc
908 754 993 805 est
1036 755 1196 806 actus
1224 749 1466 818 virtuti&
1497 755 1555 805 et
1581 749 1789 807 dicitur
1823 751 1908 810 ira
1951 769 2050 825 per
2076 753 2273 810 zelum.

270 842 423 900 Unde
447 839 684 896 Philoso.
716 836 870 908 dicit,
896 837 1043 912 quod
1069 838 1433 896 mansuetudo
1474 855 1582 921 non
1613 845 1698 897 est
1724 840 1874 896 nullo
1894 841 2103 901 modo
2089 845 2276 900 irasci.

266 932 379 988 Ista
406 944 541 1001 ergo
565 928 649 985 ira
671 941 780 984 non
805 932 889 983 est
911 933 1218 999 peccatum.
1244 928 1342 985 Est
1361 936 1417 985 ει
1443 928 1620 986 tertia
1631 943 1758 1002 quae
1783 929 1992 1002 refugit
2007 932 2280 1004 ,iudicium

269 1019 519 1086 rationis,
552 1021 610 1073 et
627 1015 738 1072 ista
766 1031 982 1089 semper
1000 1020 1084 1072 est
1113 1023 1428 1088 peccatum,
1450 1016 1549 1073 sed
1572 1017 1872 1091 aliquando
1911 1019 2144 1090 veniale,
2171 1022 2281 1079 ali-

268 1094 491 1183 quando
519 1112 605 1164 est
622 1100 879 1173 mortale,
911 1113 967 1162 et
995 1105 1099 1162 hoc
1123 1104 1573 1180 distinguitur3ex
1599 1121 1665 1164 eo
1691 1107 1840 1182 quod
1867 1107 1981 1166 ad
1965 1124 2106 1166 iram
2133 1110 2280 1168 inci-

268 1205 366 1266 tat,
399 1197 550 1271 quod
591 1195 889 1270 aliquando
918 1202 1002 1251 est
1042 1194 1275 1264 veniale,
1301 1195 1600 1268 aliquando
1646 1202 1730 1253 est
1771 1197 2027 1255 mortale.
2043 1200 2287 1257 Mortale.

266 1285 491 1360 duplex,
518 1283 605 1342 vel
634 1301 701 1340 ex
726 1298 944 1356 genere,
976 1283 1061 1340 vel
1093 1299 1161 1340 ex
1193 1284 1646 1342 circumstantiis.
1688 1285 2062 1354 Homicidium
2095 1277 2294 1346 autem

266 1377 489 1435 videtur
525 1378 827 1430 esseactus
856 1373 1069 1445 peccati
1106 1372 1355 1431 mortalis
1396 1389 1464 1430 ex
1509 1389 1610 1430 suo
1651 1391 1870 1447 genere,
1901 1377 2032 1450 quia
2071 1379 2281 1436 directe

264 1465 557 1522 ordinatur
584 1469 776 1518 contra
804 1469 1139 1539 praeceptum
1161 1461 1409 1519 divinum
1429 1480 1444 1533 ;
1461 1470 1517 1520 ει
1540 1453 1666 1520 ideo
1691 1479 1990 1528 consensus
2014 1465 2282 1536 inhomi-

264 1555 478 1612 cidium
498 1559 583 1608 est
624 1559 914 1631 peccatum
945 1550 1175 1608 mortale
1190 1568 1269 1609 ‘ex
1296 1567 1516 1624 genere,
1543 1542 1676 1626 quia
1701 1554 1750 1612 si
1779 1561 1938 1616 actus
1961 1561 2047 1612 est
2067 1565 2280 1615 morta-

264 1645 347 1708 lis,
380 1648 445 1698 et
468 1637 767 1698 consensus
785 1641 843 1694 in
868 1645 1055 1696 actum
1082 1639 1188 1699 erit
1214 1640 1488 1699 mortalis.
1517 1639 1828 1712 Aliquando
1857 1649 2042 1702 autem
2077 1661 2282 1718 pecca-

264 1741 379 1789 tum
410 1729 645 1787 mortale
673 1737 759 1785 est
786 1743 854 1784 ex
876 1743 1097 1799 genere,
1128 1727 1225 1782 sed
1268 1733 1452 1783 tamen
1493 1733 1675 1784 motus
1717 1744 1828 1785 non
1863 1736 1954 1793 est
1983 1740 2290 1806 peceatum.

261 1819 520 1886 mortale,
552 1819 682 1889 quia
706 1822 789 1872 est
817 1816 936 1872 sine
958 1823 1226 1872 consensu
1256 1831 1269 1870 τ
1296 1815 1442 1872 sicut
1479 1815 1530 1870 si
1567 1816 1816 1872 ascendit
1854 1825 2036 1879 motus
2077 1836 2284 1878 concu-

258 1907 561 1982 piscentiae
596 1903 666 1960 ad
696 1902 1093 1971 fornicandum,
1126 1911 1183 1960 et
1210 1918 1319 1959 non
1346 1903 1708 1970 consentitur,
1735 1920 1843 1962 non
1867 1915 1969 1968 est.
1991 1916 2281 1981 peccatum

260 1994 525 2061 mortale,
557 1991 811 2049 similiter
837 1991 940 2064 ira.
966 1991 1064 2048 Est
1092 1991 1237 2048 enim
1270 1997 1456 2050 motus
1479 1991 1550 2048 ad
1573 1990 1830 2064 injuriam
1859 1993 2070 2054 illatam
2098 1997 2284 2054 vindi-

260 2087 505 2146 caudam
534 2099 547 2138 z
580 2082 702 2141 haec
726 2080 983 2139 enim-est
1016 2081 1233 2154 proprie
1256 2081 1361 2152 ira.
1392 2081 1450 2138 Si
1473 2096 1604 2152 ergo
1631 2079 1748 2138 iste»
1764 2091 1950 2146 motus
1990 2095 2075 2144 est
2101 2087 2288 2148 taliter

259 2177 313 2234 in
340 2167 629 2250 passione,
655 2171 736 2228 ita
762 2170 911 2244 quod
935 2170 1077 2226 ratio
1100 2169 1423 2238 deducatur,
1447 2178 1580 2227 tunc
1605 2177 1692 2230 est
1715 2178 2002 2248 peccatum
2025 2176 2280 2234 mortale.

262 2264 316 2321 Si
362 2266 561 2320 autem
606 2272 781 2332 usque
826 2257 898 2314 ad
952 2272 1278 2315 consensum
1319 2272 1429 2315 non
1476 2258 1812 2330 pervertitur
1863 2261 2026 2330 ratio,
2056 2271 2190 2320 tunc
2227 2271 2286 2322 et

263 2354 309 2410 si
348 2363 660 2408 consensus
700 2345 1185 2412 adhiheatur-‚non
1214 2353 1300 2402 est
1344 2351 1633 2418 peccatum
1661 2348 1912 2408 mortale.
1956 2351 2115 2422 Quod
2150 2370 2282 2428 ergo

264 2441 406 2498 dicit
440 2455 453 2491 ε
490 2435 592 2502 Qui
633 2434 915 2490 irascitur·
938 2433 1117 2506 fratri
1150 2449 1267 2500 suo,
1292 2449 1417 2492 reus
1461 2435 1570 2492 crit
1605 2435 1837 2509 gladium,
1865 2438 2295 2515 intelligendum.

266 2536 349 2584 est
374 2527 451 2583 de
496 2529 648 2581 motu
678 2515 935 2578 tendente
965 2521 1022 2577 in
1054 2530 1465 2589 nocumentum,
1492 2523 1590 2596 qui
1637 2531 1820 2582 motus
1859 2533 1944 2582 est
1988 2537 2280 2600 peccatum

267 2612 542 2683 mortale,
562 2611 641 2668 ita
669 2611 816 2684 quod
842 2609 915 2666 sit
939 2609 1015 2665 ibi
1036 2624 1353 2682 censensus·
1384 2609 1535 2666 Eccl.
1562 2611 1690 2667 ult:
1725 2613 1931 2670 Cuncta
1959 2631 2078 2688 quoe
2109 2618 2274 2694 fiunt,

267 2704 497 2760 adducet
515 2701 657 2756 Deus
682 2698 745 2754 in
761 2697 1033 2771 judicium
1053 2713 1157 2768 pro
1184 2696 1329 2753 omni
1359 2703 1546 2753 errato
1567 2698 1674 2754 sive
1695 2700 1903 2766 bonum,
1919 2702 2026 2758 sive
2051 2704 2272 2761 malum.

268 2791 525 2850 Secunda
561 2789 721 2856 ratio,
754 2803 927 2864 quare
948 2785 1229 2842 debemus
1252 2798 1360 2839 non
1398 2785 1686 2854 provocari
1731 2786 1842 2843 cito
1884 2788 1953 2843 ad
1994 2788 2133 2845 iram
2167 2799 2272 2858 est,

269 2882 404 2954 quia
435 2877 613 2936 omnis
634 2875 796 2932 homo
832 2873 1014 2946 diligit
1056 2872 1387 2939 libertatem,
1418 2879 1477 2929 et
1500 2872 1618 2928 odit
1654 2874 1999 2931 servitutem.
2027 2871 2150 2932 N'on
2191 2884 2276 2934 est

270 2978 461 3028 autem
487 2962 1062 3023 iracundusdominus
1088 2960 1173 3017 sui
1210 2959 1402 3033 ipsiuS.
1425 2961 1588 3018 Prov.
1617 2976 1787 3018 x-xvu
1816 2978 1831 3017 ε
1863 2962 2122 3035 Impetum
2149 2981 2280 3029 con-

270 3056 428 3114 citati
455 3053 689 3128 spiritus
719 3053 869 3126 ferre
906 3049 1029 3124 quis
1065 3048 1315 3124 poterit?
1338 3048 1552 3106 Ibidem
1579 3067 1596 3106 z
1627 3050 1803 3106 Grave
1843 3066 2050 3119 saxum,
2071 3061 2122 3112 et
2147 3071 2278 3112 one-

270 3162 395 3206 rosa
420 3159 613 3209 arena,
640 3141 731 3210 sed
768 3140 863 3196 ira
886 3138 1041 3198 stulti
1074 3145 1302 3215 utroque
1326 3138 1576 3212 pravior
1597 3139 1849 3198 Secundo
1877 3157 2075 3200 cavere
2113 3144 2277 3202 debet

270 3249 340 3294 ne
364 3231 462 3288 diu
506 3231 564 3286 in
583 3229 671 3286 ira
709 3231 1049 3301 permaneat.
1092 3223 1237 3282 Psal.
1269 3241 1377 3282 1v.
1406 3224 1743 3294 Irascimini,
1769 3233 1819 3283 et
1844 3229 2004 3288 nolite
2026 3247 2270 3304 peccare.

272 3317 725 3394 Ephe3.1v·50l
747 3332 855 3372 non
868 3314 1072 3373 occidat
1086 3330 1249 3386 super
1271 3313 1617 3372 iracundiam
1639 3323 1894 3374 vestram.
1913 3315 1984 3372 Et
2005 3320 2275 3380 rationem

272 3409 436 3482 hujus
455 3405 703 3478 assignat
728 3406 787 3462 in
816 3403 1113 3502 Evangelio
1138 3404 1423 3460 Dominus,
1448 3403 1646 3461 Matth.
1673 3419 1751 3460 v.
1781 3403 1917 3461 Esto
1951 3408 2276 3466 consentiens

274 3493 588 3560 adversario
616 3500 707 3551 tuo
730 3493 832 3550 cito
857 3492 983 3549 dum
1006 3507 1059 3550 es
1081 3491 1143 3547 in
1164 3491 1257 3547 via
1283 3507 1401 3548 cam
1423 3507 1504 3558 eo,
1531 3507 1597 3549 ne
1619 3490 1764 3566 forte
1787 3491 1973 3550 tradat
1993 3501 2056 3551 ie
2081 3496 2280 3554 minis-

276 3593 385 3652 tro,
410 3591 465 3644 ει
488 3583 551 3640 in
578 3598 844 3639 carcerem
866 3579 1146 3640 mittaris.
1178 3581 1353 3636 Amen
1382 3578 1499 3636 dico
1521 3580 1628 3638 tibi
1659 3597 1766 3638 non
1795 3581 1938 3638 exies
1963 3583 2088 3640 inde
2121 3584 2283 3642 donec

274 3674 469 3732 reddas
495 3671 839 3729 novissimum
861 3660 1229 3743 Quadrantem.
1260 3667 1466 3736 Tertio,
1486 3683 1680 3726 cavere
1709 3668 1878 3726 debet
1915 3686 1983 3727 ne
2019 3671 2102 3728 ira
2148 3688 2281 3746 pro-

274 3762 457 3820 cedat.
485 3760 668 3817 Primo
698 3760 756 3816 in
791 3757 975 3827 corde,
1006 3755 1153 3830 quod
1181 3755 1256 3816 sit
1301 3755 1522 3828 quando
1541 3756 1793 3829 pervenit
1835 3754 1904 3815 ad
1947 3758 2153 3818 odium.
2183 3762 2281 3831 Est

273 3840 423 3909 e'nim
441 3840 755 3909 differentia
792 3847 936 3906 inter
959 3847 1099 3904 iram
1126 3851 1183 3903 et
1214 3843 1419 3914 odium,
1448 3844 1580 3917 quia
1619 3844 1705 3901 ira
1743 3845 1924 3902 subita
1965 3854 2067 3918 est,
2093 3833 2282 3908 odsum

273 3931 410 4000 vero
442 3938 787 3998 diuturnum.
816 3935 887 4004 Et
914 3934 1057 4018 ideo⁸
1077 3940 1163 3994 est
1191 3931 1423 4015 mortale
1459 3939 1770 4009 peccatum,
1795 3933 1982 4022 primo
2007 3937 2275 4014 δοειιςιιι.
