2850 4517
747 351 817 395 x.
848 366 927 381 ·-
953 351 1193 395 com-m
1235 352 1518 397 annonas
1557 354 1912 399 otzAEcoauM
2208 345 2326 404 4t5

323 468 497 539 major
533 465 665 535 filio,
698 404 920 539 propter
961 467 1349 524 auctoritatem
1396 468 1641 539 originis·
1666 464 1836 525 Filius
1864 476 2046 527 tamen
2089 488 2196 528 non
2239 479 2324 530 est

281 582 291 592 ·
324 558 503 613 minor
522 564 702 629 patre,
728 562 953 629 propter
978 554 1302 612 substantiae
1324 556 1626 634 unitatem.

1102 727 1387 795 CAPUT
1420 729 1538 797 ΙΙΙ.

320 864 329 941 ζ
420 867 729 946 Quomodo
756 867 1135 947 intelliqitur
1160 870 1269 932 hoo
1294 870 1458 949 quod
1479 870 1730 945 dicitur,
1761 873 1924 953 quod
1934 874 2258 981 Spiritus

319 956 326 965 “
876 962 1124 1021 sanctus
1149 958 1234 1021 sit
1262 960 1510 1022 tertium
1546 960 1764 1023 lumen.

388 1092 585 1149 Adhuc
608 1095 792 1147 autem
816 1089 1034 1145 videtur
1057 1105 1177 1147 esse
1206 1089 1397 1163 magis
1413 1090 1831 1161 calumniosum,
1861 1094 2007 1166 quod
2033 1109 2100 1155 ex
2143 1052 2326 1153 verbis
2430 1121 2434 1125 >

318 1182 495 1238 sancti
520 1177 849 1252 Ephiphanii
880 1179 1193 1251 Cypriensis
1206 1180 1458 1252 Episcopi
1485 1179 1764 1236 inducitur
1785 1180 2021 1237 dicentis
2054 1200 2068 1237 ε
2097 1205 2124 1237 α
2147 1185 2322 1257 Spiri-

318 1276 407 1325 tus
430 1275 677 1333 sanctus,
696 1268 923 1339 spiritus
946 1272 1031 1322 est
1056 1266 1324 1332 veritatiS,
1355 1267 1534 1323 lumen
1560 1268 1784 1325 tertium
1814 1284 1846 1325 a
1863 1278 2021 1342 patre
2051 1278 2107 1327 et
2130 1272 2262 1329 filio.
2297 1287 2324 1325 ι

318 1358 427 1415 Ubi·
448 1358 597 1413 enim
626 1363 711 1412 est
734 1356 935 1421 unitae,
968 1370 1074 1411 non
1098 1363 1183 1411 est
1210 1354 1345 1411 ordo
1382 1357 1542 1427 primi
1569 1365 1622 1412 et
1650 1357 1820 1412 tertii.
1850 1358 2014 1415 Pater
2055 1367 2240 1416 autem
2271 1362 2326 1417 et

314 1447 461 1501 filius
490 1452 548 1501 et
575 1444 801 1518 spiritus
826 1452 1051 1500 sanctus
1084 1450 1212 1503 sunt
1245 1459 1417 1499 unum
1455 1444 1659 1511 lumen,
1687 1443 1832 1501 sicut
1869 1452 1924 1501 et
1966 1458 2108 1505 unus
2154 1442 2322 1505 Deus·

312 1534 471 1590 Sicut
500 1548 633 1605 ergo
661 1548 766 1589 non
794 1538 971 1604 potest
1000 1530 1267 1589 catholice
1300 1531 1430 1597 dici,
1460 1533 1608 1605 quod
1631 1532 1703 1589 sit
1735 1536 1959 1591 tertium
1991 1536 2194 1592 lumen.
2226 1537 2322 1597 Di-

310 1624 461 1679 citur
484 1632 672 1678 autem
697 1622 843 1693 quod
864 1626 949 1676 est
975 1620 1137 1676 tertia
1166 1634 1415 1692 persona,
1445 1626 1668 1692 propter
1705 1624 2325 1696 personarum-plurali-

314 1718 513 1767 tatem.
544 1711 626 1766 Ex
648 1709 752 1765 hoc
774 1724 904 1779 ergo
931 1706 1079 1778 quod
1104 1706 1241 1762 dicit
1269 1705 1450 1763 lumen
1476 1706 1718 1773 tertium,
1748 1709 1998 1780 sequitur
2037 1712 2186 1783 quod
2216 1713 2326 1771 sint

310 1799 421 1855 tria
441 1797 669 1865 lumina,
684 1796 829 1868 quod
852 1795 967 1866 ipse
988 1793 1333 1867 postmodum
1350 1808 1606 1865 expresse
1621 1793 1902 1866 subjungit
1921 1797 2137 1856 dicens:
2158 1816 2186 1851 α
2203 1801 2326 1858 Alia

309 1904 447 1944 vero
470 1885 656 1942 omnia
682 1883 968 1956 positione,
998 1881 1083 1937 vel
1128 1880 1540 1953 compositione,
1571 1882 1689 1938 sive
1731 1882 2096 1956 appellatione
2120 1880 2322 1945 lumina

304 1976 598 2039 dicuntur,
613 1986 720 2027 non
748 1970 1080 2027 tamenistis
1110 1956 1286 2026 tribus
1310 1970 1603 2025 luminibus
1623 1969 1842 2027 similia.
1881 1988 1908 2023 »
1935 1972 2322 2033 potestantem

305 2062 445 2127 dici,
492 2058 638 2133 quod
672 2057 853 2113 lumen
891 2055 1155 2127 originem
1190 2055 1488 2129 quamdam
1526 2056 1806 2127 importat.
1830 2058 1972 2113 Nam'
2021 2058 2203 2115 lumen
2241 2070 2326 2118 est

307 2149 465 2223 quod
495 2164 561 2204 ex
590 2145 777 2223 aliqua
810 2145 931 2201 luce
956 2144 1298 2210 diffunditur,
1326 2150 1382 2199 et
1410 2142 1580 2200 etiam
1607 2160 1673 2199 cx
1705 2160 1764 2199 se
1803 2144 1950 2202 aliud
1991 2146 2172 2203 lumen
2209 2150 2328 2206 ‘dif-

307 2236 549 2295 fundere
588 2241 787 2307 potest.
813 2234 883 2289 Et
916 2233 1218 2289 secundum
1254 2232 1363 2290 hoc
1407 2248 1601 2288 nomen
1645 2232 1866 2289 luminis
1903 2232 2326 2308 adopersonales

306 2324 693 2399 proprietates
730 2320 870 2379 trahi
910 2329 1092 2395 potest
1132 2321 1343 2381 ratione
1370 2322 1722 2393 proprietatis
1754 2321 2206 2392 diffusivae,llicet
2231 2343 2326 2383 se-

304 2415 563 2473 cundum
604 2413 779 2485 ipsam
826 2417 1101 2478 naturam,
1151 2409 1291 2466 lucis
1317 2410 1408 2470 ,ad
1454 2410 1748 2466 essentiam
1801 2411 2089 2483 pertineat.
2118 2414 2198 2471 Ex
2222 2416 2326 2474 hoc

306 2501 613 2563 attendens
660 2501 842 2558 dictus
883 2506 1059 2573 p,ater
1084 2499 1306 2556 tertium
1348 2498 1552 2565 lumen,
1579 2507 1636 2555 et
1663 2498 1790 2567 'tria
1822 2499 2042 2559 ‚lumina
2082 2502 2220 2559 dixit
2265 2507 2322 2561 in

300 2590 573 2654 divinis·
602 2588 731 2643 licet
764 2587 869 2645 hoc
894 2586 1044 2642 nullo
1058 2586 1245 2647 modo
1274 2586 1347 2641 sit
1376 2586 1446 2641 ad
1493 2587 1939 2659 consequentiam
1973 2590 2316 2661 trahendum,

304 2681 410 2737 sed
463 2674 789 2749 simpliciter
828 2670 1219 2741 confitendum,
1263 2672 1409 2744 quod
1459 2679 1633 2742 pater,
1673 2680 1730 2730 et
1775 2672 1933 2739 filius,
1985 2684 2042 2775 et
2093 2679 2321 2750 spiritus

304 2772 549 2833 sanctus
574 2766 703 2819 sunt
724 2774 893 2820 unum
921 2760 1123 2815 lumen.

1032 2900 1379 2999 CAPUT
1443 2928 1572 2998 lv.

380 3080 701 3187 Quomodo
739 3065 1139 3178 inbelliaitur,
1164 3071 1326 3153 quod
1352 3036 1606 3136 essentia
1632 3074 1723 3136 sit
1737 3076 1955 3154 genita
1969 3076 2037 3141 in
2061 3078 2311 3162 Filio,

854 3168 911 3227 et
935 3154 1175 3245 spirata
1196 3162 1263 3225 in
1288 3161 1536 3241 Spiritu
1562 3166 1792 3227 sancto.

380 3302 675 3380 Invenitur
699 3304 882 3357 autem
921 3296 975 3352 in
1009 3270 1171 3352 dictis
1194 3294 1579 3385 praedictorum
1623 3300 1858 3366 patrum,
1891 3298 2037 3369 quod
2083 3300 2334 3357 essentia

302 3398 385 3453 sit
414 3388 609 3465 genita
628 3390 683 3447 in
708 3386 839 3452 filio,
864 3392 923 3440 et
950 3382 1157 3457 spirata
1184 3381 1242 3443 in
1268 3382 1464 3455 spiritu
1487 3391 1699 3443 sancto,
1728 3383 1874 3439 Dicit
1900 3384 2045 3441 enim
2061 3386 2318 3446 Athana-

304 3484 434 3542 sius
466 3480 523 3534 in
552 3468 716 3534 tertio
744 3485 995 3530 sermone
1035 3478 1315 3543 gestorum·
1337 3471 1578 3527 Nicaenae
1621 3470 1834 3543 synodi,
1863 3488 1928 3527 ex
1956 3490 2187 3547 persona
2225 3476 2323 3534 fini

304 3576 555 3645 loquens
582 3584 595 3621 :
630 3586 657 3619 α
690 3565 866 3623 Tuum
895 3559 1147 3632 spiritum
1188 3573 1313 3614 cum
1336 3558 1524 3615 divina
1552 3561 1840 3616 essentia-a
1869 3568 1923 3617 te
1959 3562 2146 3634 genita
2191 3565 2324 3637 ipsis

304 3656 639 3721 hominibus
664 3662 977 3724 compenso.
1008 3668 1034 3699 n
1067 3647 1137 3702 Et
1160 3662 1349 3719 parum
1378 3655 1501 3718 post
1531 3664 1546 3701 z
1579 3667 1606 3700 α
1633 3648 1714 3704 Ex
1743 3655 1838 3704 tua
1871 3650 2126 3718 essentia,
2160 3666 2324 3723 quam

305 3754 367 3809 in
397 3763 494 3803 me
516 3741 773 3817 genuisti,
800 3738 1054 3811 spiritum
1080 3742 1330 3790 sanctum
1358 3733 1430 3790 do
1454 3734 1554 3791 eis,
1585 3753 1614 3786 ιι
1637 3734 1706 3791 Et
1736 3736 1880 3792 idem
1909 3737 1966 3793 in
1989 3738 2232 3811 Epistola
2255 3728 2332 3797 ad'

301 3835 721 3906 Serapionem:
754 3848 781 3883 r
815 3824 1119 3883 Essentiam
1142 3837 1297 3878 suam
1326 3822 1379 3877 in
1408 3822 1607 3895 seipse
1635 3824 1848 3894 genitor
1869 3825 2128 3893 retinens,
2153 3832 2324 3885 totam

299 3926 371 3987 in
399 3922 521 3983 filio
548 3934 647 3979 suo
672 3913 1109 3975 inenarrabiliter
1127 3911 1337 3983 genuit.
1368 3929 1394 3962 n
1418 3910 1488 3967 Et
1514 3913 1714 3994 iterum
1743 3928 1818 3972 ια
1849 3913 2001 3973 Sicut
2037 3921 2195 3987 'pater
2225 3913 2324 3973 ha*

838 4030 893 4081 S.
925 4030 1081 4079 Tuon.
1115 4029 1203 4083 Ao.
1236 4029 1500 4077 Oruscum.
1523 4050 1590 4099 ‘'''.
1607 4024 1643 4077 1.
1671 4052 1737 4064 —
1759 4026 1822 4075 30
