2850 4517
519 314 645 378 452
998 330 1052 375 s.
1097 326 1333 372 monas
1371 326 1701 377 nomm-ns
1741 326 2052 371 oruscuu

520 446 680 515 tioni,
710 451 843 502 tunc
869 442 1048 501 virtus
1068 442 1306 501 hominis
1332 440 1486 500 nulla
1509 448 1614 499 est.
1643 442 1762 499 Hoc
1785 449 1970 499 autem
1997 440 2164 497 modo
2197 438 2378 499 nullus
2405 450 2542 500 ten-

520 540 675 591 tatur
712 548 747 592 a
782 534 917 602 Deo,
947 533 1100 606 quia,
1136 531 1461 595 sicutdicit'
1497 532 1618 587 lac.
1647 546 1670 587 1
1701 530 1716 586 τ’
1745 530 1888 586 Deus
1921 529 2227 587 intentator
2267 531 2541 587 malorum

519 630 619 690 est,
644 628 752 679 etc.
770 622 876 681 Sed
890 629 1139 679 tentatur
1154 620 1318 679 bomo
1342 636 1379 679 a
1404 620 1625 695 propria
1644 635 1828 687 carne,
1847 634 1882 676 a
1909 618 2150 687 diabolo,
2167 628 2223 677 et
2247 636 2281 677 a
2306 621 2536 677 mundo.

520 716 570 770 A
595 728 763 771 carne
802 710 1117 785 dupliciter.
1160 711 1361 777 Primo,
1392 710 1536 783 quia
1568 724 1701 767 caro
1741 708 1972 779 instigat
2018 709 2090 765 ad
2133 708 2361 767 malum.
2393 710 2539 768 Caro

520 801 669 859 enim
696 814 912 875 semper
934 799 1137 875 quaerit
1162 798 1560 867 delectationes
1581 812 1736 865 suas,
1763 797 1978 855 scilicet
2010 796 2284 865 carnales,
2307 798 2364 854 in
2404 799 2540 873 qui-

518 890 626 947 bus
668 895 753 947 est
793 904 940 965 eaepe
980 894 1290 960 peccatum.
1348 885 1456 958 Qui
1498 887 1650 944 enim
1698 885 2023 943 immoratur
2075 885 2538 945 delectationibus

520 977 851 1049 carnalibus,
897 975 1126 1049 negligit
1162 975 1493 1050 spiritualia:
1535 976 1652 1031 Jac.
1685 988 1707 1031 1
1739 990 1754 1029 :
1785 972 2159 1047 Unusquisque
2205 980 2456 1032 tentatur
2499 994 2538 1033 α

520 1064 945 1139 concupiscentia
978 1064 1099 1121 su'a.
1128 1064 1399 1133 Secundo,
1427 1066 1608 1121 tentat
1634 1078 1764 1119 caro
1793 1062 2122 1119 retrahendo
2147 1078 2180 1120 a
2205 1062 2371 1121 bono.
2391 1066 2538 1123 Nam

520 1156 749 1228 spiritus
776 1160 1047 1231 quantum
1070 1158 1218 1211 esset
1239 1152 1309 1209 de
1334 1169 1414 1223 se,
1437 1166 1657 1224 semper
1674 1150 2044 1208 delectaretur
2070 1151 2126 1208 in
2157 1152 2538 1226 spiritualibus

522 1244 699 1314 bonis,
730 1243 827 1301 sed
873 1258 1003 1300 caro
1048 1257 1356 1315 aggravans
1400 1239 1632 1313 impedit
1669 1238 1947 1312 spiritum.
1993 1240 2122 1313 Sap.
2173 1256 2238 1297 rx
2277 1242 2538 1315 :Corpus

521 1331 659 1404 quod
684 1328 1077 1409 corrumpitur,
1101 1337 1361 1403 appronat
1387 1328 1644 1385 animum.
1685 1328 1845 1385 Rom.
1885 1342 1970 1384 vu
1998 1344 2012 1382 :
2047 1328 2392 1386 condelector
2430 1330 2538 1404 leqi

522 1417 635 1474 Dei
652 1416 938 1473 secundum
976 1414 1291 1473 interiorem
1332 1414 1592 1472 hominem
1621 1413 1814 1472 :video
1851 1418 2030 1471 nutem
2070 1412 2232 1471 aliam
2273 1415 2438 1485 teyem
2475 1418 2540 1473 in

521 1504 773 1563 membris
797 1504 949 1572 meis,
974 1494 1359 1578 repuqnantem
1387 1502 1492 1577 topi
1519 1492 1712 1560 mentis
1739 1506 1886 1569 mcoe,
1908 1508 1962 1559 et
1986 1502 2336 1575 captivantem
2355 1520 2444 1561 mc
2470 1506 2542 1562 in

522 1594 629 1667 teqe
669 1595 890 1667 pcccati,
920 1608 1036 1668 quoe
1057 1601 1137 1651 est
1174 1592 1238 1649 in
1266 1591 1518 1649 membris
1549 1590 1698 1648 meis.
1728 1592 1836 1649 Sed
1868 1592 1987 1650 haec
2023 1592 2276 1660 tentatio,
2307 1593 2540 1651 scilicet

521 1683 724 1751 carnis,
756 1690 841 1740 est
880 1682 1041 1740 valde
1063 1682 1249 1755 gravis
1273 1680 1404 1756 quia
1445 1680 1701 1737 inimicus
1741 1687 1948 1750 noster,
1975 1680 2184 1737 scilicet
2223 1696 2540 1751 carmenn-

515 1771 743 1846 junctus
775 1777 860 1829 est
901 1771 1059 1828 nobis
1086 1788 1101 1826 ε
1129 1779 1186 1828 et
1213 1770 1359 1827 sicut
1407 1769 1562 1826 dicit‘
1589 1769 1831 1839 Boetius,
1862 1768 2013 1839 nulla
2044 1770 2218 1843 pestis
2259 1770 2538 1829 efficacior

521 1866 608 1918 est
632 1862 700 1917 ad
738 1860 1065 1928 nocendum,
1096 1875 1264 1933 quam
1293 1858 1578 1915 familiaris
1619 1857 1892 1925 inimicus,
1929 1864 1988 1915 et
2013 1858 2142 1915 ideo
2177 1867 2370 1917 contra
2410 1877 2534 1917 eam

521 1949 862 2023 vigilandum
890 1948 995 2006 est.
1024 1942 1217 2006 Matth.
1249 1962 1396 2005 xxvt
1424 1964 1442 2003 ε
1472 1946 1702 2019 Vigilate
1717 1953 1769 2004 ct
1789 1954 1965 2013 orate,
1991 1964 2062 2003 ne
2082 1947 2302 2005 intretis
2327 1949 2388 2005 in
2413 1957 2540 2007 ten-

522 2039 797 2096 tationem.
828 2036 1091 2095 Diabolus
1128 2029 1425 2115 fortissime
1443 2030 1655 2094 tentat.
1680 2037 1822 2094 Nam
1859 2040 2153 2110 postquam
2177 2038 2538 2097 conculcatur

522 2144 673 2196 caro,
724 2126 959 2200 insurgit
1016 2127 1174 2196 alius,
1214 2126 1427 2205 scilicet
1471 2124 1741 2194 diabolus,
1783 2131 1974 2184 contra
2023 2143 2190 2199 quem
2239 2132 2326 2185 est
2378 2130 2536 2187 nobis

522 2232 723 2288 magna
768 2214 1108 2274 colluctatio.
1152 2216 1349 2289 Apost.
1391 2214 1592 2286 Ephes.
1632 2230 1692 2273 vt
1723 2214 1890 2272 tNon
1927 2221 2003 2272 est
2041 2214 2192 2272 nobis
2237 2208 2536 2277 colluctatio

522 2300 779 2360 udvcrsus
814 2320 1030 2361 carnem
1068 2310 1123 2361 ct
1161 2302 1494 2375 sanquinem,
1521 2304 1611 2360 sed
1652 2302 1906 2360 aduersus
1933 2302 2213 2378 principes
2260 2312 2315 2363 et
2353 2314 2538 2379 potcs-

524 2396 681 2456 tates,
710 2398 819 2446 etc.
850 2390 1006 2447 Unde
1032 2400 1088 2448 et
1116 2392 1398 2464 signanter
1441 2392 1647 2449 dicitur
1671 2398 1912 2452 tentator
1935 2394 1960 2449 1
1983 2392 2261 2450 Thessalo.
2288 2410 2365 2451 nr
2400 2414 2420 2453 τ
2448 2398 2537 2456 Ne

522 2479 667 2549 t‘orte
708 2478 997 2535 tentaverit
1034 2492 1125 2535 vos
1158 2479 1207 2535 is
1245 2496 1340 2553 qui
1380 2485 1571 2546 tentat,
1611 2489 1720 2537 etc.
1758 2481 1820 2537 In
1865 2482 2165 2539 tentatione
2200 2488 2386 2539 autem
2429 2502 2534 2543 sua

524 2564 877 2623 callidissime
920 2566 1188 2639 procedit.
1218 2569 1341 2643 Ipse
1366 2568 1534 2635 euim,
1552 2568 1697 2626 sicut
1735 2569 1911 2626 bonus
1952 2568 2065 2625 dux
2100 2569 2391 2638 exercitae,
2437 2574 2538 2647 qui

524 2652 741 2712 obsidet
763 2654 985 2730 aliquod
1012 2664 1276 2725 castrum,
1304 2657 1617 2714 considerat
1645 2656 1864 2715 infirma
1889 2659 2010 2731 ejus
2057 2674 2183 2731 quae
2208 2658 2538 2733 impugnare

522 2742 658 2811 vult,
688 2752 745 2801 et
772 2758 839 2801 ex
866 2744 960 2802 illa
986 2752 1144 2820 parte
1168 2745 1314 2804 unde
1340 2746 1519 2819 magis
1542 2745 1818 2804 esthemo
1835 2746 2053 2817 debilis,
2085 2752 2266 2805 tentat
2287 2765 2438 2805 eum.
2465 2748 2538 2805 Bt

522 2830 648 2890 ideo
672 2839 849 2890 tentat
873 2833 941 2891 de
964 2834 1075 2891 illis
1101 2834 1271 2903 vitiis,
1299 2836 1370 2892 ad
1390 2852 1518 2909 quae
1539 2834 1789 2893 homines
1816 2836 2140 2894 conculcata
2165 2853 2332 2894 carne
2357 2840 2538 2910 magis

522 2920 681 2996 proni
709 2927 856 2989 sunt,
887 2926 949 2979 ut
972 2916 1042 2979 de
1068 2921 1172 2984 ira.
1202 2922 1272 2980 <ie
1304 2924 1580 2995 superbia,
1613 2931 1671 2981 et
1695 2925 1764 2981 de
1787 2923 1912 2981 aliis
1951 2924 2332 2999 spiritualibus
2357 2926 2536 2984 vitiis·

522 3008 549 3065 1
576 3009 695 3065 Pet.
719 3024 759 3066 v
784 3022 799 3065 ε
824 3008 1191 3067 Adversarius
1208 3019 1385 3070 vester
1408 3012 1652 3069 diabolus
1675 3018 1932 3086 tanquam
1959 3013 2035 3070 leo
2065 3014 2285 3087 rupious
2313 3016 2536 3082 circuit,

523 3111 762 3169 quoerens
784 3112 934 3174 quem
952 3100 1193 3176 flevere&
1224 3098 1379 3157 Facit
1404 3108 1590 3168 autem
1613 3100 1721 3158 duo
1744 3101 1996 3159 diabolus
2018 3102 2153 3159 dum
2183 3110 2386 3172 tentat,
2404 3106 2540 3177 quia

525 3198 632 3238 non
656 3185 845 3241 statim
885 3186 1139 3262 proponit
1183 3186 1261 3244 illi
1300 3204 1466 3261 quem
1507 3195 1706 3255 tentat,
1735 3188 1939 3247 malum
1978 3190 2201 3264 aliquod
2239 3208 2536 3265 apparens,

508 3264 622 3328 'sed
648 3269 860 3346 aliquid
887 3272 1035 3346 quod
1061 3272 1263 3332 habeat
1290 3276 1529 3349 speciem
1554 3274 1704 3346 boni,
1729 3282 1794 3334 ut
1816 3276 2014 3336 saltem
2038 3278 2240 3355 inipso
2265 3281 2542 3355 principio

522 3372 625 3431 per
646 3358 782 3416 illud
808 3368 1088 3420 removeat
1110 3379 1236 3420 eum
1277 3362 1681 3438 aliquantulum
1705 3381 1737 3422 a
1771 3368 2050 3440 proposito
2077 3382 2179 3425 suo
2221 3369 2538 3441 principali,

522 3444 658 3517 quia
702 3449 1051 3519 postmodum
1088 3450 1306 3509 facilius
1351 3452 1564 3510 inducit
1599 3455 1780 3528 ipsum
1819 3454 1891 3512 ad
1921 3455 2282 3529 peccandum,
2309 3458 2544 3531 quando

524 3530 678 3589 illum
715 3536 801 3591 vel
844 3538 1117 3595 modicum
1148 3536 1378 3598 avertit.
1427 3543 1620 3615 Apost.
1652 3544 1702 3599 11
1735 3542 1947 3601 Corint.
1977 3560 2047 3603 ιι
2087 3560 2102 3599 :
2141 3544 2263 3617 Ipse
2303 3545 2544 3603 δαισπω

524 3620 887 3707 transfigurat
920 3642 973 3682 sc
1005 3626 1064 3682 in
1104 3628 1348 3693 unqclum
1384 3630 1535 3687 lucis.
1553 3630 1774 3688 Deinde
1815 3640 2113 3707 postquam
2153 3633 2374 3691 induxit
2409 3652 2542 3693 eum

525 3706 595 3763 ad
626 3711 978 3781 peccandum,
1005 3716 1087 3772 sic
1109 3713 1297 3788 alligat
1326 3734 1474 3786 eum,
1507 3726 1568 3775 ut
1596 3736 1705 3776 non
1743 3723 2031 3794 permittat
2071 3738 2198 3779 eum
2232 3740 2266 3780 a
2291 3726 2544 3798 peccatis

524 3806 831 3869 resurgere.
868 3798 1159 3860 ton-xc:
1193 3802 1369 3863 Nerei
1393 3807 1770 3865 testiculorum
1811 3811 1926 3882 cius
1961 3812 2210 3885 perplexi
2249 3820 2396 3868 sunt.
2447 3814 2544 3870 Sic

525 3888 657 3949 ergo
697 3884 806 3941 duo
843 3886 976 3945 facit
1016 3890 1267 3952 diabolus
1293 3894 1470 3968 :quia
1510 3895 1734 3971 decipit,
1769 3904 1839 3967 ‚et
1881 3899 2179 3972 deceptum
2214 3899 2430 3959 detinet
2481 3900 2544 3957 in
