2850 4517
579 328 668 377 111.
711 349 792 364 —-
836 337 911 379 ns
956 328 1305 381 PRAEcarris
1356 329 1741 397 calianum,
1785 341 1916 385 nro.
2137 322 2257 387 287

236 444 429 520 Neque
467 446 703 519 fratrem
744 448 1113 507 charissimum
1158 467 1294 508 auro
1333 453 1618 525 spreveris,
1667 458 1724 511 et
1764 454 2090 520 charitatem
2139 458 2260 525 Dei,

238 537 377 609 quia
407 536 555 593 sicut
575 553 724 593 nemo
750 544 918 609 potest
958 538 1154 595 duobus
1200 541 1446 597 Dominis
1471 543 1694 609 servire,
1735 544 1814 599 ita
1856 560 2033 618 neque
2077 546 2184 603 Deo
2213 554 2264 605 et

236 638 579 699 mammonae,
623 629 685 679 ut
726 624 930 681 dicitur
974 626 1166 683 Matth.
1214 644 1292 683 vr.
1339 629 1524 695 Sexto,
1575 630 1705 701 quia
1745 630 1997 702 producit
2045 644 2260 688 omnem

238 688 645 784 iniquitatem:
678 712 782 769 Est
806 714 949 769 enim
975 715 1141 771 radia:
1166 716 1404 773 omnium
1433 718 1715 784 malorum,
1752 719 2054 775 secundum
2082 722 2264 792 Apos-

242 801 442 868 tolum,
468 807 533 857 ut
554 801 757 858 dicitur
785 804 809 857 1
838 802 1075 858 Timoth.
1106 820 1185 861 vi.
1218 805 1287 859 Et
1316 805 1440 861 ideo
1466 807 1590 863 siin
1617 807 1784 863 corde
1803 807 2051 865 radicata
2078 814 2181 877 est,
2207 816 2264 865 et

240 890 623 957 homicidium,
671 897 728 947 et
768 890 993 959 furtum,
1039 900 1095 949 et
1132 894 1317 951 omnia
1345 894 1490 951 mala
1533 902 1790 967 operatur
1822 913 1835 949 :
1870 903 1927 951 et
1963 896 2086 953 ideo
2127 897 2264 953 dicit

243 983 443 1051 Apost.
480 981 504 1034 1
532 980 732 1037 Timot.
764 998 825 1039 v1
858 998 873 1037 z
924 980 1027 1047 Qui
1051 982 1237 1039 volunt
1282 982 1472 1039 divites
1513 983 1662 1053 fieri,
1706 983 1951 1058 incidunt
1978 984 2039 1041 in
2085 993 2264 1044 tenta⁴

245 1069 447 1149 tionem
473 1076 524 1125 et
550 1069 611 1123 in
635 1070 880 1141 laqueum
902 1068 1121 1136 diaboli,
1151 1076 1201 1126 et
1228 1070 1497 1128 desideria
1521 1074 1694 1130 multa
1718 1073 1940 1130 inutilia
1967 1080 2019 1129 et
2047 1076 2259 1140 nociva,

244 1172 367 1227 quoe
406 1164 654 1228 merqunt
688 1157 924 1213 homines
967 1157 1029 1213 in
1064 1158 1346 1217 interitum
1372 1167 1425 1216 et
1465 1160 1842 1232 perditionem.
1891 1159 2078 1216 Radix
2121 1163 2264 1218 euim

244 1245 485 1301 omnium
524 1247 787 1303 malorum
828 1254 905 1305 cst
931 1246 1214 1320 cupiditas.
1246 1249 1315 1303 Et
1341 1256 1493 1316 nota,
1535 1249 1680 1322 quod
1710 1248 1984 1321 cupiditas
2019 1258 2151 1305 tunc
2177 1260 2261 1307 est

244 1330 537 1409 peccatum
565 1336 813 1405 mortale,
837 1338 1057 1409 quando
1080 1338 1199 1393 sine
1222 1337 1437 1395 ratione
1459 1338 1867 1411 concupiscitur
1894 1353 1982 1395 res
2005 1338 2258 1411 proximi,

246 1423 349 1480 sed
376 1424 597 1497 quando
623 1424 1045 1495 rationabiliter,
1075 1425 1308 1483 veniale.

827 1622 923 1683 Dc
941 1620 1162 1683 decimo
1179 1570 1482 1701 praeopto
1506 1621 1677 1701 leqis.

318 1778 451 1835 Non
475 1778 797 1835 desiderabis
833 1796 1055 1837 uxorem
1085 1779 1332 1853 proximi
1357 1780 1461 1837 tui.
1493 1782 1695 1837 Beatus
1727 1780 1966 1838 Ioannes
1992 1781 2050 1837 in
2088 1782 2261 1854 prima

246 1868 529 1924 canonica
557 1884 655 1925 sua
680 1868 918 1925 secundo
944 1868 1127 1942 capite
1154 1869 1309 1936 dicit,
1341 1868 1492 1942 quod
1517 1884 1670 1925 omne
1695 1871 1839 1941 quod
1858 1876 1936 1926 est
1961 1869 2018 1925 in
2042 1870 2264 1936 mundo,

246 1955 685 2028 concupiscentia
714 1957 893 2013 carnis
920 1964 1015 2024 est,
1057 1965 1108 2015 et
1145 1957 1568 2029 concupiscentia
1602 1956 1894 2023 oculorum,
1933 1966 1985 2015 et
2015 1957 2260 2031 superbia

246 2045 381 2103 vitae
404 2062 424 2101 .·
454 2045 598 2103 unde
626 2061 784 2101 omne
812 2046 1173 2103 desiderabile
1205 2048 1262 2101 in
1289 2046 1376 2101 his
1418 2046 1595 2103 trihus
1620 2046 1894 2113 consistit,
1925 2046 2022 2102 sed
2049 2046 2160 2102 duo
2194 2062 2262 2102 ex

247 2136 379 2191 istis
406 2134 779 2213 intelliguntur
814 2135 1089 2207 prohibita
1130 2152 1228 2209 per
1254 2135 1359 2193 hoc
1386 2141 1724 2209 praeceptum
1751 2134 1912 2194 :Non
1939 2135 2264 2207 concupisces

248 2226 466 2281 domum
498 2223 738 2295 proximi
777 2222 882 2280 tui.
925 2225 989 2279 ln
1035 2223 1199 2280 domo
1233 2224 1379 2281 enim
1418 2223 1744 2296 intelligitur
1800 2231 1857 2281 et
1893 2223 2126 2281 altitudo
2167 2239 2263 2297 per

248 2329 423 2388 quam
448 2313 678 2370 avaritia
700 2313 1038 2385 designatur.
1067 2312 1269 2370 Psalm.
1310 2330 1407 2371 cxi
1435 2331 1449 2369 :
1483 2313 1672 2371 Gloria
1713 2321 1767 2372 et
1791 2312 1996 2369 divitiae
2029 2312 2088 2368 in
2115 2312 2262 2369 domo

247 2404 387 2474 ejus.
414 2401 518 2470 Qui
542 2416 673 2473 ergo
697 2400 976 2459 desiderat
998 2401 1243 2468 domum,
1268 2402 1554 2461 desiderat
1577 2402 1876 2475 dignitates
1903 2407 1960 2458 et
1987 2402 2213 2459 divitias
2245 2419 2261 2458 z

249 2498 309 2547 ct
332 2491 458 2547 ideo
486 2497 607 2562 post
634 2490 740 2546 hoc
766 2490 1273 2563 praeceptum3Non
1299 2506 1646 2565 concupisces,
1676 2497 1810 2559 etc„
1841 2491 2063 2563 ponitur
2091 2491 2260 2559 aliud,

250 2595 349 2652 per
373 2578 521 2650 quod
547 2578 862 2650 prohibetur
884 2578 1068 2634 carnis
1090 2579 1560 2651 concupiscentia.
1587 2580 1711 2636 Non
1739 2580 1919 2651 inquit
1941 2578 2266 2635 desiderabis

248 2683 497 2731 uxorem,
528 2673 635 2721 etc.
665 2666 733 2722 Et
760 2672 845 2722 est
878 2666 1183 2735 sciendum,
1214 2668 1361 2741 quod
1392 2673 1516 2739 post
1539 2671 1830 2739 peccatum
1874 2675 2093 2739 propter
2135 2683 2264 2725 cor-

250 2756 567 2828 ruptionem
609 2755 787 2811 nullus
828 2756 1014 2815 evadit
1058 2757 1560 2829 concupiscentiam
1602 2762 1803 2828 praeter
1861 2754 2157 2823 Christum,
2207 2765 2266 2811 et

252 2846 535 2917 Virginem
585 2843 894 2915 gloriosam.
956 2846 1027 2903 Et
1070 2844 1528 2919 quandocumque
1590 2843 2036 2915 concupiscentia
2085 2842 2260 2908 adest,

252 2935 413 2992 adest
426 2932 515 2990 vel
540 2949 665 2989 cum
684 2934 906 3001 veniali,
928 2933 1016 2991 vel
1043 2950 1169 2992 cum
1188 2932 1425 3002 mortali,
1449 2931 1669 3003 quando
1688 2930 1900 2987 scilicet
1927 2928 2263 2985 dominatur.

252 3028 449 3097 Apost.
480 3024 773 3081 Romanor.
805 3038 921 3081 vl:
948 3023 1077 3082 Non
1102 3029 1284 3095 reynet
1318 3027 1584 3093 peccatum
1611 3020 1672 3076 in
1697 3026 1872 3077 vestro
1898 3019 2118 3075 mortali
2142 3034 2266 3073 cor-

245 3128 403 3185 pore,
430 3118 487 3169 et
513 3128 623 3169 non
649 3112 817 3168 dixit.
840 3112 962 3169 Non
985 3112 1079 3181 sit,
1104 3112 1235 3184 quia
1257 3111 1401 3167 sicut
1430 3110 1546 3182 ipse
1567 3107 1734 3176 dicit;
1759 3107 1874 3164 Scio
1901 3106 2039 3181 quod
2061 3090 2266 3163 habitat

253 3201 315 3255 in
340 3216 441 3266 me,
474 3200 527 3255 id
570 3207 674 3267 est,
716 3201 773 3256 in
812 3216 979 3257 carne
1020 3216 1143 3257 mea
1185 3198 1393 3263 bonum.
1434 3198 1649 3268 Regnat
1671 3202 1858 3253 autem
1894 3201 2180 3268 peccatum
2209 3195 2266 3251 in

252 3303 439 3356 carne,
465 3289 687 3365 quando
707 3289 886 3362 primo
910 3288 967 3345 in
979 3288 1145 3344 corde
1165 3295 1357 3358 regnat
1374 3284 1817 3359 concupiscentia
1837 3283 2262 3341 consentiendo:

253 3385 309 3432 et
354 3376 481 3433 ideo
526 3376 712 3434 subdit
757 3381 925 3452 ApoS.
962 3384 1027 3433 ut
1053 3376 1263 3433 scilicet
1290 3374 1548 3433 obediatis
1587 3372 2020 3446 concupiscentiis
2057 3370 2262 3427 carnis.

252 3465 448 3522 Matth.
478 3482 516 3521 v
548 3483 562 3520 :
597 3464 705 3533 Qui
727 3465 927 3523 uiderit
948 3465 1226 3523 νηπίω-σπι
1251 3463 1324 3521 ad
1346 3462 1804 3537 concupiscendum
1826 3478 1963 3527 cam,
1995 3460 2112 3531 jam
2135 3474 2265 3515 moe-

252 3555 437 3611 chalus
460 3562 538 3611 est
559 3571 676 3611 eam
718 3555 781 3610 in
814 3554 972 3612 corde
996 3572 1113 3612 suo.
1140 3553 1409 3611 Voluntas
1435 3554 1580 3611 enim
1609 3551 1754 3625 apud
1779 3552 1955 3607 Deum
1997 3564 2094 3621 pro
2118 3547 2266 3605 sacto

252 3650 560 3715 reputatur.
608 3644 882 3712 Secundo,
922 3644 1140 3719 quando
1201 3642 1515 3699 dominatur
1557 3642 1612 3698 in
1655 3657 1750 3697 ore
1797 3645 2124 3711 conceptum
2165 3652 2270 3691 ex·-

252 3733 558 3805 primendO.
590 3734 784 3790 Matth.
830 3750 939 3791 xm
972 3752 985 3788 ε
1030 3732 1119 3789 Ex
1146 3730 1480 3788 abundantia
1519 3747 1659 3788 euim
1704 3729 1879 3787 cordis
1904 3744 1959 3783 os
1994 3725 2256 3797 loquitur.

250 3820 453 3893 EpheS.
483 3836 542 3877 iv
589 3838 603 3877 ε
647 3822 835 3879 Omnis
876 3839 1049 3879 sermo
1086 3820 1259 3879 malus
1296 3836 1362 3876 cx
1386 3836 1480 3876 ore
1517 3826 1692 3877 vostro
1710 3816 1963 3892 procedat
1991 3831 2010 3871 .·
2042 3821 2100 3871 et
2141 3814 2303 3873 ideo.

248 3922 363 3971 non
384 3912 475 3967 est
498 3908 619 3969 sine
639 3915 870 3984 peccato
894 3924 1223 3987 componere
1249 3908 1532 3970 cantiones
1554 3920 1744 3976 vanas,
1774 3904 1944 3965 etiam
1966 3899 2268 3965 secundum
