2850 4517
461 315 579 381 430
940 336 990 379 s.
1038 330 1273 379 *monas
1311 327 1638 385 AoumA‘rts
1679 329 1991 377 croscum

461 458 545 508 est
573 450 912 525 quadruplex
942 449 1087 507 mala
1114 450 1356 508 conditio
1386 467 1399 505 ε
1428 465 1554 507 nam
1583 464 1813 522 corpora
1845 463 2038 505 eorum
2075 438 2331 508 obscura.
2361 447 2472 508 Isa.

462 556 573 597 xm
608 558 621 595 :
653 540 846 596 Facies
878 538 1156 596 combusta·
1180 540 1358 597 vultus
1395 555 1602 596 eorum.
1627 539 1784 605 Item,
1817 537 2120 610 passibilia,
2149 538 2278 596 licet
2329 556 2477 596 nun·

462 645 628 701 quam
649 633 1089 700 corrumpantur,
1122 628 1252 701 quia
1280 644 1495 702 semper
1523 628 1581 683 in
1623 627 1748 699 igne
1775 626 2067 693 ardebunt,
2101 637 2156 685 et
2191 626 2488 703 nunquam'

461 718 1007 774 consummabuntur.
1033 718 1139 773 Isa.
1166 732 1302 774 cxvi
1327 734 1339 771 :
1380 717 1588 775 Vermis
1609 732 1794 772 eorum
1821 732 1929 771 non
1951 717 2302 783 morietur-,et
2333 718 2479 790 ignis

460 822 642 863 eornm
666 822 772 863 non
800 806 1165 878 extinyuetur.
1199 806 1354 873 Item,
1389 814 1548 861 erunt
1581 805 1791 877 gravia.
1819 805 2018 861 Anima
2055 806 2203 862 enim
2242 806 2350 862 erit
2395 805 2478 860 ibi

463 890 620 969 quasi
644 900 917 952 catenata.
945 895 1087 952 Psal.
1116 910 1290 952 cxux
1314 912 1327 951 :
1355 895 1446 951 Aa
1467 894 1764 968 alligandos
1785 909 1941 967 'reges
1965 911 2152 951 eorum
2178 894 2238 951 in
2265 910 2481 968 compe-

415 1026 421 1033 .
463 983 633 1041 dibus.
672 984 829 1051 Item,
857 992 1019 1039 erunt
1052 982 1459 1057 quodammodo
1504 981 1747 1040 carnalia
1789 992 1844 1037 et
1900 983 2087 1040 anima
2142 992 2198 1040 et
2252 998 2473 1057 corpus,

461 1071 598 1129 Joel.
624 1089 645 1129 ι
674 1090 689 1129 ε
715 1060 1176 1146 computruerunt
1196 1073 1447 1146 jumenta
1471 1073 1532 1128 in
1557 1081 1790 1131 stercore
1817 1088 1934 1128 suo.

541 1160 719 1220 Vitam
746 1169 1026 1219 aeternam.
1057 1162 1251 1217 Amen.
1294 1162 1692 1219 convenienter
1735 1162 1789 1217 in
1833 1162 1938 1217 line
1967 1164 2210 1218 omnium
2251 1160 2478 1217 deside-

466 1252 668 1306 riorum
696 1259 1026 1317 nostrorum,
1070 1250 1281 1306 scilicet
1309 1250 1363 1306 in
1392 1251 1507 1308 vita
1532 1248 1914 1315 aeterna,·finis
1941 1250 2107 1306 datur
2131 1248 2389 1306 credendi
2417 1248 2476 1303 in

464 1329 741 1412 symbolo,
766 1355 893 1396 cum
915 1338 1115 1395 dicitur
1148 1356 1161 1393 ε
1201 1338 1378 1397 Vitam
1393 1346 1672 1396 oeternam.
1706 1340 1878 1395 Amen
1907 1354 1926 1395 .·
1956 1345 2151 1396 contra
2181 1337 2338 1411 quod
2381 1338 2479 1394 di-

463 1436 594 1484 cunt
624 1426 723 1497 illi,
750 1428 845 1500 qui
880 1432 1089 1501 ponunt
1119 1426 1357 1484 animam
1393 1428 1619 1484 interire
1655 1444 1779 1484 cum
1815 1426 2149 1499 corpore.‘Si
2186 1426 2331 1482 enim
2368 1425 2479 1482 boc

464 1521 610 1571 esset
634 1530 843 1581 verum,
872 1516 1033 1570 bomo
1060 1521 1207 1571 esset
1234 1515 1480 1591 eiusdem
1508 1516 1840 1574 conditionis
1863 1532 1985 1572 cum
2011 1515 2185 1571 brutis
2216 1530 2231 1568 ε
2263 1520 2318 1569 et
2341 1513 2477 1571 istis

462 1602 717 1661 convenit
736 1603 889 1671 illud,
922 1603 1067 1661 Psal.
1091 1618 1270 1661 xcvm
1299 1618 1318 1660 z
1345 1604 1513 1661 Homo
1540 1604 1745 1660 cumin
1766 1605 1959 1661 honore
1987 1610 2112 1661 esset
2151 1618 2256 1659 non
2293 1601 2474 1659 intel·-

466 1692 630 1760 lexit3
656 1683 995 1766 comparatus
1022 1699 1098 1750 est
1129 1693 1393 1765 jumentis
1436 1692 1831 1765 insipientibus,
1865 1700 1913 1748 et
1954 1690 2153 1748 similis
2179 1690 2352 1764 fuctus
2393 1696 2476 1747 est

466 1781 593 1838 illis.
622 1782 817 1837 Anima
864 1782 1009 1837 enim
1038 1781 1275 1839 humana
1318 1780 1653 1839 assimilatur
1672 1782 1794 1839 ¹Deo
1839 1782 1897 1837 in
1935 1774 2373 1846 immortalitate,
2407 1794 2480 1835 ex

468 1876 624 1943 parte
662 1878 846 1927 autem
890 1856 1264 1928 sensualitatis
1305 1870 1642 1927 assimilatur
1688 1869 1900 1927 bestiis·
1941 1871 2078 1927 Cum
2117 1884 2246 1940 ergo
2298 1868 2478 1925 credit

469 1960 612 2032 quis,
638 1951 786 2033 quod
808 1959 991 2016 anima
1014 1960 1281 2016 moriatur
1309 1976 1436 2016 cum
1463 1975 1712 2032 corpore,
1747 1958 1955 2015 recedit
1997 1974 2028 2013 a
2077 1958 2175 2013 Dei
2209 1956 2475 2013 similitu-

470 2046 615 2113 dine,
642 2056 697 2103 et
733 2046 925 2103 bestiis
959 2054 1331 2133 comparatur,
1364 2055 1555 2124 contra
1595 2062 1734 2121 quos
1773 2046 1978 2103 dicitur
2014 2047 2142 2119 Sap.
2178 2059 2263 2101 n:
2292 2044 2477 2119 Neque

470 2134 753 2213 mercedem
777 2143 1125 2208 speraverunt
1158 2136 1415 2211 justitioe,
1440 2152 1532 2192 nee
1546 2136 1930 2207 Judicaverunt
1959 2132 2213 2191 honorem
2253 2134 2476 2189 anima·

468 2238 593 2278 ium
618 2229 973 2284 sanctarume
992 2224 1245 2297 quoniam
1273 2225 1415 2282 Deus
1442 2224 1644 2281 creavit
1665 2223 1924 2280 hominem
1940 2221 2476 2288 inexterminabilem,

468 2310 652 2368 etad
632 2311 917 2382 imaginem
938 2312 1313 2371 similitudinis
1328 2330 1439 2370 suoe
1456 2313 1584 2386 fecit
1602 2313 1770 2370 illum.
1795 2312 1894 2369 Est
1921 2319 2108 2369 autem
2115 2311 2309 2385 primo
2337 2326 2479 2367 con·

468 2396 863 2453 siderandum
845 2413 902 2453 m
931 2399 1035 2456 hoc
1063 2399 1312 2465 articulo,
1332 2416 1459 2473 quae
1484 2400 1598 2457 vita
1626 2401 1698 2457 sit
1717 2400 1834 2459 vita
1861 2408 2119 2479 aeterna:
2149 2398 2298 2455 circa
2325 2396 2476 2472 quod

470 2484 770 2548 sciendum,
800 2485 948 2557 quod
981 2486 1037 2542 ia
1063 2486 1179 2543 vita
1205 2492 1416 2545 aeterna
1449 2493 1686 2562 primum
1716 2494 1803 2546 est
1843 2488 1989 2563 quod
2038 2488 2202 2545 bomo
2237 2488 2476 2559 conjun-

470 2572 615 2643 gitur
645 2570 776 2626 Deo.
796 2571 941 2633 Nam
975 2572 1093 2645 ipse
1118 2573 1265 2629 Deus
1294 2581 1377 2631 est
1406 2576 1692 2647 praemium
1715 2582 1772 2631 et
1795 2574 1920 2631 finis
1943 2575 2186 2631 omnium
2224 2572 2476 2630 laborum

470 2664 799 2716 nostrorum.
826 2660 968 2717 Gen.
998 2678 1070 2718 xv
1103 2661 1260 2735 :qu
1300 2670 1576 2736 protector
1621 2671 1764 2730 tuus,
1795 2670 1848 2721 et
1895 2680 2094 2721 merces
2142 2669 2238 2719 tna
2278 2678 2478 2734 mayna

468 2748 653 2805 nimus.
679 2744 941 2806 Consistit
969 2756 1153 2807 autem
1188 2750 1305 2809 baec
1332 2754 1644 2825 conjunctio
1687 2753 1741 2808 in
1773 2751 2013 2826 perfecta
2057 2752 2285 2808 visione.
2311 2751 2338 2807 1
2363 2752 2478 2807 Co·-

470 2837 774 2901 rinth.‚xm
804 2854 817 2891 z
858 2838 1101 2895 Videmus
1122 2856 1267 2896 nnnc
1290 2856 1391 2914 per
1417 2842 1682 2913 speculum
1708 2839 1768 2895 in
1809 2839 2107 2913 oeniymate,
2135 2846 2264 2897 tnnc
2296 2847 2478 2898 autem

468 2923 606 2997 {brie
619 2925 911 2998 adfaciem.
938 2927 1074 2983 Item
1100 2928 1353 2985 consistit
1371 2928 1427 2983 in
1451 2944 1663 2986 summa
1681 2928 1860 2985 laude.
1887 2933 2023 3001 Aug.
2040 2929 2096 2984 iu
2115 2942 2235 2987 xxn
2263 2928 2332 2983 de
2347 2929 2476 2986 Civ-

468 3014 569 3068 Dei
601 3030 614 3067 ε
644 3007 675 3066 «‘
703 3007 1013 3082 Videamus»,
1047 3017 1370 3085 amabimuS,
1404 3025 1462 3073 et
1491 3016 1835 3075 laudabimus
1866 3018 2045 3075 n.1sa.
2072 3032 2129 3074 m
2157 3034 2171 3072 ε
2205 3015 2476 3073 Gaudium

471 3106 520 3155 et
544 3101 735 3159 loetitia
760 3104 1064 3160 invenietur
1090 3106 1150 3161 in
1177 3122 1258 3173 ea,
1280 3092 1600 3180 'gyrationem
1633 3106 1772 3163 actio
1809 3114 1856 3163 et
1881 3122 1982 3163 vox
2004 3105 2198 3164 lundis.
2225 3106 2385 3173 Item,
2417 3106 2478 3162 in

469 3189 709 3262 perfecta
737 3191 993 3248 satietate
1021 3193 1279 3250 desiderii
1311 3212 1324 3249 ε
1358 3210 1485 3251 nam
1514 3196 1588 3251 ibi
1616 3194 1837 3252 habebit
1858 3194 2087 3270 quilibet
2110 3196 2304 3253 beatus
2329 3193 2478 3253 ultra

469 3277 780 3335 desiderata
806 3288 860 3336 et
886 3288 1124 3352 sperata,
1142 3284 1299 3356 cujus
1342 3285 1484 3339 ratio
1530 3292 1615 3341 est
1643 3286 1804 3359 :quia
1848 3285 2028 3342 nullus
2055 3291 2237 3358 potest
2265 3286 2320 3341 in
2358 3286 2476 3342 vita

472 3366 581 3423 ista
604 3364 829 3440 implere
851 3366 1189 3426 desiderium
1225 3386 1403 3439 suum,
1427 3387 1531 3429 nec
1573 3389 1815 3446 unquam
1839 3373 2061 3447 aliquod
2099 3382 2348 3434 creatum
2377 3388 2478 3429 sa·

473 3454 577 3510 tiat
619 3455 950 3513 desiderium
990 3457 1250 3515 hominis·
1293 3460 1444 3517 Deus
1493 3462 1642 3519 enim
1681 3463 1830 3519 solus
1861 3464 2049 3530 satiat,
2094 3472 2151 3519 et
2201 3462 2476 3518 inlinitum

473 3542 709 3610 excedit,
741 3552 796 3599 et
826 3545 950 3601 inde
974 3553 1058 3602 est
1081 3548 1226 3621 quod
1256 3564 1361 3604 non
1387 3550 1623 3623 quiescit
1652 3550 1757 3607 nisi
1787 3552 1839 3606 in
1867 3552 2001 3609 Deo.
2031 3556 2169 3623 Aug.
2201 3551 2254 3606 in
2279 3552 2304 3609 1
2327 3552 2478 3608 Con·

476 3628 603 3685 sess.
613 3631 841 3689 «Fecisti
860 3650 973 3700 noS‚
988 3636 1238 3703 Domine,
1252 3638 1321 3694 ad
1340 3645 1413 3704 te,
1433 3648 1487 3694 et
1505 3640 1810 3716 inquietum
1825 3647 1909 3697 est
1925 3656 2018 3698 cor
2035 3647 2280 3698 nostrum
2299 3642 2480 3698 donec

479 3714 818 3789 requiescat
804 3712 857 3777 in
874 3728 929 3780 te
950 3744 999 3784 1·
1018 3725 1086 3781 Et
1104 3726 1233 3798 quia
1259 3728 1430 3785 sancti
1459 3729 1512 3783 in
1532 3729 1708 3801 patria
1725 3730 1965 3804 perfecte
1982 3730 2257 3788 habebunt
2277 3730 2452 3796 Deum

482 3806 825 3867 manifestum
846 3818 929 3867 est
958 3814 1104 3887 quod
1129 3815 1423 3874 satiabitur
1449 3817 1782 3878 desiderium
1809 3835 2019 3882 eorum.
2051 3826 2108 3875 et
2144 3819 2324 3877 adhuc
2351 3816 2476 3889 glo-¹

481 3889 566 3949 rie
582 3886 828 3954 excedet.
848 3897 916 3958 Bt
940 3901 1065 4001 ideo
1089 3888 1227 3962 dicit
1258 3906 1535 3976 Dominus,
1559 3908 1716 3968 Mau.
1747 3922 1903 3969 xxv:
1929 3908 2094 3969 Intra
2119 3908 2183 3967 in
2215 3906 2481 3983 gaudium
