2850 4517
549 373 644 447 ‘66
1038 383 1090 446 s.
1136 386 1368 444 -rnom‘e
1410 379 1734 450 Aoui'NATrs
1778 377 2086 442 censen-rja

561 520 744 576 dinem
773 533 879 576 non
906 518 1079 592 possit
1101 517 1404 590 pervenire,
1436 516 1532 573 sed
1561 514 1873 588 aliqualiter
1896 529 2019 570 eam
2047 511 2366 585 imperfecte
2391 509 2571 586 parti·

560 609 728 681 cipat‚
761 609 904 664 sicut
927 606 1183 666 animalia
1221 615 1277 662 et
1306 605 1509 678 plantae
1545 620 1669 678 quoe
1696 610 2025 676 generantur
2061 619 2127 657 ex
2161 601 2369 658 virtute
2410 603 2568 659 soliS.

561 698 816 754 Omnium
840 698 1006 770 igitur
1039 712 1164 770 quae
1189 697 1344 763 fiunt,
1381 695 1505 750 finis
1534 694 1920 766 generationiS‚
1954 693 2070 748 sive
2100 690 2453 764 perfectionis
2483 702 2571 748 est

561 789 736 844 forma
773 787 1045 854 facientis,
1078 785 1160 840 vel
1201 785 1533 857 generantiS,
1566 789 1626 838 ut
1650 783 1862 839 scilicet
1894 781 1963 838 ad
1997 782 2116 853 eJ'us
2151 780 2571 837 similitudinem

549 863 956 950 perveniatur.
987 875 1162 932 forma
1207 881 1390 930 autem
1432 873 1592 946 primi
1632 873 1863 944 agentis„
1908 870 2119 926 scilicet
2158 854 2278 936 Dei,
2328 886 2435 926 non
2482 879 2573 926 est

563 967 712 1022 aliud
737 981 906 1040 quam
927 967 1046 1037 eJ'us
1083 963 1318 1023 bonitas.
1348 965 1573 1035 Propter
1613 961 1718 1017 hoc
1744 945 1913 1033 igitur
1942 959 2125 1016 omnia
2152 959 2301 1016 fact'a
2324 968 2475 1028 sunt,
2508 966 2573 1016 ut

562 1057 765 1114 divinae
788 1054 1024 1112 bonitati
1047 1052 1434 1108 assimilentur.

1331 1166 1613 1290 CAPUT
1660 1219 1795 1289 CII.

653 1367 830 1442 Quod
853 1367 1065 1429 divina
1088 1365 1449 1428 assimilatio
1474 1369 1563 1426 est
1584 1380 1769 1428 causa
1796 1362 2169 1425 diversitatis
2196 1363 2263 1424 in
2290 1359 2486 1424 rebus.

633 1501 715 1556 Ex
743 1499 846 1556 hoc
882 1499 1048 1572 igitur
1077 1499 1394 1570 accipienda
1428 1504 1513 1553 est
1548 1497 1690 1553 ratio
1718 1495 2075 1562 diversitati3‚
2108 1501 2163 1550 et
2200 1494 2575 1551 distinctionis

565 1591 621 1646 ln
649 1588 832 1644 rebus.
859 1588 1000 1656 Quia
1023 1588 1167 1644 enim
1193 1587 1435 1643 divinam
1458 1586 1758 1642 bonitatem
1785 1584 2027 1657 perfecte
2052 1584 2435 1656 repraesentari
2462 1583 2575 1640 im-

567 1677 822 1750 possibile
855 1675 958 1730 fuit
995 1683 1217 1748 propter
1244 1674 1565 1732 distantiam
1598 1674 2027 1745 uniuscujusque
2058 1678 2326 1730 creaturae
2366 1689 2399 1728 a
2432 1675 2569 1740 Dec,

553 1766 935 1823 'necessarium
965 1764 1067 1820 fuit
1095 1771 1157 1819 ut
1189 1765 1673 1836 repraesentaretur
1704 1779 1799 1835 per
1830 1760 2019 1826 multa,
2050 1767 2113 1816 ut
2134 1761 2279 1833 quod
2318 1762 2477 1818 deest
2505 1768 2573 1818 eit

570 1871 694 1921 unc,
735 1854 1078 1928 suppleretur
1115 1869 1183 1908 ex
1223 1853 1351 1908 alio.
1393 1853 1535 1908 Nam
1560 1859 1615 1908 et
1653 1851 1708 1906 in
1750 1849 2189 1907 conclusionibus
2216 1848 2573 1924 syllogisticis

567 1943 788 2017 quando
821 1957 915 2014 per
955 1957 1124 1998 unum
1158 1941 1398 1997 medium
1433 1955 1542 1996 non
1566 1939 1896 1996 sufficienter
1931 1939 2400 1996 demonstraretur
2432 1954 2571 1996 con-

549 2033 758 2100 ‘clusi0,
803 2039 1018 2104 oportet
1059 2031 1239 2088 media
1277 2029 1626 2102 multiplicari
1666 2028 1734 2084 ad
1770 2027 2131 2084 conclusionis
2170 2027 2574 2085 manifestatio-

567 2136 710 2188 nem,
737 2131 799 2178 ut
837 2123 891 2176 in
923 2120 1226 2193 syllogismi
1255 2120 1559 2175 dialecticis
1599 2118 1820 2174 accidit.
1844 2118 1958 2173 Nec
1984 2125 2100 2173 tota
2132 2125 2311 2173 tamen
2346 2120 2574 2175 univer-

569 2211 706 2266 sitas
745 2217 1121 2264 creaturarum
1159 2207 1398 2280 perfecte
1440 2206 1681 2286 divinam
1722 2207 2021 2263 bonitatem
2061 2215 2419 2279 repraesentat
2477 2227 2574 2281 per

569 2297 1054 2370 aeqtiiparantiam‚
1110 2295 1208 2350 sed
1254 2295 1555 2351 seeundum
1612 2295 1996 2368 perfectionem
2051 2305 2319 2354 creaturae
2390 2301 2573 2370 possi-

569 2385 957 2450 bilem.‚ltem‚
1011 2383 1162 2448 illud,
1215 2385 1360 2454 quod
1404 2384 1544 2440 inest
1584 2400 1765 2442 causae
1804 2384 2111 2452 universali¹
2150 2386 2475 2458 simpliciter
2518 2398 2573 2446 et

572 2474 741 2540 unite,
784 2473 1056 2528 invenitur
1098 2473 1151 2527 in
1175 2472 1462 2529 'effectibus
1502 2469 1885 2546 'multipliciter
1917 2481 1972 2529 et
2006 2474 2281 2531 distincte.
2320 2476 2573 2534 Nobilius

555 2569 656 2618 ¹est
693 2563 835 2618 enim
881 2561 1088 2632 aliquid
1134 2561 1186 2616 in
1233 2577 1400 2618 causa
1447 2567 1612 2634 quam
1654 2563 1711 2617 in
1756 2563 2040 2631 effectibus
2086 2581 2098 2617 ε
2146 2564 2331 2620 divina
2384 2572 2572 2623 autem

570 2649 788 2704 bonitas
838 2663 946 2704 una
997 2657 1052 2704 et
1109 2649 1338 2721 simplex
1370 2649 1696 2721 principium
1744 2656 1827 2705 est
1876 2657 1929 2705 et
1968 2650 2125 2706 radix
2182 2643 2350 2707 to'tius
2414 2653 2573 2709 boni-

570 2739 721 2802 tati3‚
753 2752 878 2810 quae
920 2737 976 2793 in
1023 2739 1291 2793 creaturis
1335 2738 1631 2793 invenitur.
1676 2740 1911 2794 Necesse
1956 2745 2041 2795 est
2082 2739 2248 2812 igitur
2293 2741 2376 2796 sic
2412 2757 2574 2798 crea-

573 2835 723 2883 turas
746 2826 948 2884 divinae
974 2826 1204 2883 bonitati
1235 2827 1545 2893 assimilari,
1578 2827 1719 2883 sicut
1758 2827 1929 2883 multa
1958 2834 2014 2883 et
2052 2828 2311 2884 distincta
2349 2832 2573 2886 assimi-

571 2916 752 2972 lantur
775 2915 868 2971 uni
897 2915 1149 2988 simplici.
1177 2915 1267 2971 Sic
1295 2914 1462 2986 igitur
1502 2914 1795 2971 multitudo
1824 2923 1879 2970 et
1919 2915 2200 2972 distinctio
2241 2920 2497 2988 provenit
2519 2921 2572 2976 in

571 3004 732 3061 rebus
756 3021 862 3062 non
895 3004 1208 3070 casualiter,
1245 3011 1341 3058 aut
1371 2999 1616 3072 fortuit0‚
1650 3005 1794 3060 sicut
1825 3020 1925 3062 nec
1950 3021 2134 3061 rerum
2172 3007 2461 3078 productio
2488 3015 2575 3064 aet

551 3103 604 3149 'a
627 3109 776 3160 casu,
811 3092 893 3148 vel
925 3109 956 3148 a
979 3080 1215 3159 foftunffi
1239 3092 1336 3148 sed
1361 3086 1582 3166 propter
1607 3093 1787 3148 finem.
1814 3094 1893 3148 Ex
1916 3093 2110 3149 eodem
2135 3095 2281 3150 enim
2306 3096 2575 3168 principio

572 3191 656 3238 est
685 3197 824 3249 csse,
851 3188 908 3236 et
945 3181 1146 3248 unitaS,
1179 3189 1234 3238 et
1265 3182 1556 3238 multitudo
1586 3181 1641 3237 in
1680 3183 1859 3238 rebus,
1900 3183 2090 3259 Neque
2116 3185 2261 3240 enim
2289 3184 2574 3241 distinctio

571 3285 752 3326 rerum
782 3279 1038 3327 causatur
1067 3287 1132 3327 ex
1161 3271 1437 3328 materia:
1470 3281 1603 3327 'nam
1644 3273 1819 3344 prima
1853 3287 2030 3327 rerum
2058 3271 2331 3328 institutio
2358 3280 2443 3328 est
2479 3291 2576 3346 per

577 3361 926 3443 creationem,
955 3375 1078 3432 quae
1113 3362 1402 3416 materiam
1432 3377 1537 3418 non
1574 3361 1825 3433 requirit.
1855 3361 2115 3417 Similiter
2144 3377 2270 3433 quae
2304 3362 2482 3417 solum
2507 3379 2575 3418 ex

573 3449 900 3505 necessitate
941 3450 1186 3504 materiae
1215 3453 1560 3522 proveniunt,
1590 3451 1831 3506 casualia
1864 3465 1983 3506 esse
2008 3450 2281 3508 videntur.
2312 3451 2578 3508 Similiter

551 3543 759 3595 'autem
796 3554 974 3611 neque
1009 3537 1303 3594 multitudo
1344 3539 1398 3594 in
1431 3541 1591 3596 rebus
1622 3530 1879 3596 causatur
1917 3545 2139 3612 propter
2168 3540 2417 3596 ordinem
2453 3557 2577 3598 me-

573 3629 788 3684 diorum
827 3627 1124 3698 agentium,
1166 3634 1298 3699 puta
1323 3630 1486 3701 *quod
1530 3630 1599 3684 ab
1642 3645 1748 3683 uno
1788 3630 1963 3701 primo
2003 3628 2234 3701 simplici
2278 3631 2578 3702 procedere

573 3717 891 3774 immediate
921 3730 1027 3772 non
1051 3717 1288 3788 potuerit
1317 3719 1419 3774 nisi
1448 3735 1631 3784 unum,
1665 3718 1877 3775 distans
1908 3726 2087 3774 tamen
2115 3734 2145 3773 a
2174 3719 2351 3790 primo
2370 3720 2429 3774 in
2454 3719 2581 3774 sim·

575 3805 838 3876 plicitum,
866 3805 942 3859 ita
973 3806 1114 3877 quod
1141 3821 1209 3861 ex
1246 3819 1310 3860 eo
1345 3809 1461 3878 jam
1490 3808 1784 3878 procedere
1806 3808 2043 3879 potuerit
2070 3807 2383 3872 multitudo,
2412 3814 2469 3862 et
2496 3808 2582 3863 sic

577 3891 852 3965 deinceps,
884 3900 1088 3965 quanto
1129 3894 1304 3964 magis
1331 3909 1362 3949 a
1391 3896 1565 3967 primo
1608 3895 1841 3968 simplici
1868 3896 2160 3964 receditur,
2196 3893 2349 3951 tanto
2379 3911 2580 3952 nume-

547 3975 753 4034 ·rcslor
777 3978 1068 4039 multitudo
1097 3983 1390 4052 invenitur,
1417 3988 1477 4041 ut
1508 3984 1675 4058 aliqui
1702 3991 2025 4059 posuerunt.
2046 3984 2167 4042 sam
2206 3983 2355 4048 enlm
2385 3991 2585 4042 osten-
