<?xml version="1.0" encoding="UTF-8"?>
<!DOCTYPE html PUBLIC "-//W3C//DTD XHTML 1.0 Transitional//EN"
    "http://www.w3.org/TR/xhtml1/DTD/xhtml1-transitional.dtd">
<html xmlns="http://www.w3.org/1999/xhtml" xml:lang="en" lang="en">
 <head>
  <title>
</title>
<meta http-equiv="Content-Type" content="text/html;charset=utf-8" />
  <meta name='ocr-system' content='tesseract 3.04.00' />
  <meta name='ocr-capabilities' content='ocr_page ocr_carea ocr_par ocr_line ocrx_word'/>
</head>
<body>
  <div class='ocr_page' id='page_1' title='image "./sthomaquinatisd02thomgoog_0401.png"; bbox 0 0 2850 4517; ppageno 0'>
   <div class='ocr_carea' id='block_1_1' title="bbox 480 409 2224 473">
    <p class='ocr_par' dir='ltr' id='par_1_1' title="bbox 480 409 2224 473">
     <span class='ocr_line' id='line_1_1' title="bbox 480 409 2224 473; baseline -0.003 -1"><span class='ocrx_word' id='word_1_1' title='bbox 480 417 570 473; x_wconf 75' lang='lat' dir='ltr'>vl.</span> <span class='ocrx_word' id='word_1_2' title='bbox 595 440 675 456; x_wconf 94' lang='lat'><em>-</em></span> <span class='ocrx_word' id='word_1_3' title='bbox 700 417 994 471; x_wconf 66' lang='lat' dir='ltr'>oenomai</span> <span class='ocrx_word' id='word_1_4' title='bbox 1034 422 1125 470; x_wconf 73' lang='grc' dir='ltr'>ιιιι·</span> <span class='ocrx_word' id='word_1_5' title='bbox 1154 420 1339 470; x_wconf 52' lang='lat' dir='ltr'>&amp;asro</span> <span class='ocrx_word' id='word_1_6' title='bbox 1382 425 1674 471; x_wconf 67' lang='lat' dir='ltr'>coaeoms</span> <span class='ocrx_word' id='word_1_7' title='bbox 1723 422 1962 473; x_wconf 75' lang='lat' dir='ltr'>cumen</span> <span class='ocrx_word' id='word_1_8' title='bbox 2105 409 2224 469; x_wconf 82' lang='lat'>387</span> 
     </span>
    </p>
   </div>
   <div class='ocr_carea' id='block_1_2' title="bbox 216 536 2230 4075">
    <p class='ocr_par' dir='ltr' id='par_1_2' title="bbox 216 536 2230 4075">
     <span class='ocr_line' id='line_1_2' title="bbox 752 536 1515 614; baseline 0.005 -19"><span class='ocrx_word' id='word_1_9' title='bbox 752 540 822 596; x_wconf 87' lang='lat' dir='ltr'>Se</span> <span class='ocrx_word' id='word_1_10' title='bbox 850 553 1082 602; x_wconf 78' lang='lat' dir='ltr'>nascens</span> <span class='ocrx_word' id='word_1_11' title='bbox 1104 536 1257 597; x_wconf 82' lang='lat' dir='ltr'>dedit</span> <span class='ocrx_word' id='word_1_12' title='bbox 1284 539 1515 614; x_wconf 79' lang='lat' dir='ltr'>socium,</span> 
     </span>
     <span class='ocr_line' id='line_1_3' title="bbox 644 626 1399 698; baseline 0 -13"><span class='ocrx_word' id='word_1_13' title='bbox 644 656 649 661; x_wconf 94' lang='lat'><strong>·</strong></span> <span class='ocrx_word' id='word_1_14' title='bbox 678 628 1022 685; x_wconf 80' lang='lat' dir='ltr'>convescens</span> <span class='ocrx_word' id='word_1_15' title='bbox 1053 626 1399 698; x_wconf 77' lang='lat' dir='ltr'>iuedulium,</span> 
     </span>
     <span class='ocr_line' id='line_1_4' title="bbox 678 714 1461 793; baseline 0.004 -24"><span class='ocrx_word' id='word_1_16' title='bbox 678 715 748 793; x_wconf 80' lang='lat' dir='ltr'>Se</span> <span class='ocrx_word' id='word_1_17' title='bbox 778 714 1017 771; x_wconf 82' lang='lat' dir='ltr'>moriens</span> <span class='ocrx_word' id='word_1_18' title='bbox 1033 714 1089 771; x_wconf 91' lang='lat' dir='ltr'>in</span> <span class='ocrx_word' id='word_1_19' title='bbox 1118 716 1376 789; x_wconf 85' lang='lat' dir='ltr'>pretium,</span> <span class='ocrx_word' id='word_1_20' title='bbox 1457 738 1461 745; x_wconf 93' lang='lat'><strong>·</strong></span> 
     </span>
     <span class='ocr_line' id='line_1_5' title="bbox 781 804 1681 879; baseline 0.003 -18"><span class='ocrx_word' id='word_1_21' title='bbox 781 806 787 813; x_wconf 82' lang='lat'><em>‘</em></span> <span class='ocrx_word' id='word_1_22' title='bbox 816 804 886 861; x_wconf 89' lang='lat' dir='ltr'>Se</span> <span class='ocrx_word' id='word_1_23' title='bbox 915 819 1149 876; x_wconf 81' lang='lat' dir='ltr'>regnans</span> <span class='ocrx_word' id='word_1_24' title='bbox 1170 804 1351 862; x_wconf 82' lang='lat' dir='ltr'>datin</span> <span class='ocrx_word' id='word_1_25' title='bbox 1376 804 1681 879; x_wconf 83' lang='lat' dir='ltr'>praemium.</span> 
     </span>
     <span class='ocr_line' id='line_1_6' title="bbox 746 891 1319 964; baseline 0.002 -15"><span class='ocrx_word' id='word_1_26' title='bbox 746 892 795 949; x_wconf 91' lang='grc' dir='ltr'>Ο</span> <span class='ocrx_word' id='word_1_27' title='bbox 819 891 1077 949; x_wconf 79' lang='lat' dir='ltr'>salutaris</span> <span class='ocrx_word' id='word_1_28' title='bbox 1106 893 1319 964; x_wconf 79' lang='lat' dir='ltr'>Hostia,</span> 
     </span>
     <span class='ocr_line' id='line_1_7' title="bbox 677 979 1435 1056; baseline 0 -19"><span class='ocrx_word' id='word_1_29' title='bbox 677 980 812 1051; x_wconf 82' lang='lat' dir='ltr'>Quae</span> <span class='ocrx_word' id='word_1_30' title='bbox 836 980 960 1039; x_wconf 85' lang='lat' dir='ltr'>coeli</span> <span class='ocrx_word' id='word_1_31' title='bbox 985 981 1183 1056; x_wconf 84' lang='lat' dir='ltr'>pandis</span> <span class='ocrx_word' id='word_1_32' title='bbox 1204 979 1435 1039; x_wconf 74' lang='lat' dir='ltr'>ostium!</span> 
     </span>
     <span class='ocr_line' id='line_1_8' title="bbox 678 1068 1400 1143; baseline 0.001 -19"><span class='ocrx_word' id='word_1_33' title='bbox 678 1068 826 1128; x_wconf 86' lang='lat' dir='ltr'>Bella</span> <span class='ocrx_word' id='word_1_34' title='bbox 854 1076 1109 1143; x_wconf 83' lang='lat' dir='ltr'>premunt</span> <span class='ocrx_word' id='word_1_35' title='bbox 1133 1070 1355 1128; x_wconf 86' lang='lat' dir='ltr'>hostilia</span> <span class='ocrx_word' id='word_1_36' title='bbox 1384 1087 1400 1125; x_wconf 71' lang='grc' dir='ltr'>ι</span> 
     </span>
     <span class='ocr_line' id='line_1_9' title="bbox 818 1158 1540 1228; baseline 0.006 -13"><span class='ocrx_word' id='word_1_37' title='bbox 818 1159 902 1216; x_wconf 87' lang='lat' dir='ltr'>Da</span> <span class='ocrx_word' id='word_1_38' title='bbox 926 1158 1113 1228; x_wconf 80' lang='lat' dir='ltr'>robur,</span> <span class='ocrx_word' id='word_1_39' title='bbox 1142 1159 1225 1217; x_wconf 85' lang='lat' dir='ltr'>fer</span> <span class='ocrx_word' id='word_1_40' title='bbox 1255 1160 1540 1221; x_wconf 86' lang='lat' dir='ltr'>auxilium.</span> 
     </span>
     <span class='ocr_line' id='line_1_10' title="bbox 751 1248 1399 1321; baseline 0.003 -16"><span class='ocrx_word' id='word_1_41' title='bbox 751 1248 855 1305; x_wconf 88' lang='lat' dir='ltr'>Uni</span> <span class='ocrx_word' id='word_1_42' title='bbox 884 1248 1137 1321; x_wconf 87' lang='lat' dir='ltr'>trinoque</span> <span class='ocrx_word' id='word_1_43' title='bbox 1167 1249 1399 1307; x_wconf 85' lang='lat' dir='ltr'>Domino</span> 
     </span>
     <span class='ocr_line' id='line_1_11' title="bbox 677 1335 1427 1409; baseline 0.001 -16"><span class='ocrx_word' id='word_1_44' title='bbox 677 1336 761 1393; x_wconf 85' lang='lat' dir='ltr'>Sit</span> <span class='ocrx_word' id='word_1_45' title='bbox 786 1336 1119 1408; x_wconf 82' lang='lat' dir='ltr'>sempiterna</span> <span class='ocrx_word' id='word_1_46' title='bbox 1144 1335 1357 1409; x_wconf 84' lang='lat' dir='ltr'>gloria,-</span> <span class='ocrx_word' id='word_1_47' title='bbox 1418 1360 1427 1371; x_wconf 73' lang='grc'><strong><em>’</em></strong></span> 
     </span>
     <span class='ocr_line' id='line_1_12' title="bbox 678 1424 1392 1495; baseline 0.004 -14"><span class='ocrx_word' id='word_1_48' title='bbox 678 1424 783 1495; x_wconf 88' lang='lat' dir='ltr'>Qui</span> <span class='ocrx_word' id='word_1_49' title='bbox 806 1424 978 1483; x_wconf 81' lang='lat' dir='ltr'>vitam</span> <span class='ocrx_word' id='word_1_50' title='bbox 1010 1426 1127 1481; x_wconf 88' lang='lat' dir='ltr'>sine</span> <span class='ocrx_word' id='word_1_51' title='bbox 1156 1426 1392 1484; x_wconf 87' lang='lat' dir='ltr'>termino</span> 
     </span>
     <span class='ocr_line' id='line_1_13' title="bbox 817 1512 1709 1587; baseline 0.001 -17"><span class='ocrx_word' id='word_1_52' title='bbox 817 1512 989 1570; x_wconf 84' lang='lat' dir='ltr'>Nobis</span> <span class='ocrx_word' id='word_1_53' title='bbox 1012 1513 1179 1569; x_wconf 87' lang='lat' dir='ltr'>donet</span> <span class='ocrx_word' id='word_1_54' title='bbox 1199 1514 1256 1570; x_wconf 86' lang='lat' dir='ltr'>in</span> <span class='ocrx_word' id='word_1_55' title='bbox 1282 1514 1480 1587; x_wconf 86' lang='lat' dir='ltr'>patria.</span> <span class='ocrx_word' id='word_1_56' title='bbox 1512 1516 1709 1583; x_wconf 75' lang='lat' dir='ltr'>Amen.</span> 
     </span>
     <span class='ocr_line' id='line_1_14' title="bbox 298 1597 1216 1672; baseline -0.002 -15"><span class='ocrx_word' id='word_1_57' title='bbox 298 1598 447 1657; x_wconf 67' lang='lat' dir='ltr'>Vere.</span> <span class='ocrx_word' id='word_1_58' title='bbox 477 1597 663 1656; x_wconf 82' lang='lat' dir='ltr'>Poeuit</span> <span class='ocrx_word' id='word_1_59' title='bbox 688 1598 821 1656; x_wconf 84' lang='lat' dir='ltr'>fines</span> <span class='ocrx_word' id='word_1_60' title='bbox 853 1610 974 1657; x_wconf 84' lang='lat' dir='ltr'>tuos</span> <span class='ocrx_word' id='word_1_61' title='bbox 1003 1616 1216 1672; x_wconf 80' lang='lat' dir='ltr'>pacem.</span> 
     </span>
     <span class='ocr_line' id='line_1_15' title="bbox 228 1687 1303 1761; baseline -0.001 -13.94"><span class='ocrx_word' id='word_1_62' title='bbox 228 1688 445 1760; x_wconf 76' lang='lat' dir='ltr'>..Resp</span> <span class='ocrx_word' id='word_1_63' title='bbox 474 1687 545 1744; x_wconf 83' lang='lat' dir='ltr'>Et</span> <span class='ocrx_word' id='word_1_64' title='bbox 570 1687 731 1761; x_wconf 87' lang='lat' dir='ltr'>adipe</span> <span class='ocrx_word' id='word_1_65' title='bbox 754 1688 1014 1745; x_wconf 83' lang='lat' dir='ltr'>frumenti</span> <span class='ocrx_word' id='word_1_66' title='bbox 1037 1688 1207 1746; x_wconf 82' lang='lat' dir='ltr'>satiat</span> <span class='ocrx_word' id='word_1_67' title='bbox 1230 1692 1303 1746; x_wconf 84' lang='lat' dir='ltr'>te.</span> 
     </span>
     <span class='ocr_line' id='line_1_16' title="bbox 290 1775 741 1834; baseline -0.007 0"><span class='ocrx_word' id='word_1_68' title='bbox 290 1775 381 1834; x_wconf 71' lang='lat' dir='ltr'>Ad</span> <span class='ocrx_word' id='word_1_69' title='bbox 407 1775 741 1833; x_wconf 72' lang='lat' dir='ltr'><strong><em>Benedictus.</em></strong></span> 
     </span>
     <span class='ocr_line' id='line_1_17' title="bbox 288 1863 2225 1963; baseline 0 -40"><span class='ocrx_word' id='word_1_70' title='bbox 288 1865 620 1939; x_wconf 73' lang='lat' dir='ltr'>Antiphone.</span> <span class='ocrx_word' id='word_1_71' title='bbox 661 1864 775 1937; x_wconf 86' lang='lat' dir='ltr'>Ego</span> <span class='ocrx_word' id='word_1_72' title='bbox 820 1878 943 1923; x_wconf 83' lang='lat' dir='ltr'>sum</span> <span class='ocrx_word' id='word_1_73' title='bbox 986 1866 1141 1940; x_wconf 87' lang='lat' dir='ltr'>panis</span> <span class='ocrx_word' id='word_1_74' title='bbox 1185 1865 1368 1937; x_wconf 73' lang='lat' dir='ltr'>vivuS,</span> <span class='ocrx_word' id='word_1_75' title='bbox 1403 1866 1500 1941; x_wconf 85' lang='lat' dir='ltr'>qui</span> <span class='ocrx_word' id='word_1_76' title='bbox 1541 1863 1612 1923; x_wconf 88' lang='lat' dir='ltr'>de</span> <span class='ocrx_word' id='word_1_77' title='bbox 1655 1864 1798 1928; x_wconf 82' lang='lat' dir='ltr'>coelo</span> <span class='ocrx_word' id='word_1_78' title='bbox 1839 1864 2147 1963; x_wconf 62' lang='lat' dir='ltr'>descendit</span> <span class='ocrx_word' id='word_1_79' title='bbox 2176 1864 2225 1923; x_wconf 85' lang='lat' dir='ltr'>si</span> 
     </span>
     <span class='ocr_line' id='line_1_18' title="bbox 216 1954 1807 2029; baseline 0.001 -18"><span class='ocrx_word' id='word_1_80' title='bbox 216 1956 346 2029; x_wconf 75' lang='lat' dir='ltr'>quis</span> <span class='ocrx_word' id='word_1_81' title='bbox 374 1954 787 2015; x_wconf 85' lang='lat' dir='ltr'>manducaverit</span> <span class='ocrx_word' id='word_1_82' title='bbox 812 1972 880 2014; x_wconf 89' lang='lat' dir='ltr'>ex</span> <span class='ocrx_word' id='word_1_83' title='bbox 913 1955 1019 2013; x_wconf 87' lang='lat' dir='ltr'>hoc</span> <span class='ocrx_word' id='word_1_84' title='bbox 1056 1959 1214 2028; x_wconf 82' lang='lat' dir='ltr'>pane,</span> <span class='ocrx_word' id='word_1_85' title='bbox 1245 1956 1396 2013; x_wconf 83' lang='lat' dir='ltr'>vivet</span> <span class='ocrx_word' id='word_1_86' title='bbox 1425 1955 1483 2012; x_wconf 92' lang='lat' dir='ltr'>in</span> <span class='ocrx_word' id='word_1_87' title='bbox 1517 1960 1807 2013; x_wconf 83' lang='lat' dir='ltr'>aeteruum.</span> 
     </span>
     <span class='ocr_line' id='line_1_19' title="bbox 291 2043 1202 2117; baseline 0 -16"><span class='ocrx_word' id='word_1_88' title='bbox 291 2043 503 2110; x_wconf 80' lang='lat' dir='ltr'>oratic,</span> <span class='ocrx_word' id='word_1_89' title='bbox 526 2048 587 2101; x_wconf 76' lang='lat' dir='ltr'>ut</span> <span class='ocrx_word' id='word_1_90' title='bbox 626 2043 904 2117; x_wconf 75' lang='lat' dir='ltr'>inprimis</span> <span class='ocrx_word' id='word_1_91' title='bbox 939 2043 1202 2117; x_wconf 75' lang='lat' dir='ltr'>Vesperis.</span> 
     </span>
     <span class='ocr_line' id='line_1_20' title="bbox 289 2132 1253 2200; baseline -0.002 -9"><span class='ocrx_word' id='word_1_92' title='bbox 289 2133 382 2191; x_wconf 82' lang='lat' dir='ltr'>Ad</span> <span class='ocrx_word' id='word_1_93' title='bbox 415 2132 681 2200; x_wconf 80' lang='lat' dir='ltr'><strong><em>Primam,</em></strong></span> <span class='ocrx_word' id='word_1_94' title='bbox 706 2133 852 2189; x_wconf 79' lang='lat' dir='ltr'>etad</span> <span class='ocrx_word' id='word_1_95' title='bbox 874 2150 1049 2190; x_wconf 75' lang='lat' dir='ltr'>omnes</span> <span class='ocrx_word' id='word_1_96' title='bbox 1072 2134 1171 2189; x_wconf 77' lang='lat' dir='ltr'>hor</span> <span class='ocrx_word' id='word_1_97' title='bbox 1172 2149 1253 2189; x_wconf 75' lang='grc' dir='ltr'>αε.</span> 
     </span>
     <span class='ocr_line' id='line_1_21' title="bbox 290 2221 1395 2296; baseline 0.003 -19"><span class='ocrx_word' id='word_1_98' title='bbox 290 2221 613 2295; x_wconf 77' lang='lat' dir='ltr'>Antiphonae</span> <span class='ocrx_word' id='word_1_99' title='bbox 636 2221 905 2291; x_wconf 80' lang='lat' dir='ltr'>Laudum,</span> <span class='ocrx_word' id='word_1_100' title='bbox 935 2227 1135 2295; x_wconf 78' lang='lat' dir='ltr'>quarta</span> <span class='ocrx_word' id='word_1_101' title='bbox 1162 2227 1395 2296; x_wconf 74' lang='lat' dir='ltr'>excepta.</span> 
     </span>
     <span class='ocr_line' id='line_1_22' title="bbox 290 2307 871 2383; baseline 0.002 -17"><span class='ocrx_word' id='word_1_102' title='bbox 290 2307 450 2383; x_wconf 80' lang='lat' dir='ltr'>Resp.</span> <span class='ocrx_word' id='word_1_103' title='bbox 481 2310 609 2367; x_wconf 83' lang='lat' dir='ltr'>Jesu</span> <span class='ocrx_word' id='word_1_104' title='bbox 638 2310 871 2368; x_wconf 83' lang='lat' dir='ltr'><strong>Christe.</strong></span> 
     </span>
     <span class='ocr_line' id='line_1_23' title="bbox 299 2379 2226 2474; baseline 0.001 -17"><span class='ocrx_word' id='word_1_105' title='bbox 299 2398 446 2457; x_wconf 69' lang='lat' dir='ltr'>Vere.</span> <span class='ocrx_word' id='word_1_106' title='bbox 470 2398 573 2469; x_wconf 87' lang='lat' dir='ltr'>Qui</span> <span class='ocrx_word' id='word_1_107' title='bbox 593 2405 758 2457; x_wconf 83' lang='lat' dir='ltr'>natus</span> <span class='ocrx_word' id='word_1_108' title='bbox 784 2415 844 2456; x_wconf 82' lang='lat' dir='ltr'>es</span> <span class='ocrx_word' id='word_1_109' title='bbox 861 2399 931 2456; x_wconf 86' lang='lat' dir='ltr'>de</span> <span class='ocrx_word' id='word_1_110' title='bbox 950 2379 1171 2473; x_wconf 79' lang='lat' dir='ltr'>Virgine</span> <span class='ocrx_word' id='word_1_111' title='bbox 1189 2399 1379 2469; x_wconf 84' lang='lat' dir='ltr'>Maria,</span> <span class='ocrx_word' id='word_1_112' title='bbox 1401 2406 1452 2457; x_wconf 80' lang='lat' dir='ltr'>et</span> <span class='ocrx_word' id='word_1_113' title='bbox 1471 2398 1688 2459; x_wconf 77' lang='lat' dir='ltr'>dicatur</span> <span class='ocrx_word' id='word_1_114' title='bbox 1699 2418 1800 2474; x_wconf 79' lang='lat' dir='ltr'>per</span> <span class='ocrx_word' id='word_1_115' title='bbox 1825 2406 1992 2459; x_wconf 76' lang='lat' dir='ltr'>totam</span> <span class='ocrx_word' id='word_1_116' title='bbox 2014 2407 2226 2459; x_wconf 71' lang='grc' dir='ltr'>’.οσιαιια</span> 
     </span>
     <span class='ocr_line' id='line_1_24' title="bbox 290 2480 1319 2561; baseline 0.001 -15"><span class='ocrx_word' id='word_1_117' title='bbox 290 2480 383 2546; x_wconf 70' lang='lat' dir='ltr'>Aa</span> <span class='ocrx_word' id='word_1_118' title='bbox 418 2488 676 2546; x_wconf 80' lang='lat' dir='ltr'>Tertiam.</span> <span class='ocrx_word' id='word_1_119' title='bbox 698 2488 833 2561; x_wconf 79' lang='lat' dir='ltr'>Cap.</span> <span class='ocrx_word' id='word_1_120' title='bbox 852 2490 1119 2547; x_wconf 86' lang='lat' dir='ltr'>Dominus</span> <span class='ocrx_word' id='word_1_121' title='bbox 1140 2490 1319 2547; x_wconf 71' lang='lat' dir='ltr'>lesuS.</span> 
     </span>
     <span class='ocr_line' id='line_1_25' title="bbox 290 2576 1600 2650; baseline 0.002 -18"><span class='ocrx_word' id='word_1_122' title='bbox 290 2578 449 2650; x_wconf 74' lang='lat' dir='ltr'>Reep.</span> <span class='ocrx_word' id='word_1_123' title='bbox 476 2578 681 2641; x_wconf 82' lang='lat' dir='ltr'>Panem</span> <span class='ocrx_word' id='word_1_124' title='bbox 708 2576 835 2633; x_wconf 84' lang='lat' dir='ltr'>coeli</span> <span class='ocrx_word' id='word_1_125' title='bbox 858 2577 1010 2633; x_wconf 87' lang='lat' dir='ltr'>dedit</span> <span class='ocrx_word' id='word_1_126' title='bbox 1033 2579 1133 2646; x_wconf 73' lang='lat' dir='ltr'>eie,</span> <span class='ocrx_word' id='word_1_127' title='bbox 1158 2577 1411 2646; x_wconf 77' lang='lat' dir='ltr'>Alleluia,</span> <span class='ocrx_word' id='word_1_128' title='bbox 1429 2577 1600 2635; x_wconf 75' lang='lat' dir='ltr'>Auel.</span> 
     </span>
     <span class='ocr_line' id='line_1_26' title="bbox 301 2662 1994 2734; baseline 0.001 -13"><span class='ocrx_word' id='word_1_129' title='bbox 301 2666 449 2723; x_wconf 73' lang='lat' dir='ltr'>Vere.</span> <span class='ocrx_word' id='word_1_130' title='bbox 482 2666 683 2721; x_wconf 88' lang='lat' dir='ltr'>Panem</span> <span class='ocrx_word' id='word_1_131' title='bbox 705 2662 1035 2734; x_wconf 80' lang='lat' dir='ltr'>Angelorum</span> <span class='ocrx_word' id='word_1_132' title='bbox 1066 2664 1417 2723; x_wconf 81' lang='lat' dir='ltr'>manducavit</span> <span class='ocrx_word' id='word_1_133' title='bbox 1443 2664 1628 2733; x_wconf 87' lang='lat' dir='ltr'>homo,</span> <span class='ocrx_word' id='word_1_134' title='bbox 1655 2664 1814 2722; x_wconf 87' lang='lat' dir='ltr'>Allel.</span> <span class='ocrx_word' id='word_1_135' title='bbox 1835 2666 1994 2725; x_wconf 85' lang='lat' dir='ltr'>Allel.</span> 
     </span>
     <span class='ocr_line' id='line_1_27' title="bbox 291 2752 752 2812; baseline -0.014 0"><span class='ocrx_word' id='word_1_136' title='bbox 291 2754 502 2812; x_wconf 81' lang='lat' dir='ltr'>Gloria.</span> <span class='ocrx_word' id='word_1_137' title='bbox 528 2752 752 2808; x_wconf 83' lang='lat' dir='ltr'>Panem.</span> 
     </span>
     <span class='ocr_line' id='line_1_28' title="bbox 300 2840 977 2909; baseline -0.003 -9"><span class='ocrx_word' id='word_1_138' title='bbox 300 2842 447 2901; x_wconf 68' lang='lat' dir='ltr'>Vere.</span> <span class='ocrx_word' id='word_1_139' title='bbox 477 2840 693 2898; x_wconf 84' lang='lat' dir='ltr'>Cibavit</span> <span class='ocrx_word' id='word_1_140' title='bbox 720 2854 835 2909; x_wconf 85' lang='lat' dir='ltr'>eos,</span> <span class='ocrx_word' id='word_1_141' title='bbox 868 2847 977 2898; x_wconf 86' lang='lat' dir='ltr'>etc.</span> 
     </span>
     <span class='ocr_line' id='line_1_29' title="bbox 291 2924 2230 3003; baseline -0.005 -13"><span class='ocrx_word' id='word_1_142' title='bbox 291 2931 383 2990; x_wconf 78' lang='lat' dir='ltr'>Ad</span> <span class='ocrx_word' id='word_1_143' title='bbox 404 2930 635 2995; x_wconf 69' lang='lat' dir='ltr'>Sextum.</span> <span class='ocrx_word' id='word_1_144' title='bbox 667 2929 801 3003; x_wconf 79' lang='lat' dir='ltr'>Gap.</span> <span class='ocrx_word' id='word_1_145' title='bbox 827 2928 1291 3001; x_wconf 76' lang='lat' dir='ltr'>Quotiescumque</span> <span class='ocrx_word' id='word_1_146' title='bbox 1321 2926 1722 2985; x_wconf 79' lang='lat' dir='ltr'>manducabitis</span> <span class='ocrx_word' id='word_1_147' title='bbox 1745 2940 1944 2999; x_wconf 87' lang='lat' dir='ltr'>panem</span> <span class='ocrx_word' id='word_1_148' title='bbox 1981 2924 2146 2995; x_wconf 84' lang='lat' dir='ltr'>huuc,</span> <span class='ocrx_word' id='word_1_149' title='bbox 2171 2931 2230 2981; x_wconf 85' lang='lat' dir='ltr'>et</span> 
     </span>
     <span class='ocr_line' id='line_1_30' title="bbox 223 3013 2062 3088; baseline -0.003 -11"><span class='ocrx_word' id='word_1_150' title='bbox 223 3020 452 3078; x_wconf 81' lang='lat' dir='ltr'>calicem</span> <span class='ocrx_word' id='word_1_151' title='bbox 474 3019 694 3088; x_wconf 81' lang='lat' dir='ltr'>bibetis,</span> <span class='ocrx_word' id='word_1_152' title='bbox 708 3028 959 3087; x_wconf 79' lang='lat' dir='ltr'>mortem</span> <span class='ocrx_word' id='word_1_153' title='bbox 982 3016 1198 3074; x_wconf 89' lang='lat' dir='ltr'>Domini</span> <span class='ocrx_word' id='word_1_154' title='bbox 1228 3014 1632 3074; x_wconf 74' lang='lat' dir='ltr'>annunciabitis</span> <span class='ocrx_word' id='word_1_155' title='bbox 1657 3015 1834 3074; x_wconf 79' lang='lat' dir='ltr'>donec</span> <span class='ocrx_word' id='word_1_156' title='bbox 1855 3013 2062 3075; x_wconf 83' lang='lat' dir='ltr'>veniat.</span> 
     </span>
     <span class='ocr_line' id='line_1_31' title="bbox 296 3104 1547 3182; baseline 0 -19"><span class='ocrx_word' id='word_1_157' title='bbox 296 3108 454 3182; x_wconf 77' lang='lat' dir='ltr'>Hesp.</span> <span class='ocrx_word' id='word_1_158' title='bbox 484 3108 701 3167; x_wconf 81' lang='lat' dir='ltr'>cibavit</span> <span class='ocrx_word' id='word_1_159' title='bbox 727 3124 843 3176; x_wconf 88' lang='lat' dir='ltr'>eos,</span> <span class='ocrx_word' id='word_1_160' title='bbox 869 3114 979 3165; x_wconf 88' lang='lat' dir='ltr'>etc.</span> <span class='ocrx_word' id='word_1_161' title='bbox 1008 3106 1260 3174; x_wconf 87' lang='lat' dir='ltr'>Alleluia,</span> <span class='ocrx_word' id='word_1_162' title='bbox 1292 3104 1547 3163; x_wconf 85' lang='lat' dir='ltr'>Alleluia.</span> 
     </span>
     <span class='ocr_line' id='line_1_32' title="bbox 303 3194 1446 3269; baseline -0.002 -16"><span class='ocrx_word' id='word_1_163' title='bbox 303 3196 453 3254; x_wconf 67' lang='lat' dir='ltr'>Vei-s.</span> <span class='ocrx_word' id='word_1_164' title='bbox 479 3197 545 3253; x_wconf 88' lang='lat' dir='ltr'>Et</span> <span class='ocrx_word' id='word_1_165' title='bbox 574 3198 643 3254; x_wconf 89' lang='lat' dir='ltr'>de</span> <span class='ocrx_word' id='word_1_166' title='bbox 672 3205 846 3269; x_wconf 84' lang='lat' dir='ltr'>petra,</span> <span class='ocrx_word' id='word_1_167' title='bbox 876 3204 985 3255; x_wconf 88' lang='lat' dir='ltr'>etc.</span> <span class='ocrx_word' id='word_1_168' title='bbox 999 3196 1252 3265; x_wconf 87' lang='lat' dir='ltr'>Alleluia,</span> <span class='ocrx_word' id='word_1_169' title='bbox 1285 3194 1446 3255; x_wconf 82' lang='lat' dir='ltr'>Allel.</span> 
     </span>
     <span class='ocr_line' id='line_1_33' title="bbox 294 3286 887 3344; baseline 0.003 -1"><span class='ocrx_word' id='word_1_170' title='bbox 294 3286 505 3343; x_wconf 85' lang='lat' dir='ltr'>Gloria.</span> <span class='ocrx_word' id='word_1_171' title='bbox 534 3286 769 3344; x_wconf 86' lang='lat' dir='ltr'>Cibavit.</span> <span class='ocrx_word' id='word_1_172' title='bbox 884 3313 887 3317; x_wconf 50' lang='lat'><em>⁴</em></span> 
     </span>
     <span class='ocr_line' id='line_1_34' title="bbox 303 3374 1872 3449; baseline -0.003 -16"><span class='ocrx_word' id='word_1_173' title='bbox 303 3374 453 3433; x_wconf 69' lang='lat' dir='ltr'>Vere.</span> <span class='ocrx_word' id='word_1_174' title='bbox 486 3374 704 3433; x_wconf 79' lang='lat' dir='ltr'>Educas</span> <span class='ocrx_word' id='word_1_175' title='bbox 727 3392 945 3449; x_wconf 85' lang='lat' dir='ltr'>panem.</span> <span class='ocrx_word' id='word_1_176' title='bbox 1681 3414 1684 3417; x_wconf 72' lang='lat'>.</span> <span class='ocrx_word' id='word_1_177' title='bbox 1867 3407 1872 3414; x_wconf 87' lang='lat'><em>-</em></span> 
     </span>
     <span class='ocr_line' id='line_1_35' title="bbox 296 3459 2230 3539; baseline -0.003 -18"><span class='ocrx_word' id='word_1_178' title='bbox 296 3463 386 3521; x_wconf 80' lang='lat' dir='ltr'>Ad</span> <span class='ocrx_word' id='word_1_179' title='bbox 420 3463 653 3522; x_wconf 77' lang='lat' dir='ltr'>Nonam.</span> <span class='ocrx_word' id='word_1_180' title='bbox 693 3464 827 3539; x_wconf 82' lang='lat' dir='ltr'>Gap.</span> <span class='ocrx_word' id='word_1_181' title='bbox 856 3462 1199 3538; x_wconf 71' lang='lat' dir='ltr'>Quicumque</span> <span class='ocrx_word' id='word_1_182' title='bbox 1242 3462 1654 3521; x_wconf 82' lang='lat' dir='ltr'>manducaverit</span> <span class='ocrx_word' id='word_1_183' title='bbox 1691 3476 1906 3537; x_wconf 86' lang='lat' dir='ltr'>panem,</span> <span class='ocrx_word' id='word_1_184' title='bbox 1937 3468 2003 3519; x_wconf 87' lang='lat' dir='ltr'>et·</span> <span class='ocrx_word' id='word_1_185' title='bbox 2031 3459 2230 3519; x_wconf 81' lang='lat' dir='ltr'>biberit</span> 
     </span>
     <span class='ocr_line' id='line_1_36' title="bbox 226 3549 2229 3626; baseline -0.001 -19"><span class='ocrx_word' id='word_1_186' title='bbox 226 3551 454 3610; x_wconf 78' lang='lat' dir='ltr'>calicem</span> <span class='ocrx_word' id='word_1_187' title='bbox 482 3552 698 3610; x_wconf 85' lang='lat' dir='ltr'>Domini</span> <span class='ocrx_word' id='word_1_188' title='bbox 740 3553 981 3625; x_wconf 75' lang='lat' dir='ltr'>indigne,</span> <span class='ocrx_word' id='word_1_189' title='bbox 1013 3568 1139 3609; x_wconf 81' lang='lat' dir='ltr'>reus</span> <span class='ocrx_word' id='word_1_190' title='bbox 1179 3552 1285 3609; x_wconf 81' lang='lat' dir='ltr'>erit</span> <span class='ocrx_word' id='word_1_191' title='bbox 1312 3550 1558 3626; x_wconf 81' lang='lat' dir='ltr'>corporis</span> <span class='ocrx_word' id='word_1_192' title='bbox 1585 3560 1640 3609; x_wconf 88' lang='lat' dir='ltr'>et</span> <span class='ocrx_word' id='word_1_193' title='bbox 1681 3550 1965 3625; x_wconf 69' lang='lat' dir='ltr'>sanguinis</span> <span class='ocrx_word' id='word_1_194' title='bbox 1986 3549 2229 3609; x_wconf 71' lang='lat' dir='ltr'>Domini.</span> 
     </span>
     <span class='ocr_line' id='line_1_37' title="bbox 295 3638 1638 3715; baseline -0.001 -16"><span class='ocrx_word' id='word_1_195' title='bbox 295 3640 457 3714; x_wconf 70' lang='lat' dir='ltr'>Reep.</span> <span class='ocrx_word' id='word_1_196' title='bbox 488 3641 701 3702; x_wconf 78' lang='lat' dir='ltr'>Educas</span> <span class='ocrx_word' id='word_1_197' title='bbox 731 3656 943 3715; x_wconf 83' lang='lat' dir='ltr'>panem,</span> <span class='ocrx_word' id='word_1_198' title='bbox 966 3646 1075 3699; x_wconf 84' lang='lat' dir='ltr'>etc.</span> <span class='ocrx_word' id='word_1_199' title='bbox 1103 3638 1353 3707; x_wconf 83' lang='lat' dir='ltr'>Alleluia,</span> <span class='ocrx_word' id='word_1_200' title='bbox 1384 3639 1638 3698; x_wconf 83' lang='lat' dir='ltr'>Alleluia.</span> 
     </span>
     <span class='ocr_line' id='line_1_38' title="bbox 304 3727 1663 3797; baseline -0.001 -9"><span class='ocrx_word' id='word_1_201' title='bbox 304 3730 456 3788; x_wconf 77' lang='lat' dir='ltr'>Vm.</span> <span class='ocrx_word' id='word_1_202' title='bbox 486 3730 556 3789; x_wconf 81' lang='lat' dir='ltr'>Et</span> <span class='ocrx_word' id='word_1_203' title='bbox 584 3731 771 3790; x_wconf 85' lang='lat' dir='ltr'>vinum</span> <span class='ocrx_word' id='word_1_204' title='bbox 800 3730 1061 3797; x_wconf 62' lang='lat' dir='ltr'>laetificet,</span> <span class='ocrx_word' id='word_1_205' title='bbox 1095 3736 1204 3789; x_wconf 85' lang='lat' dir='ltr'>etc.</span> <span class='ocrx_word' id='word_1_206' title='bbox 1230 3727 1478 3797; x_wconf 77' lang='lat' dir='ltr'>Alleluia,</span> <span class='ocrx_word' id='word_1_207' title='bbox 1506 3728 1663 3793; x_wconf 79' lang='lat' dir='ltr'>Allel-</span> 
     </span>
     <span class='ocr_line' id='line_1_39' title="bbox 296 3818 1085 3879; baseline -0.001 -1"><span class='ocrx_word' id='word_1_208' title='bbox 296 3818 509 3879; x_wconf 80' lang='lat' dir='ltr'>Gloria.</span> <span class='ocrx_word' id='word_1_209' title='bbox 536 3820 767 3879; x_wconf 83' lang='lat' dir='ltr'>Educat.</span> <span class='ocrx_word' id='word_1_210' title='bbox 828 3838 834 3853; x_wconf 92' lang='lat'>··</span> <span class='ocrx_word' id='word_1_211' title='bbox 1080 3844 1085 3851; x_wconf 95' lang='lat'>·</span> 
     </span>
     <span class='ocr_line' id='line_1_40' title="bbox 302 3906 1227 3983; baseline 0.002 -17"><span class='ocrx_word' id='word_1_212' title='bbox 302 3906 457 3975; x_wconf 61' lang='lat' dir='ltr'>Vere.</span> <span class='ocrx_word' id='word_1_213' title='bbox 486 3908 675 3967; x_wconf 81' lang='lat' dir='ltr'>Posuit</span> <span class='ocrx_word' id='word_1_214' title='bbox 703 3909 838 3967; x_wconf 81' lang='lat' dir='ltr'>fines</span> <span class='ocrx_word' id='word_1_215' title='bbox 865 3914 989 3967; x_wconf 83' lang='lat' dir='ltr'>tuos</span> <span class='ocrx_word' id='word_1_216' title='bbox 1018 3922 1227 3983; x_wconf 76' lang='lat' dir='ltr'>pacem.</span> 
     </span>
     <span class='ocr_line' id='line_1_41' title="bbox 296 3994 1323 4075; baseline -0.007 -13"><span class='ocrx_word' id='word_1_217' title='bbox 296 3995 459 4073; x_wconf 67' lang='lat' dir='ltr'>neap.</span> <span class='ocrx_word' id='word_1_218' title='bbox 489 3996 558 4059; x_wconf 84' lang='grc' dir='ltr'>Ει</span> <span class='ocrx_word' id='word_1_219' title='bbox 586 3996 745 4075; x_wconf 77' lang='lat' dir='ltr'>adipe</span> <span class='ocrx_word' id='word_1_220' title='bbox 772 3998 1027 4057; x_wconf 77' lang='lat' dir='ltr'>frumenti</span> <span class='ocrx_word' id='word_1_221' title='bbox 1056 3994 1223 4060; x_wconf 78' lang='lat' dir='ltr'>satiat</span> <span class='ocrx_word' id='word_1_222' title='bbox 1242 4006 1323 4057; x_wconf 72' lang='grc' dir='ltr'>ιο.</span> 
     </span>
    </p>
   </div>
   <div class='ocr_carea' id='block_1_3' title="bbox 2815 329 2818 1047">
    <p class='ocr_par' dir='ltr' id='par_1_3' title="bbox 2815 329 2818 1047">
     <span class='ocr_line' id='line_1_42' title="bbox 2815 329 2818 1047; baseline 0 0"><span class='ocrx_word' id='word_1_223' title='bbox 2815 329 2818 1047; x_wconf 95' lang='lat' dir='ltr'> </span> 
     </span>
    </p>
   </div>
  </div>
 </body>
</html>
