<?xml version="1.0" encoding="UTF-8"?>
<!DOCTYPE html PUBLIC "-//W3C//DTD XHTML 1.0 Transitional//EN"
    "http://www.w3.org/TR/xhtml1/DTD/xhtml1-transitional.dtd">
<html xmlns="http://www.w3.org/1999/xhtml" xml:lang="en" lang="en">
 <head>
  <title>
</title>
<meta http-equiv="Content-Type" content="text/html;charset=utf-8" />
  <meta name='ocr-system' content='tesseract 3.04.00' />
  <meta name='ocr-capabilities' content='ocr_page ocr_carea ocr_par ocr_line ocrx_word'/>
</head>
<body>
  <div class='ocr_page' id='page_1' title='image "./sthomaquinatisd02thomgoog_0310.png"; bbox 0 0 2850 4517; ppageno 0'>
   <div class='ocr_carea' id='block_1_1' title="bbox 498 403 2022 487">
    <p class='ocr_par' dir='ltr' id='par_1_1' title="bbox 498 403 2022 487">
     <span class='ocr_line' id='line_1_1' title="bbox 498 403 2022 487; baseline -0.005 -25"><span class='ocrx_word' id='word_1_1' title='bbox 498 403 617 462; x_wconf 81' lang='lat'><strong>296</strong></span> <span class='ocrx_word' id='word_1_2' title='bbox 974 415 1025 458; x_wconf 86' lang='lat' dir='ltr'><strong>s.</strong></span> <span class='ocrx_word' id='word_1_3' title='bbox 1070 413 1304 457; x_wconf 63' lang='lat' dir='ltr'><strong>‘rsonae</strong></span> <span class='ocrx_word' id='word_1_4' title='bbox 1342 409 1670 462; x_wconf 60' lang='lat' dir='ltr'><strong>nummus</strong></span> <span class='ocrx_word' id='word_1_5' title='bbox 1711 411 2022 487; x_wconf 57' lang='lat' dir='ltr'><strong>osuscum</strong></span> 
     </span>
    </p>
   </div>
   <div class='ocr_carea' id='block_1_2' title="bbox 412 523 2592 4058">
    <p class='ocr_par' dir='ltr' id='par_1_2' title="bbox 412 523 2592 4058">
     <span class='ocr_line' id='line_1_2' title="bbox 494 523 2515 600; baseline -0.002 -9"><span class='ocrx_word' id='word_1_6' title='bbox 494 533 601 591; x_wconf 85' lang='lat' dir='ltr'><strong>eile</strong></span> <span class='ocrx_word' id='word_1_7' title='bbox 628 523 1083 599; x_wconf 81' lang='lat' dir='ltr'><strong>contemnuntur3</strong></span> <span class='ocrx_word' id='word_1_8' title='bbox 1113 543 1220 585; x_wconf 91' lang='lat' dir='ltr'><strong>non</strong></span> <span class='ocrx_word' id='word_1_9' title='bbox 1258 527 1437 586; x_wconf 87' lang='lat' dir='ltr'><strong>dixit:</strong></span> <span class='ocrx_word' id='word_1_10' title='bbox 1463 527 1804 600; x_wconf 82' lang='lat' dir='ltr'><strong>Impossibile</strong></span> <span class='ocrx_word' id='word_1_11' title='bbox 1826 533 1912 583; x_wconf 88' lang='lat' dir='ltr'><strong>est</strong></span> <span class='ocrx_word' id='word_1_12' title='bbox 1948 527 2180 587; x_wconf 88' lang='lat' dir='ltr'><strong>divitem</strong></span> <span class='ocrx_word' id='word_1_13' title='bbox 2215 529 2429 586; x_wconf 84' lang='lat' dir='ltr'><strong>intrare</strong></span> <span class='ocrx_word' id='word_1_14' title='bbox 2449 531 2515 586; x_wconf 83' lang='lat' dir='ltr'><strong>in</strong></span> 
     </span>
     <span class='ocr_line' id='line_1_3' title="bbox 412 613 2514 694; baseline -0.001 -18"><span class='ocrx_word' id='word_1_15' title='bbox 412 651 419 658; x_wconf 90' lang='lat'><strong>·</strong></span> <span class='ocrx_word' id='word_1_16' title='bbox 497 613 733 694; x_wconf 81' lang='lat' dir='ltr'><strong>regnum</strong></span> <span class='ocrx_word' id='word_1_17' title='bbox 748 617 1029 686; x_wconf 85' lang='lat' dir='ltr'><strong>coelorum,</strong></span> <span class='ocrx_word' id='word_1_18' title='bbox 1055 619 1153 675; x_wconf 86' lang='lat' dir='ltr'><strong>sed</strong></span> <span class='ocrx_word' id='word_1_19' title='bbox 1180 616 1401 675; x_wconf 84' lang='lat' dir='ltr'><strong>difficile</strong></span> <span class='ocrx_word' id='word_1_20' title='bbox 1431 634 1444 671; x_wconf 91' lang='lat'><strong>:</strong></span> <span class='ocrx_word' id='word_1_21' title='bbox 1474 617 1567 673; x_wconf 88' lang='lat' dir='ltr'><strong>ubi</strong></span> <span class='ocrx_word' id='word_1_22' title='bbox 1591 615 1812 672; x_wconf 86' lang='lat' dir='ltr'><strong>difficile</strong></span> <span class='ocrx_word' id='word_1_23' title='bbox 1834 616 2076 688; x_wconf 84' lang='lat' dir='ltr'><strong>ponitur,</strong></span> <span class='ocrx_word' id='word_1_24' title='bbox 2109 633 2219 674; x_wconf 89' lang='lat' dir='ltr'><strong>non</strong></span> <span class='ocrx_word' id='word_1_25' title='bbox 2247 619 2514 692; x_wconf 85' lang='lat' dir='ltr'><strong>impossi-</strong></span> 
     </span>
     <span class='ocr_line' id='line_1_4' title="bbox 498 705 2510 781; baseline 0 -16"><span class='ocrx_word' id='word_1_26' title='bbox 498 709 681 765; x_wconf 84' lang='lat' dir='ltr'><strong>bilitas</strong></span> <span class='ocrx_word' id='word_1_27' title='bbox 704 708 1081 781; x_wconf 69' lang='lat' dir='ltr'><strong>praetenditur,</strong></span> <span class='ocrx_word' id='word_1_28' title='bbox 1114 707 1213 764; x_wconf 87' lang='lat' dir='ltr'><strong>sed</strong></span> <span class='ocrx_word' id='word_1_29' title='bbox 1253 707 1458 764; x_wconf 79' lang='lat' dir='ltr'><strong>raritas</strong></span> <span class='ocrx_word' id='word_1_30' title='bbox 1497 705 1926 763; x_wconf 76' lang='lat' dir='ltr'><strong>demonstratur.</strong></span> <span class='ocrx_word' id='word_1_31' title='bbox 1955 705 2026 761; x_wconf 91' lang='lat' dir='ltr'><strong>Et</strong></span> <span class='ocrx_word' id='word_1_32' title='bbox 2057 706 2200 762; x_wconf 82' lang='lat' dir='ltr'><strong>sicut</strong></span> <span class='ocrx_word' id='word_1_33' title='bbox 2239 707 2510 766; x_wconf 82' lang='lat' dir='ltr'><strong>Chrisost.</strong></span> 
     </span>
     <span class='ocr_line' id='line_1_5' title="bbox 496 793 2514 870; baseline 0 -16"><span class='ocrx_word' id='word_1_34' title='bbox 496 799 845 870; x_wconf 84' lang='lat' dir='ltr'><strong>dicit-super</strong></span> <span class='ocrx_word' id='word_1_35' title='bbox 884 797 1078 855; x_wconf 80' lang='lat' dir='ltr'><strong>Matth.</strong></span> <span class='ocrx_word' id='word_1_36' title='bbox 1104 795 1353 869; x_wconf 88' lang='lat' dir='ltr'><strong>procedit</strong></span> <span class='ocrx_word' id='word_1_37' title='bbox 1397 795 1631 851; x_wconf 89' lang='lat' dir='ltr'><strong>ulterius</strong></span> <span class='ocrx_word' id='word_1_38' title='bbox 1675 793 1940 851; x_wconf 89' lang='lat' dir='ltr'>Dominus</span> <span class='ocrx_word' id='word_1_39' title='bbox 1987 795 2058 852; x_wconf 80' lang='lat' dir='ltr'><strong>ad</strong></span> <span class='ocrx_word' id='word_1_40' title='bbox 2109 796 2514 854; x_wconf 88' lang='lat' dir='ltr'><strong>ostendendum</strong></span> 
     </span>
     <span class='ocr_line' id='line_1_6' title="bbox 498 873 2516 960; baseline -0.001 -16"><span class='ocrx_word' id='word_1_41' title='bbox 498 887 643 960; x_wconf 88' lang='lat' dir='ltr'><strong>quod</strong></span> <span class='ocrx_word' id='word_1_42' title='bbox 677 893 762 942; x_wconf 91' lang='lat' dir='ltr'><strong>est</strong></span> <span class='ocrx_word' id='word_1_43' title='bbox 804 885 1161 959; x_wconf 87' lang='lat' dir='ltr'><strong>impossibile,</strong></span> <span class='ocrx_word' id='word_1_44' title='bbox 1183 873 1372 942; x_wconf 84' lang='lat' dir='ltr'><strong>dicens</strong></span> <span class='ocrx_word' id='word_1_45' title='bbox 1400 901 1413 938; x_wconf 71' lang='grc' dir='ltr'><strong><em>ι</em></strong></span> <span class='ocrx_word' id='word_1_46' title='bbox 1442 882 1690 940; x_wconf 74' lang='lat' dir='ltr'><strong><em>Facilius</em></strong></span> <span class='ocrx_word' id='word_1_47' title='bbox 1712 889 1788 939; x_wconf 76' lang='lat' dir='ltr'><strong>est</strong></span> <span class='ocrx_word' id='word_1_48' title='bbox 1831 883 2084 940; x_wconf 80' lang='lat' dir='ltr'><strong>camelum</strong></span> <span class='ocrx_word' id='word_1_49' title='bbox 2119 901 2218 958; x_wconf 79' lang='lat' dir='ltr'><strong>per</strong></span> <span class='ocrx_word' id='word_1_50' title='bbox 2261 884 2516 957; x_wconf 75' lang='lat' dir='ltr'><strong>foramen</strong></span> 
     </span>
     <span class='ocr_line' id='line_1_7' title="bbox 496 971 2512 1050; baseline 0 -18"><span class='ocrx_word' id='word_1_51' title='bbox 496 991 629 1032; x_wconf 76' lang='lat' dir='ltr'><strong>acus</strong></span> <span class='ocrx_word' id='word_1_52' title='bbox 650 974 912 1040; x_wconf 75' lang='lat' dir='ltr'><strong>transire,</strong></span> <span class='ocrx_word' id='word_1_53' title='bbox 939 991 1097 1046; x_wconf 80' lang='lat' dir='ltr'><strong>quam</strong></span> <span class='ocrx_word' id='word_1_54' title='bbox 1120 972 1340 1031; x_wconf 77' lang='lat' dir='ltr'><strong>divitem</strong></span> <span class='ocrx_word' id='word_1_55' title='bbox 1363 973 1580 1028; x_wconf 71' lang='lat' dir='ltr'><strong>intrare</strong></span> <span class='ocrx_word' id='word_1_56' title='bbox 1606 973 1668 1027; x_wconf 80' lang='lat' dir='ltr'><strong>in</strong></span> <span class='ocrx_word' id='word_1_57' title='bbox 1690 987 1913 1043; x_wconf 69' lang='lat' dir='ltr'><strong>reynum</strong></span> <span class='ocrx_word' id='word_1_58' title='bbox 1955 972 2223 1028; x_wconf 81' lang='lat' dir='ltr'><strong>coelorum.</strong></span> <span class='ocrx_word' id='word_1_59' title='bbox 2253 971 2336 1030; x_wconf 70' lang='lat' dir='ltr'><strong>E‘x</strong></span> <span class='ocrx_word' id='word_1_60' title='bbox 2379 978 2512 1050; x_wconf 85' lang='lat' dir='ltr'><strong>qui-</strong></span> 
     </span>
     <span class='ocr_line' id='line_1_8' title="bbox 499 1060 2509 1136; baseline -0 -15"><span class='ocrx_word' id='word_1_61' title='bbox 499 1066 599 1121; x_wconf 88' lang='lat' dir='ltr'><strong>bus</strong></span> <span class='ocrx_word' id='word_1_62' title='bbox 627 1063 828 1131; x_wconf 58' lang='lat' dir='ltr'><strong>verbm,</strong></span> <span class='ocrx_word' id='word_1_63' title='bbox 847 1069 908 1119; x_wconf 86' lang='lat' dir='ltr'><strong>ut</strong></span> <span class='ocrx_word' id='word_1_64' title='bbox 935 1063 1072 1119; x_wconf 90' lang='lat' dir='ltr'><strong>dicit</strong></span> <span class='ocrx_word' id='word_1_65' title='bbox 1097 1065 1332 1134; x_wconf 85' lang='lat' dir='ltr'><strong>August.</strong></span> <span class='ocrx_word' id='word_1_66' title='bbox 1356 1063 1412 1119; x_wconf 91' lang='lat' dir='ltr'><strong>in</strong></span> <span class='ocrx_word' id='word_1_67' title='bbox 1443 1061 1568 1117; x_wconf 83' lang='lat' dir='ltr'><strong>libr.</strong></span> <span class='ocrx_word' id='word_1_68' title='bbox 1599 1061 1668 1117; x_wconf 92' lang='lat' dir='ltr'><strong>de</strong></span> <span class='ocrx_word' id='word_1_69' title='bbox 1691 1060 2224 1134; x_wconf 75' lang='lat' dir='ltr'><strong>quaestioAEvangel.</strong></span> <span class='ocrx_word' id='word_1_70' title='bbox 2250 1063 2509 1136; x_wconf 88' lang='lat' dir='ltr'><strong>discipuli</strong></span> 
     </span>
     <span class='ocr_line' id='line_1_9' title="bbox 499 1149 2512 1224; baseline -0.001 -13"><span class='ocrx_word' id='word_1_71' title='bbox 499 1153 873 1220; x_wconf 81' lang='lat' dir='ltr'><strong>adverterunt,</strong></span> <span class='ocrx_word' id='word_1_72' title='bbox 900 1165 1088 1208; x_wconf 89' lang='lat' dir='ltr'><strong>omnes</strong></span> <span class='ocrx_word' id='word_1_73' title='bbox 1116 1151 1211 1224; x_wconf 90' lang='lat' dir='ltr'><strong>qui</strong></span> <span class='ocrx_word' id='word_1_74' title='bbox 1256 1149 1484 1207; x_wconf 80' lang='lat' dir='ltr'><strong>divitias</strong></span> <span class='ocrx_word' id='word_1_75' title='bbox 1525 1150 1768 1222; x_wconf 86' lang='lat' dir='ltr'><strong>capiunt,</strong></span> <span class='ocrx_word' id='word_1_76' title='bbox 1800 1149 1858 1204; x_wconf 90' lang='lat' dir='ltr'><strong>in</strong></span> <span class='ocrx_word' id='word_1_77' title='bbox 1901 1149 2138 1206; x_wconf 86' lang='lat' dir='ltr'><strong>divitum</strong></span> <span class='ocrx_word' id='word_1_78' title='bbox 2171 1151 2363 1208; x_wconf 84' lang='lat' dir='ltr'><strong>haberi</strong></span> <span class='ocrx_word' id='word_1_79' title='bbox 2405 1169 2512 1210; x_wconf 87' lang='lat' dir='ltr'><strong>nu-</strong></span> 
     </span>
     <span class='ocr_line' id='line_1_10' title="bbox 497 1237 2514 1314; baseline -0.001 -14"><span class='ocrx_word' id='word_1_80' title='bbox 497 1257 669 1310; x_wconf 85' lang='lat' dir='ltr'><strong>mero,</strong></span> <span class='ocrx_word' id='word_1_81' title='bbox 696 1239 937 1314; x_wconf 85' lang='lat' dir='ltr'><strong>alioquin</strong></span> <span class='ocrx_word' id='word_1_82' title='bbox 960 1255 1089 1297; x_wconf 88' lang='lat' dir='ltr'><strong>cum</strong></span> <span class='ocrx_word' id='word_1_83' title='bbox 1112 1238 1272 1312; x_wconf 84' lang='lat' dir='ltr'><strong>pauci</strong></span> <span class='ocrx_word' id='word_1_84' title='bbox 1301 1239 1413 1294; x_wconf 89' lang='lat' dir='ltr'><strong>sint</strong></span> <span class='ocrx_word' id='word_1_85' title='bbox 1441 1237 1643 1295; x_wconf 87' lang='lat' dir='ltr'><strong>divites</strong></span> <span class='ocrx_word' id='word_1_86' title='bbox 1664 1238 1721 1293; x_wconf 91' lang='lat' dir='ltr'><strong>in</strong></span> <span class='ocrx_word' id='word_1_87' title='bbox 1749 1239 2163 1310; x_wconf 81' lang='lat' dir='ltr'><strong>comparatione</strong></span> <span class='ocrx_word' id='word_1_88' title='bbox 2195 1240 2514 1298; x_wconf 90' lang='lat' dir='ltr'><strong>multitudi-</strong></span> 
     </span>
     <span class='ocr_line' id='line_1_11' title="bbox 500 1325 2513 1402; baseline -0 -15"><span class='ocrx_word' id='word_1_89' title='bbox 500 1331 585 1387; x_wconf 89' lang='lat' dir='ltr'><strong>nis</strong></span> <span class='ocrx_word' id='word_1_90' title='bbox 608 1345 933 1402; x_wconf 83' lang='lat' dir='ltr'><strong>pauperum,</strong></span> <span class='ocrx_word' id='word_1_91' title='bbox 962 1343 1068 1384; x_wconf 90' lang='lat' dir='ltr'><strong>non</strong></span> <span class='ocrx_word' id='word_1_92' title='bbox 1093 1328 1477 1400; x_wconf 69' lang='lat' dir='ltr'><strong>quaesivissent</strong></span> <span class='ocrx_word' id='word_1_93' title='bbox 1503 1326 1756 1399; x_wconf 88' lang='lat' dir='ltr'><strong>discipuli</strong></span> <span class='ocrx_word' id='word_1_94' title='bbox 1774 1325 1932 1392; x_wconf 78' lang='lat' dir='ltr'><strong>:Quis</strong></span> <span class='ocrx_word' id='word_1_95' title='bbox 1959 1342 2083 1400; x_wconf 72' lang='lat' dir='ltr'><strong>erqo</strong></span> <span class='ocrx_word' id='word_1_96' title='bbox 2108 1328 2310 1401; x_wconf 78' lang='lat' dir='ltr'><strong>poterit</strong></span> <span class='ocrx_word' id='word_1_97' title='bbox 2335 1331 2513 1386; x_wconf 70' lang='lat' dir='ltr'><strong>salvus</strong></span> 
     </span>
     <span class='ocr_line' id='line_1_12' title="bbox 500 1415 2511 1490; baseline 0.001 -16"><span class='ocrx_word' id='word_1_98' title='bbox 500 1435 604 1474; x_wconf 75' lang='lat' dir='ltr'><strong>osse</strong></span> <span class='ocrx_word' id='word_1_99' title='bbox 619 1419 648 1472; x_wconf 80' lang='lat'><strong><em>?</em></strong></span> <span class='ocrx_word' id='word_1_100' title='bbox 675 1417 755 1472; x_wconf 86' lang='lat' dir='ltr'><strong>Ex</strong></span> <span class='ocrx_word' id='word_1_101' title='bbox 779 1417 978 1489; x_wconf 88' lang='lat' dir='ltr'><strong>quibus</strong></span> <span class='ocrx_word' id='word_1_102' title='bbox 1001 1416 1213 1473; x_wconf 81' lang='lat' dir='ltr'><strong>duabus</strong></span> <span class='ocrx_word' id='word_1_103' title='bbox 1236 1417 1456 1472; x_wconf 88' lang='lat' dir='ltr'>Domini</span> <span class='ocrx_word' id='word_1_104' title='bbox 1483 1415 1774 1472; x_wconf 76' lang='lat' dir='ltr'>sententiis</span> <span class='ocrx_word' id='word_1_105' title='bbox 1803 1420 1995 1488; x_wconf 84' lang='lat' dir='ltr'><strong>aperte</strong></span> <span class='ocrx_word' id='word_1_106' title='bbox 2018 1416 2342 1485; x_wconf 77' lang='lat' dir='ltr'><strong>ostenditur,</strong></span> <span class='ocrx_word' id='word_1_107' title='bbox 2360 1419 2511 1490; x_wconf 90' lang='lat' dir='ltr'><strong>quod</strong></span> 
     </span>
     <span class='ocr_line' id='line_1_13' title="bbox 502 1503 2510 1578; baseline 0 -16"><span class='ocrx_word' id='word_1_108' title='bbox 502 1506 727 1563; x_wconf 82' lang='lat' dir='ltr'><strong>divitias</strong></span> <span class='ocrx_word' id='word_1_109' title='bbox 768 1505 1111 1578; x_wconf 79' lang='lat' dir='ltr'><strong>possidentes</strong></span> <span class='ocrx_word' id='word_1_110' title='bbox 1156 1504 1377 1572; x_wconf 82' lang='lat' dir='ltr'><strong>difficile</strong></span> <span class='ocrx_word' id='word_1_111' title='bbox 1418 1505 1626 1563; x_wconf 88' lang='lat' dir='ltr'><strong>intrant</strong></span> <span class='ocrx_word' id='word_1_112' title='bbox 1675 1504 1730 1561; x_wconf 87' lang='lat' dir='ltr'><strong>in</strong></span> <span class='ocrx_word' id='word_1_113' title='bbox 1769 1520 1998 1577; x_wconf 81' lang='lat' dir='ltr'><strong>regnum</strong></span> <span class='ocrx_word' id='word_1_114' title='bbox 2035 1503 2294 1560; x_wconf 87' lang='lat' dir='ltr'><strong>eoelorum</strong></span> <span class='ocrx_word' id='word_1_115' title='bbox 2328 1507 2510 1578; x_wconf 78' lang='lat' dir='ltr'><strong>:quie</strong></span> 
     </span>
     <span class='ocr_line' id='line_1_14' title="bbox 501 1591 2506 1665; baseline 0 -16"><span class='ocrx_word' id='word_1_116' title='bbox 501 1595 645 1650; x_wconf 88' lang='lat' dir='ltr'><strong>sicut</strong></span> <span class='ocrx_word' id='word_1_117' title='bbox 672 1594 788 1665; x_wconf 87' lang='lat' dir='ltr'><strong>ipse</strong></span> <span class='ocrx_word' id='word_1_118' title='bbox 814 1593 1079 1650; x_wconf 89' lang='lat' dir='ltr'><strong>Dominus</strong></span> <span class='ocrx_word' id='word_1_119' title='bbox 1102 1592 1234 1649; x_wconf 83' lang='lat' dir='ltr'><strong>alibi</strong></span> <span class='ocrx_word' id='word_1_120' title='bbox 1258 1592 1428 1650; x_wconf 88' lang='lat' dir='ltr'><strong>dicit:</strong></span> <span class='ocrx_word' id='word_1_121' title='bbox 1459 1593 1782 1650; x_wconf 80' lang='lat' dir='ltr'><strong>Sollicitudo</strong></span> <span class='ocrx_word' id='word_1_122' title='bbox 1803 1593 1986 1650; x_wconf 84' lang='lat' dir='ltr'><strong>saeculi</strong></span> <span class='ocrx_word' id='word_1_123' title='bbox 2011 1591 2172 1659; x_wconf 86' lang='lat' dir='ltr'><strong>illius,</strong></span> <span class='ocrx_word' id='word_1_124' title='bbox 2204 1599 2260 1649; x_wconf 87' lang='lat' dir='ltr'><strong>et</strong></span> <span class='ocrx_word' id='word_1_125' title='bbox 2283 1592 2506 1650; x_wconf 79' lang='lat' dir='ltr'><strong>fallacia</strong></span> 
     </span>
     <span class='ocr_line' id='line_1_15' title="bbox 447 1680 2512 1748; baseline 0 -10"><span class='ocrx_word' id='word_1_126' title='bbox 447 1723 453 1731; x_wconf 91' lang='lat'><strong>.</strong></span> <span class='ocrx_word' id='word_1_127' title='bbox 502 1682 821 1738; x_wconf 84' lang='lat' dir='ltr'><strong>divitiarum</strong></span> <span class='ocrx_word' id='word_1_128' title='bbox 848 1681 1119 1739; x_wconf 79' lang='lat' dir='ltr'><strong>suffocant</strong></span> <span class='ocrx_word' id='word_1_129' title='bbox 1145 1682 1371 1738; x_wconf 89' lang='lat' dir='ltr'><strong>verbum</strong></span> <span class='ocrx_word' id='word_1_130' title='bbox 1400 1682 1522 1748; x_wconf 88' lang='lat' dir='ltr'><strong>Dei,</strong></span> <span class='ocrx_word' id='word_1_131' title='bbox 1545 1687 1602 1737; x_wconf 89' lang='lat' dir='ltr'><strong>et</strong></span> <span class='ocrx_word' id='word_1_132' title='bbox 1625 1682 1744 1738; x_wconf 89' lang='lat' dir='ltr'><strong>sine</strong></span> <span class='ocrx_word' id='word_1_133' title='bbox 1766 1681 1948 1739; x_wconf 82' lang='lat' dir='ltr'><strong>fructu</strong></span> <span class='ocrx_word' id='word_1_134' title='bbox 1977 1680 2221 1738; x_wconf 84' lang='lat' dir='ltr'><strong>efficitur.</strong></span> <span class='ocrx_word' id='word_1_135' title='bbox 2249 1681 2358 1738; x_wconf 88' lang='lat' dir='ltr'><strong>Eos</strong></span> <span class='ocrx_word' id='word_1_136' title='bbox 2377 1697 2512 1738; x_wconf 79' lang='lat' dir='ltr'><strong>vero</strong></span> 
     </span>
     <span class='ocr_line' id='line_1_16' title="bbox 503 1769 2514 1844; baseline 0 -19"><span class='ocrx_word' id='word_1_137' title='bbox 503 1771 598 1843; x_wconf 91' lang='lat' dir='ltr'><strong>qui</strong></span> <span class='ocrx_word' id='word_1_138' title='bbox 628 1771 853 1828; x_wconf 81' lang='lat' dir='ltr'><strong>divitias</strong></span> <span class='ocrx_word' id='word_1_139' title='bbox 879 1770 1188 1828; x_wconf 83' lang='lat' dir='ltr'><strong>inordinate</strong></span> <span class='ocrx_word' id='word_1_140' title='bbox 1212 1777 1419 1840; x_wconf 81' lang='lat' dir='ltr'><strong>amant,</strong></span> <span class='ocrx_word' id='word_1_141' title='bbox 1460 1770 1794 1844; x_wconf 82' lang='lat' dir='ltr'><strong>impossibile</strong></span> <span class='ocrx_word' id='word_1_142' title='bbox 1822 1777 1908 1826; x_wconf 89' lang='lat' dir='ltr'><strong>est</strong></span> <span class='ocrx_word' id='word_1_143' title='bbox 1943 1769 2148 1826; x_wconf 78' lang='lat' dir='ltr'><strong>intrare</strong></span> <span class='ocrx_word' id='word_1_144' title='bbox 2186 1771 2240 1825; x_wconf 89' lang='lat' dir='ltr'><strong>in</strong></span> <span class='ocrx_word' id='word_1_145' title='bbox 2283 1787 2514 1842; x_wconf 86' lang='lat' dir='ltr'><strong>regnum</strong></span> 
     </span>
     <span class='ocr_line' id='line_1_17' title="bbox 504 1859 2511 1933; baseline -0 -18"><span class='ocrx_word' id='word_1_146' title='bbox 504 1859 788 1930; x_wconf 87' lang='lat' dir='ltr'><strong>coelorum,</strong></span> <span class='ocrx_word' id='word_1_147' title='bbox 814 1860 987 1917; x_wconf 88' lang='lat' dir='ltr'><strong>multo</strong></span> <span class='ocrx_word' id='word_1_148' title='bbox 1014 1860 1192 1933; x_wconf 82' lang='lat' dir='ltr'><strong>magis</strong></span> <span class='ocrx_word' id='word_1_149' title='bbox 1226 1875 1394 1933; x_wconf 82' lang='lat' dir='ltr'><strong>quam</strong></span> <span class='ocrx_word' id='word_1_150' title='bbox 1435 1859 1507 1918; x_wconf 86' lang='lat' dir='ltr'><strong>ad</strong></span> <span class='ocrx_word' id='word_1_151' title='bbox 1550 1859 1790 1917; x_wconf 77' lang='lat' dir='ltr'><strong>litteram</strong></span> <span class='ocrx_word' id='word_1_152' title='bbox 1837 1859 2106 1917; x_wconf 81' lang='lat' dir='ltr'><strong>camelum</strong></span> <span class='ocrx_word' id='word_1_153' title='bbox 2142 1875 2241 1931; x_wconf 86' lang='lat' dir='ltr'><strong>per</strong></span> <span class='ocrx_word' id='word_1_154' title='bbox 2266 1859 2511 1917; x_wconf 80' lang='lat' dir='ltr'><strong>foramen</strong></span> 
     </span>
     <span class='ocr_line' id='line_1_18' title="bbox 504 1948 2506 2022; baseline -0.001 -17"><span class='ocrx_word' id='word_1_155' title='bbox 504 1963 635 2005; x_wconf 79' lang='lat' dir='ltr'><strong>acus</strong></span> <span class='ocrx_word' id='word_1_156' title='bbox 664 1948 921 2006; x_wconf 89' lang='lat' dir='ltr'><strong>transire.</strong></span> <span class='ocrx_word' id='word_1_157' title='bbox 957 1949 1074 2006; x_wconf 88' lang='lat' dir='ltr'><strong>Hoc</strong></span> <span class='ocrx_word' id='word_1_158' title='bbox 1096 1949 1243 2007; x_wconf 90' lang='lat' dir='ltr'><strong>enim</strong></span> <span class='ocrx_word' id='word_1_159' title='bbox 1275 1957 1359 2007; x_wconf 90' lang='lat' dir='ltr'><strong>est</strong></span> <span class='ocrx_word' id='word_1_160' title='bbox 1382 1948 1738 2022; x_wconf 86' lang='lat' dir='ltr'><strong>impossibile,</strong></span> <span class='ocrx_word' id='word_1_161' title='bbox 1764 1948 1893 2022; x_wconf 81' lang='lat' dir='ltr'><strong>quia</strong></span> <span class='ocrx_word' id='word_1_162' title='bbox 1938 1957 2208 2021; x_wconf 81' lang='lat' dir='ltr'><strong>repugnat</strong></span> <span class='ocrx_word' id='word_1_163' title='bbox 2253 1953 2463 2006; x_wconf 82' lang='lat' dir='ltr'><strong>naturae</strong></span> <span class='ocrx_word' id='word_1_164' title='bbox 2493 1966 2506 2002; x_wconf 91' lang='lat'>:</span> 
     </span>
     <span class='ocr_line' id='line_1_19' title="bbox 505 2036 2509 2112; baseline 0.001 -21"><span class='ocrx_word' id='word_1_165' title='bbox 505 2037 637 2092; x_wconf 92' lang='lat' dir='ltr'><strong>illud</strong></span> <span class='ocrx_word' id='word_1_166' title='bbox 665 2053 795 2094; x_wconf 88' lang='lat' dir='ltr'><strong>vero</strong></span> <span class='ocrx_word' id='word_1_167' title='bbox 820 2038 952 2112; x_wconf 83' lang='lat' dir='ltr'><strong>quia</strong></span> <span class='ocrx_word' id='word_1_168' title='bbox 975 2045 1246 2112; x_wconf 82' lang='lat' dir='ltr'><strong>repugnat</strong></span> <span class='ocrx_word' id='word_1_169' title='bbox 1273 2037 1477 2094; x_wconf 84' lang='lat' dir='ltr'><strong>divinae</strong></span> <span class='ocrx_word' id='word_1_170' title='bbox 1493 2036 1729 2110; x_wconf 85' lang='lat' dir='ltr'><strong>justitiae</strong></span> <span class='ocrx_word' id='word_1_171' title='bbox 1752 2051 1877 2109; x_wconf 85' lang='lat' dir='ltr'><strong>quae</strong></span> <span class='ocrx_word' id='word_1_172' title='bbox 1917 2043 2003 2092; x_wconf 91' lang='lat' dir='ltr'><strong>est</strong></span> <span class='ocrx_word' id='word_1_173' title='bbox 2030 2036 2330 2094; x_wconf 84' lang='lat' dir='ltr'><strong>virtuosior</strong></span> <span class='ocrx_word' id='word_1_174' title='bbox 2367 2038 2509 2093; x_wconf 89' lang='lat' dir='ltr'><strong>omni</strong></span> 
     </span>
     <span class='ocr_line' id='line_1_20' title="bbox 508 2125 2510 2198; baseline -0 -16"><span class='ocrx_word' id='word_1_175' title='bbox 508 2133 705 2183; x_wconf 87' lang='lat' dir='ltr'><strong>natura</strong></span> <span class='ocrx_word' id='word_1_176' title='bbox 728 2132 935 2183; x_wconf 85' lang='lat' dir='ltr'><strong>creata.</strong></span> <span class='ocrx_word' id='word_1_177' title='bbox 968 2126 1048 2182; x_wconf 85' lang='lat' dir='ltr'><strong>Ex</strong></span> <span class='ocrx_word' id='word_1_178' title='bbox 1070 2126 1159 2183; x_wconf 89' lang='lat' dir='ltr'><strong>his</strong></span> <span class='ocrx_word' id='word_1_179' title='bbox 1181 2142 1311 2198; x_wconf 87' lang='lat' dir='ltr'><strong>ergo</strong></span> <span class='ocrx_word' id='word_1_180' title='bbox 1337 2125 1624 2182; x_wconf 82' lang='lat' dir='ltr'><strong>manifeste</strong></span> <span class='ocrx_word' id='word_1_181' title='bbox 1649 2134 1876 2198; x_wconf 83' lang='lat' dir='ltr'><strong>apparet</strong></span> <span class='ocrx_word' id='word_1_182' title='bbox 1901 2125 2042 2182; x_wconf 81' lang='lat' dir='ltr'><strong>ratio</strong></span> <span class='ocrx_word' id='word_1_183' title='bbox 2071 2125 2244 2182; x_wconf 89' lang='lat' dir='ltr'><strong>divini</strong></span> <span class='ocrx_word' id='word_1_184' title='bbox 2269 2126 2510 2194; x_wconf 87' lang='lat' dir='ltr'><strong>consilii;</strong></span> 
     </span>
     <span class='ocr_line' id='line_1_21' title="bbox 504 2212 2514 2286; baseline -0 -15"><span class='ocrx_word' id='word_1_185' title='bbox 504 2213 795 2271; x_wconf 85' lang='lat' dir='ltr'><strong>consilium</strong></span> <span class='ocrx_word' id='word_1_186' title='bbox 836 2215 983 2271; x_wconf 88' lang='lat' dir='ltr'><strong>enim</strong></span> <span class='ocrx_word' id='word_1_187' title='bbox 1029 2215 1193 2271; x_wconf 82' lang='lat' dir='ltr'><strong>datur</strong></span> <span class='ocrx_word' id='word_1_188' title='bbox 1234 2214 1304 2270; x_wconf 90' lang='lat' dir='ltr'><strong>de</strong></span> <span class='ocrx_word' id='word_1_189' title='bbox 1346 2230 1411 2270; x_wconf 93' lang='lat' dir='ltr'><strong>eo</strong></span> <span class='ocrx_word' id='word_1_190' title='bbox 1463 2212 1608 2286; x_wconf 88' lang='lat' dir='ltr'><strong>quod</strong></span> <span class='ocrx_word' id='word_1_191' title='bbox 1656 2213 1844 2270; x_wconf 89' lang='lat' dir='ltr'><strong>utilius</strong></span> <span class='ocrx_word' id='word_1_192' title='bbox 1883 2219 1988 2281; x_wconf 86' lang='lat' dir='ltr'><strong>est,</strong></span> <span class='ocrx_word' id='word_1_193' title='bbox 2031 2214 2336 2271; x_wconf 85' lang='lat' dir='ltr'><strong>secundum</strong></span> <span class='ocrx_word' id='word_1_194' title='bbox 2381 2214 2514 2270; x_wconf 88' lang='lat' dir='ltr'><strong>illud</strong></span> 
     </span>
     <span class='ocr_line' id='line_1_22' title="bbox 506 2301 2515 2376; baseline -0.001 -16"><span class='ocrx_word' id='word_1_195' title='bbox 506 2307 699 2376; x_wconf 83' lang='lat' dir='ltr'><strong>Apost.</strong></span> <span class='ocrx_word' id='word_1_196' title='bbox 730 2305 780 2360; x_wconf 87' lang='lat'><strong>11</strong></span> <span class='ocrx_word' id='word_1_197' title='bbox 806 2301 1055 2361; x_wconf 87' lang='lat' dir='ltr'><strong>Corinth.</strong></span> <span class='ocrx_word' id='word_1_198' title='bbox 1085 2318 1194 2360; x_wconf 83' lang='lat' dir='ltr'><strong>vm</strong></span> <span class='ocrx_word' id='word_1_199' title='bbox 1226 2319 1239 2358; x_wconf 80' lang='lat' dir='ltr'><strong><em>z</em></strong></span> <span class='ocrx_word' id='word_1_200' title='bbox 1274 2302 1568 2360; x_wconf 74' lang='lat' dir='ltr'><strong>Consilium</strong></span> <span class='ocrx_word' id='word_1_201' title='bbox 1594 2303 1654 2358; x_wconf 77' lang='lat' dir='ltr'><strong>in</strong></span> <span class='ocrx_word' id='word_1_202' title='bbox 1681 2303 1774 2359; x_wconf 78' lang='lat' dir='ltr'><strong>hoe</strong></span> <span class='ocrx_word' id='word_1_203' title='bbox 1795 2302 1861 2359; x_wconf 84' lang='lat' dir='ltr'><strong>do</strong></span> <span class='ocrx_word' id='word_1_204' title='bbox 1889 2319 1910 2360; x_wconf 91' lang='grc'><strong>.·</strong></span> <span class='ocrx_word' id='word_1_205' title='bbox 1933 2303 2028 2359; x_wconf 81' lang='lat' dir='ltr'><strong>hoc</strong></span> <span class='ocrx_word' id='word_1_206' title='bbox 2049 2303 2192 2360; x_wconf 79' lang='lat' dir='ltr'><strong>enim</strong></span> <span class='ocrx_word' id='word_1_207' title='bbox 2219 2303 2364 2360; x_wconf 72' lang='lat' dir='ltr'><strong>vobis</strong></span> <span class='ocrx_word' id='word_1_208' title='bbox 2383 2303 2515 2360; x_wconf 75' lang='lat' dir='ltr'><strong>utile</strong></span> 
     </span>
     <span class='ocr_line' id='line_1_23' title="bbox 505 2391 2514 2463; baseline 0 -16"><span class='ocrx_word' id='word_1_209' title='bbox 505 2398 603 2447; x_wconf 76' lang='lat' dir='ltr'><strong>est.</strong></span> <span class='ocrx_word' id='word_1_210' title='bbox 631 2391 833 2446; x_wconf 84' lang='lat' dir='ltr'><strong>Utilius</strong></span> <span class='ocrx_word' id='word_1_211' title='bbox 864 2399 1051 2447; x_wconf 86' lang='lat' dir='ltr'><strong>autem</strong></span> <span class='ocrx_word' id='word_1_212' title='bbox 1080 2399 1164 2448; x_wconf 87' lang='lat' dir='ltr'><strong>est</strong></span> <span class='ocrx_word' id='word_1_213' title='bbox 1189 2392 1260 2448; x_wconf 81' lang='lat' dir='ltr'><strong>ad</strong></span> <span class='ocrx_word' id='word_1_214' title='bbox 1308 2391 1482 2448; x_wconf 79' lang='lat' dir='ltr'><strong>vitam</strong></span> <span class='ocrx_word' id='word_1_215' title='bbox 1511 2397 1780 2448; x_wconf 79' lang='lat' dir='ltr'><strong>aeternam</strong></span> <span class='ocrx_word' id='word_1_216' title='bbox 1817 2392 2261 2463; x_wconf 78' lang='lat' dir='ltr'><strong>consequendam</strong></span> <span class='ocrx_word' id='word_1_217' title='bbox 2291 2392 2514 2450; x_wconf 80' lang='lat' dir='ltr'><strong>divitias</strong></span> 
     </span>
     <span class='ocr_line' id='line_1_24' title="bbox 507 2469 2514 2554; baseline -0 -18"><span class='ocrx_word' id='word_1_218' title='bbox 507 2478 765 2549; x_wconf 76' lang='lat' dir='ltr'><strong>abjicere,</strong></span> <span class='ocrx_word' id='word_1_219' title='bbox 796 2469 965 2550; x_wconf 72' lang='lat' dir='ltr'><strong>quem</strong></span> <span class='ocrx_word' id='word_1_220' title='bbox 1007 2493 1103 2535; x_wconf 80' lang='lat' dir='ltr'><strong>eas</strong></span> <span class='ocrx_word' id='word_1_221' title='bbox 1146 2477 1447 2554; x_wconf 84' lang='lat' dir='ltr'><strong>possidere,</strong></span> <span class='ocrx_word' id='word_1_222' title='bbox 1474 2480 1605 2554; x_wconf 83' lang='lat' dir='ltr'><strong>quia</strong></span> <span class='ocrx_word' id='word_1_223' title='bbox 1646 2480 1988 2552; x_wconf 83' lang='lat' dir='ltr'><strong>possidentes</strong></span> <span class='ocrx_word' id='word_1_224' title='bbox 2029 2479 2256 2538; x_wconf 81' lang='lat' dir='ltr'><strong>divitias</strong></span> <span class='ocrx_word' id='word_1_225' title='bbox 2292 2480 2514 2538; x_wconf 87' lang='lat' dir='ltr'><strong>difficile</strong></span> 
     </span>
     <span class='ocr_line' id='line_1_25' title="bbox 504 2561 2514 2642; baseline 0.002 -20"><span class='ocrx_word' id='word_1_226' title='bbox 504 2567 798 2622; x_wconf 80' lang='lat' dir='ltr'><strong>intrant-in</strong></span> <span class='ocrx_word' id='word_1_227' title='bbox 825 2581 1055 2638; x_wconf 87' lang='lat' dir='ltr'><strong>regnum</strong></span> <span class='ocrx_word' id='word_1_228' title='bbox 1088 2568 1371 2637; x_wconf 83' lang='lat' dir='ltr'><strong>coelorum,</strong></span> <span class='ocrx_word' id='word_1_229' title='bbox 1399 2584 1466 2624; x_wconf 88' lang='lat' dir='ltr'><strong>eo</strong></span> <span class='ocrx_word' id='word_1_230' title='bbox 1489 2569 1638 2642; x_wconf 88' lang='lat' dir='ltr'><strong>quod</strong></span> <span class='ocrx_word' id='word_1_231' title='bbox 1666 2561 1888 2626; x_wconf 83' lang='lat' dir='ltr'><strong>difficile</strong></span> <span class='ocrx_word' id='word_1_232' title='bbox 1917 2569 1994 2625; x_wconf 91' lang='lat' dir='ltr'><strong>sit</strong></span> <span class='ocrx_word' id='word_1_233' title='bbox 2019 2570 2277 2627; x_wconf 83' lang='lat' dir='ltr'><strong>affectum</strong></span> <span class='ocrx_word' id='word_1_234' title='bbox 2306 2569 2514 2627; x_wconf 83' lang='lat' dir='ltr'><strong>divitiis</strong></span> 
     </span>
     <span class='ocr_line' id='line_1_26' title="bbox 507 2654 2517 2733; baseline 0.001 -23"><span class='ocrx_word' id='word_1_235' title='bbox 507 2654 775 2727; x_wconf 82' lang='lat' dir='ltr'><strong>possessis</strong></span> <span class='ocrx_word' id='word_1_236' title='bbox 794 2669 903 2712; x_wconf 86' lang='lat' dir='ltr'><strong>non</strong></span> <span class='ocrx_word' id='word_1_237' title='bbox 933 2655 1165 2733; x_wconf 63' lang='lat' dir='ltr'><strong>alliget-i,</strong></span> <span class='ocrx_word' id='word_1_238' title='bbox 1197 2657 1345 2731; x_wconf 86' lang='lat' dir='ltr'><strong>quod</strong></span> <span class='ocrx_word' id='word_1_239' title='bbox 1362 2659 1480 2730; x_wconf 81' lang='lat' dir='ltr'><strong>jam</strong></span> <span class='ocrx_word' id='word_1_240' title='bbox 1507 2657 1642 2714; x_wconf 82' lang='lat' dir='ltr'><strong>facit</strong></span> <span class='ocrx_word' id='word_1_241' title='bbox 1666 2657 2165 2730; x_wconf 76' lang='lat' dir='ltr'><strong>impossibilitatem</strong></span> <span class='ocrx_word' id='word_1_242' title='bbox 2189 2659 2430 2716; x_wconf 81' lang='lat' dir='ltr'><strong>intrandi</strong></span> <span class='ocrx_word' id='word_1_243' title='bbox 2459 2659 2517 2714; x_wconf 88' lang='lat' dir='ltr'><strong>in</strong></span> 
     </span>
     <span class='ocr_line' id='line_1_27' title="bbox 506 2733 2515 2821; baseline 0.002 -22"><span class='ocrx_word' id='word_1_244' title='bbox 506 2733 738 2815; x_wconf 79' lang='lat' dir='ltr'><strong>regnum</strong></span> <span class='ocrx_word' id='word_1_245' title='bbox 772 2744 1067 2801; x_wconf 67' lang='lat' dir='ltr'><strong>melorum.-</strong></span> <span class='ocrx_word' id='word_1_246' title='bbox 1114 2745 1417 2803; x_wconf 82' lang='lat' dir='ltr'><strong>Selubriter</strong></span> <span class='ocrx_word' id='word_1_247' title='bbox 1459 2762 1589 2818; x_wconf 86' lang='lat' dir='ltr'><strong>ergo</strong></span> <span class='ocrx_word' id='word_1_248' title='bbox 1631 2747 1896 2803; x_wconf 88' lang='lat' dir='ltr'><strong>Dominus</strong></span> <span class='ocrx_word' id='word_1_249' title='bbox 1930 2746 2207 2804; x_wconf 86' lang='lat' dir='ltr'><strong>consuluit</strong></span> <span class='ocrx_word' id='word_1_250' title='bbox 2252 2754 2515 2821; x_wconf 76' lang='lat' dir='ltr'><strong>tanquam</strong></span> 
     </span>
     <span class='ocr_line' id='line_1_28' title="bbox 508 2829 2518 2909; baseline 0.003 -21"><span class='ocrx_word' id='word_1_251' title='bbox 508 2829 717 2901; x_wconf 81' lang='lat' dir='ltr'><strong>utilius,</strong></span> <span class='ocrx_word' id='word_1_252' title='bbox 749 2839 812 2889; x_wconf 91' lang='lat' dir='ltr'><strong>ut</strong></span> <span class='ocrx_word' id='word_1_253' title='bbox 834 2833 1046 2891; x_wconf 84' lang='lat' dir='ltr'><strong>divitiae</strong></span> <span class='ocrx_word' id='word_1_254' title='bbox 1074 2834 1533 2908; x_wconf 85' lang='lat' dir='ltr'><strong>relinquerentur.</strong></span> <span class='ocrx_word' id='word_1_255' title='bbox 1565 2836 1670 2892; x_wconf 86' lang='lat' dir='ltr'><strong>Sed</strong></span> <span class='ocrx_word' id='word_1_256' title='bbox 1698 2844 1882 2908; x_wconf 86' lang='lat' dir='ltr'><strong>potest</strong></span> <span class='ocrx_word' id='word_1_257' title='bbox 1910 2836 2110 2908; x_wconf 85' lang='lat' dir='ltr'><strong>aliquis</strong></span> <span class='ocrx_word' id='word_1_258' title='bbox 2136 2845 2331 2894; x_wconf 82' lang='lat' dir='ltr'><strong>eontra</strong></span> <span class='ocrx_word' id='word_1_259' title='bbox 2371 2851 2518 2909; x_wconf 82' lang='lat' dir='ltr'><strong>prae-</strong></span> 
     </span>
     <span class='ocr_line' id='line_1_29' title="bbox 507 2921 2520 2997; baseline 0.002 -20"><span class='ocrx_word' id='word_1_260' title='bbox 507 2921 677 2978; x_wconf 81' lang='lat' dir='ltr'><strong>missa</strong></span> <span class='ocrx_word' id='word_1_261' title='bbox 707 2921 967 2994; x_wconf 87' lang='lat' dir='ltr'><strong>objicere,</strong></span> <span class='ocrx_word' id='word_1_262' title='bbox 990 2923 1121 2997; x_wconf 79' lang='lat' dir='ltr'><strong>quia</strong></span> <span class='ocrx_word' id='word_1_263' title='bbox 1142 2923 1452 2989; x_wconf 79' lang='lat' dir='ltr'><strong>MatthaeuS,</strong></span> <span class='ocrx_word' id='word_1_264' title='bbox 1485 2923 1936 2993; x_wconf 75' lang='lat' dir='ltr'><strong>BartholomaeuS,</strong></span> <span class='ocrx_word' id='word_1_265' title='bbox 1967 2931 2024 2980; x_wconf 85' lang='lat' dir='ltr'><strong>et</strong></span> <span class='ocrx_word' id='word_1_266' title='bbox 2052 2924 2348 2982; x_wconf 79' lang='lat' dir='ltr'><strong>Zacchaeus</strong></span> <span class='ocrx_word' id='word_1_267' title='bbox 2370 2924 2520 2983; x_wconf 84' lang='lat' dir='ltr'><strong>divi-</strong></span> 
     </span>
     <span class='ocr_line' id='line_1_30' title="bbox 510 3009 2522 3084; baseline 0.002 -20"><span class='ocrx_word' id='word_1_268' title='bbox 510 3009 617 3065; x_wconf 80' lang='lat' dir='ltr'><strong>tius</strong></span> <span class='ocrx_word' id='word_1_269' title='bbox 633 3009 964 3078; x_wconf 85' lang='lat' dir='ltr'><strong>habuerunt,</strong></span> <span class='ocrx_word' id='word_1_270' title='bbox 981 3017 1039 3067; x_wconf 90' lang='lat' dir='ltr'><strong>et</strong></span> <span class='ocrx_word' id='word_1_271' title='bbox 1054 3017 1240 3068; x_wconf 79' lang='lat' dir='ltr'><strong>tamen</strong></span> <span class='ocrx_word' id='word_1_272' title='bbox 1255 3012 1309 3068; x_wconf 92' lang='lat' dir='ltr'><strong>in</strong></span> <span class='ocrx_word' id='word_1_273' title='bbox 1332 3027 1563 3084; x_wconf 84' lang='lat' dir='ltr'><strong>regnum</strong></span> <span class='ocrx_word' id='word_1_274' title='bbox 1589 3012 1853 3068; x_wconf 88' lang='lat' dir='ltr'><strong>eoelorum</strong></span> <span class='ocrx_word' id='word_1_275' title='bbox 1870 3013 2214 3069; x_wconf 84' lang='lat' dir='ltr'><strong>intraverunt</strong></span> <span class='ocrx_word' id='word_1_276' title='bbox 2246 3029 2259 3068; x_wconf 74' lang='grc' dir='ltr'><strong><em>ε</em></strong></span> <span class='ocrx_word' id='word_1_277' title='bbox 2291 3013 2392 3070; x_wconf 88' lang='lat' dir='ltr'><strong>sed</strong></span> <span class='ocrx_word' id='word_1_278' title='bbox 2417 3012 2522 3069; x_wconf 84' lang='lat' dir='ltr'><strong>hoe</strong></span> 
     </span>
     <span class='ocr_line' id='line_1_31' title="bbox 507 3096 2522 3172; baseline 0.001 -20"><span class='ocrx_word' id='word_1_279' title='bbox 507 3097 693 3152; x_wconf 83' lang='lat' dir='ltr'><strong>Jeron.</strong></span> <span class='ocrx_word' id='word_1_280' title='bbox 720 3096 937 3154; x_wconf 89' lang='lat' dir='ltr'><strong>solvens</strong></span> <span class='ocrx_word' id='word_1_281' title='bbox 969 3098 1141 3154; x_wconf 84' lang='lat' dir='ltr'><strong>dicit:</strong></span> <span class='ocrx_word' id='word_1_282' title='bbox 1170 3119 1197 3152; x_wconf 79' lang='grc' dir='ltr'><strong>α</strong></span> <span class='ocrx_word' id='word_1_283' title='bbox 1230 3098 1701 3157; x_wconf 84' lang='lat' dir='ltr'><strong>Considerandum</strong></span> <span class='ocrx_word' id='word_1_284' title='bbox 1727 3104 1813 3156; x_wconf 84' lang='lat' dir='ltr'><strong>est</strong></span> <span class='ocrx_word' id='word_1_285' title='bbox 1835 3105 2042 3168; x_wconf 82' lang='lat' dir='ltr'><strong>autem,</strong></span> <span class='ocrx_word' id='word_1_286' title='bbox 2077 3099 2226 3172; x_wconf 86' lang='lat' dir='ltr'><strong>quod</strong></span> <span class='ocrx_word' id='word_1_287' title='bbox 2261 3115 2329 3157; x_wconf 91' lang='lat' dir='ltr'><strong>eo</strong></span> <span class='ocrx_word' id='word_1_288' title='bbox 2373 3105 2522 3156; x_wconf 90' lang='lat' dir='ltr'><strong>tem-</strong></span> 
     </span>
     <span class='ocr_line' id='line_1_32' title="bbox 508 3185 2523 3256; baseline 0.003 -18"><span class='ocrx_word' id='word_1_289' title='bbox 508 3197 643 3255; x_wconf 89' lang='lat' dir='ltr'><strong>pore</strong></span> <span class='ocrx_word' id='word_1_290' title='bbox 678 3199 788 3256; x_wconf 90' lang='lat' dir='ltr'><strong>quo</strong></span> <span class='ocrx_word' id='word_1_291' title='bbox 818 3185 1162 3244; x_wconf 83' lang='lat' dir='ltr'><strong>intraverunt</strong></span> <span class='ocrx_word' id='word_1_292' title='bbox 1187 3187 1391 3244; x_wconf 86' lang='lat' dir='ltr'><strong>divites</strong></span> <span class='ocrx_word' id='word_1_293' title='bbox 1418 3203 1540 3244; x_wconf 88' lang='lat' dir='ltr'><strong>esse</strong></span> <span class='ocrx_word' id='word_1_294' title='bbox 1565 3187 1867 3245; x_wconf 86' lang='lat' dir='ltr'><strong>desierunt.</strong></span> <span class='ocrx_word' id='word_1_295' title='bbox 1903 3207 1931 3242; x_wconf 74' lang='grc' dir='ltr'><strong>ιο</strong></span> <span class='ocrx_word' id='word_1_296' title='bbox 1959 3188 2067 3244; x_wconf 83' lang='lat' dir='ltr'><strong>Sed</strong></span> <span class='ocrx_word' id='word_1_297' title='bbox 2093 3203 2222 3244; x_wconf 85' lang='lat' dir='ltr'><strong>cum</strong></span> <span class='ocrx_word' id='word_1_298' title='bbox 2240 3187 2523 3248; x_wconf 77' lang='lat' dir='ltr'><strong>Abraham</strong></span> 
     </span>
     <span class='ocr_line' id='line_1_33' title="bbox 509 3271 2592 3348; baseline 0.005 -25"><span class='ocrx_word' id='word_1_299' title='bbox 509 3284 792 3341; x_wconf 86' lang='lat' dir='ltr'><strong>nunquam</strong></span> <span class='ocrx_word' id='word_1_300' title='bbox 816 3271 973 3328; x_wconf 89' lang='lat' dir='ltr'><strong>dives</strong></span> <span class='ocrx_word' id='word_1_301' title='bbox 998 3288 1120 3330; x_wconf 88' lang='lat' dir='ltr'><strong>esse</strong></span> <span class='ocrx_word' id='word_1_302' title='bbox 1150 3271 1399 3342; x_wconf 87' lang='lat' dir='ltr'><strong>desierit,</strong></span> <span class='ocrx_word' id='word_1_303' title='bbox 1428 3274 1560 3348; x_wconf 87' lang='lat' dir='ltr'><strong>quin</strong></span> <span class='ocrx_word' id='word_1_304' title='bbox 1583 3275 1768 3348; x_wconf 84' lang='lat' dir='ltr'><strong>potius</strong></span> <span class='ocrx_word' id='word_1_305' title='bbox 1811 3275 1870 3331; x_wconf 87' lang='lat' dir='ltr'><strong>in</strong></span> <span class='ocrx_word' id='word_1_306' title='bbox 1908 3273 2120 3332; x_wconf 87' lang='lat' dir='ltr'><strong>divitiis</strong></span> <span class='ocrx_word' id='word_1_307' title='bbox 2157 3275 2324 3332; x_wconf 82' lang='lat' dir='ltr'><strong>fuerit</strong></span> <span class='ocrx_word' id='word_1_308' title='bbox 2369 3289 2526 3332; x_wconf 87' lang='lat' dir='ltr'><strong>mor-</strong></span> <span class='ocrx_word' id='word_1_309' title='bbox 2581 3335 2592 3346; x_wconf 68' lang='lat'><strong>,</strong></span> 
     </span>
     <span class='ocr_line' id='line_1_34' title="bbox 510 3361 2524 3436; baseline 0.003 -23"><span class='ocrx_word' id='word_1_310' title='bbox 510 3364 659 3426; x_wconf 91' lang='lat' dir='ltr'><strong>tuus,</strong></span> <span class='ocrx_word' id='word_1_311' title='bbox 688 3364 745 3415; x_wconf 90' lang='lat' dir='ltr'><strong>et</strong></span> <span class='ocrx_word' id='word_1_312' title='bbox 766 3373 861 3416; x_wconf 84' lang='lat' dir='ltr'><strong>eas</strong></span> <span class='ocrx_word' id='word_1_313' title='bbox 890 3361 946 3416; x_wconf 91' lang='lat' dir='ltr'><strong>in</strong></span> <span class='ocrx_word' id='word_1_314' title='bbox 970 3367 1149 3418; x_wconf 87' lang='lat' dir='ltr'><strong>morte</strong></span> <span class='ocrx_word' id='word_1_315' title='bbox 1182 3361 1472 3435; x_wconf 84' lang='lat' dir='ltr'><strong>reliquerit</strong></span> <span class='ocrx_word' id='word_1_316' title='bbox 1499 3363 1647 3432; x_wconf 86' lang='lat' dir='ltr'><strong>filiis,</strong></span> <span class='ocrx_word' id='word_1_317' title='bbox 1674 3371 1738 3421; x_wconf 91' lang='lat' dir='ltr'><strong>ut</strong></span> <span class='ocrx_word' id='word_1_318' title='bbox 1776 3363 1833 3419; x_wconf 88' lang='lat' dir='ltr'><strong>in</strong></span> <span class='ocrx_word' id='word_1_319' title='bbox 1873 3361 2016 3420; x_wconf 84' lang='lat' dir='ltr'><strong>Gen.</strong></span> <span class='ocrx_word' id='word_1_320' title='bbox 2049 3364 2268 3436; x_wconf 83' lang='lat' dir='ltr'><strong>legitur,</strong></span> <span class='ocrx_word' id='word_1_321' title='bbox 2295 3363 2524 3420; x_wconf 78' lang='lat' dir='ltr'><strong>videtur</strong></span> 
     </span>
     <span class='ocr_line' id='line_1_35' title="bbox 512 3447 2526 3525; baseline 0.003 -23"><span class='ocrx_word' id='word_1_322' title='bbox 512 3447 811 3503; x_wconf 86' lang='lat' dir='ltr'><strong>seeundum</strong></span> <span class='ocrx_word' id='word_1_323' title='bbox 833 3449 1102 3522; x_wconf 83' lang='lat' dir='ltr'><strong>praedicta</strong></span> <span class='ocrx_word' id='word_1_324' title='bbox 1124 3464 1234 3507; x_wconf 89' lang='lat' dir='ltr'><strong>non</strong></span> <span class='ocrx_word' id='word_1_325' title='bbox 1260 3449 1431 3508; x_wconf 81' lang='lat' dir='ltr'><strong>fuisse</strong></span> <span class='ocrx_word' id='word_1_326' title='bbox 1452 3452 1748 3525; x_wconf 79' lang='lat' dir='ltr'><strong>perfectus,</strong></span> <span class='ocrx_word' id='word_1_327' title='bbox 1775 3467 1900 3510; x_wconf 87' lang='lat' dir='ltr'><strong>eum</strong></span> <span class='ocrx_word' id='word_1_328' title='bbox 1930 3459 2116 3510; x_wconf 83' lang='lat' dir='ltr'><strong>tamen</strong></span> <span class='ocrx_word' id='word_1_329' title='bbox 2149 3451 2220 3510; x_wconf 84' lang='lat' dir='ltr'><strong>ad</strong></span> <span class='ocrx_word' id='word_1_330' title='bbox 2249 3467 2380 3509; x_wconf 87' lang='lat' dir='ltr'><strong>eum</strong></span> <span class='ocrx_word' id='word_1_331' title='bbox 2410 3454 2526 3509; x_wconf 88' lang='lat' dir='ltr'><strong>Do-</strong></span> 
     </span>
     <span class='ocr_line' id='line_1_36' title="bbox 511 3529 2524 3615; baseline 0.003 -25"><span class='ocrx_word' id='word_1_332' title='bbox 511 3533 695 3592; x_wconf 88' lang='lat' dir='ltr'><strong>minus</strong></span> <span class='ocrx_word' id='word_1_333' title='bbox 730 3529 951 3604; x_wconf 76' lang='lat' dir='ltr'><strong>dixerit,</strong></span> <span class='ocrx_word' id='word_1_334' title='bbox 984 3537 1125 3595; x_wconf 84' lang='lat' dir='ltr'><strong>Gen.</strong></span> <span class='ocrx_word' id='word_1_335' title='bbox 1164 3553 1291 3596; x_wconf 85' lang='lat' dir='ltr'><strong>xvu</strong></span> <span class='ocrx_word' id='word_1_336' title='bbox 1320 3537 1496 3596; x_wconf 79' lang='lat' dir='ltr'><strong>:Esto</strong></span> <span class='ocrx_word' id='word_1_337' title='bbox 1525 3540 1814 3613; x_wconf 72' lang='lat' dir='ltr'><strong>perfectus,</strong></span> <span class='ocrx_word' id='word_1_338' title='bbox 1846 3555 1974 3614; x_wconf 81' lang='lat' dir='ltr'><strong>quae</strong></span> <span class='ocrx_word' id='word_1_339' title='bbox 2013 3541 2238 3615; x_wconf 87' lang='lat' dir='ltr'><strong>quidem</strong></span> <span class='ocrx_word' id='word_1_340' title='bbox 2285 3541 2524 3614; x_wconf 77' lang='lat' dir='ltr'><strong>quoestio</strong></span> 
     </span>
     <span class='ocr_line' id='line_1_37' title="bbox 511 3623 2528 3702; baseline 0.002 -20"><span class='ocrx_word' id='word_1_341' title='bbox 511 3623 649 3682; x_wconf 84' lang='lat' dir='ltr'><strong>solvi</strong></span> <span class='ocrx_word' id='word_1_342' title='bbox 680 3641 786 3681; x_wconf 92' lang='lat' dir='ltr'><strong>non</strong></span> <span class='ocrx_word' id='word_1_343' title='bbox 814 3633 1020 3697; x_wconf 89' lang='lat' dir='ltr'><strong>posset,</strong></span> <span class='ocrx_word' id='word_1_344' title='bbox 1044 3627 1093 3682; x_wconf 89' lang='lat' dir='ltr'><strong>si</strong></span> <span class='ocrx_word' id='word_1_345' title='bbox 1120 3626 1385 3699; x_wconf 80' lang='lat' dir='ltr'><strong>perfectio</strong></span> <span class='ocrx_word' id='word_1_346' title='bbox 1418 3628 1552 3686; x_wconf 84' lang='lat' dir='ltr'><strong>vitae</strong></span> <span class='ocrx_word' id='word_1_347' title='bbox 1583 3629 1898 3687; x_wconf 81' lang='lat' dir='ltr'><strong>christianae</strong></span> <span class='ocrx_word' id='word_1_348' title='bbox 1937 3629 1994 3686; x_wconf 88' lang='lat' dir='ltr'><strong>in</strong></span> <span class='ocrx_word' id='word_1_349' title='bbox 2034 3631 2157 3702; x_wconf 84' lang='lat' dir='ltr'><strong>ipsa</strong></span> <span class='ocrx_word' id='word_1_350' title='bbox 2202 3629 2528 3686; x_wconf 88' lang='lat' dir='ltr'><strong>dimissione</strong></span> 
     </span>
     <span class='ocr_line' id='line_1_38' title="bbox 510 3713 2527 3790; baseline 0.002 -22"><span class='ocrx_word' id='word_1_351' title='bbox 510 3713 830 3770; x_wconf 78' lang='lat' dir='ltr'><strong>divitiarum</strong></span> <span class='ocrx_word' id='word_1_352' title='bbox 858 3714 1202 3772; x_wconf 83' lang='lat' dir='ltr'><strong>consisteret.</strong></span> <span class='ocrx_word' id='word_1_353' title='bbox 1231 3716 1566 3789; x_wconf 89' lang='lat' dir='ltr'><strong>Sequeretur</strong></span> <span class='ocrx_word' id='word_1_354' title='bbox 1587 3718 1736 3774; x_wconf 89' lang='lat' dir='ltr'><strong>enim</strong></span> <span class='ocrx_word' id='word_1_355' title='bbox 1763 3717 1910 3790; x_wconf 88' lang='lat' dir='ltr'><strong>quod</strong></span> <span class='ocrx_word' id='word_1_356' title='bbox 1939 3718 2042 3790; x_wconf 86' lang='lat' dir='ltr'><strong>qui&#39;</strong></span> <span class='ocrx_word' id='word_1_357' title='bbox 2075 3718 2302 3775; x_wconf 76' lang='lat' dir='ltr'><strong>divitias</strong></span> <span class='ocrx_word' id='word_1_358' title='bbox 2339 3718 2527 3790; x_wconf 85' lang='lat' dir='ltr'><strong>possi-</strong></span> 
     </span>
     <span class='ocr_line' id='line_1_39' title="bbox 508 3801 2528 3878; baseline 0.003 -23"><span class='ocrx_word' id='word_1_359' title='bbox 508 3801 684 3868; x_wconf 88' lang='lat' dir='ltr'><strong>deret,</strong></span> <span class='ocrx_word' id='word_1_360' title='bbox 711 3817 819 3858; x_wconf 90' lang='lat' dir='ltr'><strong>non</strong></span> <span class='ocrx_word' id='word_1_361' title='bbox 848 3809 1034 3875; x_wconf 90' lang='lat' dir='ltr'><strong>posset</strong></span> <span class='ocrx_word' id='word_1_362' title='bbox 1060 3819 1181 3860; x_wconf 91' lang='lat' dir='ltr'><strong>esse</strong></span> <span class='ocrx_word' id='word_1_363' title='bbox 1214 3804 1492 3877; x_wconf 81' lang='lat' dir='ltr'><strong>perfectus</strong></span> <span class='ocrx_word' id='word_1_364' title='bbox 1522 3823 1536 3862; x_wconf 75' lang='lat' dir='ltr'><em>z</em></span> <span class='ocrx_word' id='word_1_365' title='bbox 1567 3806 1662 3863; x_wconf 89' lang='lat' dir='ltr'><strong>sed</strong></span> <span class='ocrx_word' id='word_1_366' title='bbox 1689 3807 1738 3862; x_wconf 90' lang='lat' dir='ltr'><strong>si</strong></span> <span class='ocrx_word' id='word_1_367' title='bbox 1757 3806 1927 3864; x_wconf 81' lang='lat' dir='ltr'><strong>verba</strong></span> <span class='ocrx_word' id='word_1_368' title='bbox 1967 3806 2187 3862; x_wconf 88' lang='lat' dir='ltr'><strong>Domini</strong></span> <span class='ocrx_word' id='word_1_369' title='bbox 2228 3805 2528 3878; x_wconf 84' lang='lat' dir='ltr'><strong>diligenter</strong></span> 
     </span>
     <span class='ocr_line' id='line_1_40' title="bbox 510 3889 2527 3966; baseline 0.004 -24"><span class='ocrx_word' id='word_1_370' title='bbox 510 3889 947 3958; x_wconf 79' lang='lat' dir='ltr'><strong>considerentur,</strong></span> <span class='ocrx_word' id='word_1_371' title='bbox 988 3904 1094 3947; x_wconf 91' lang='lat' dir='ltr'><strong>non</strong></span> <span class='ocrx_word' id='word_1_372' title='bbox 1136 3891 1192 3948; x_wconf 87' lang='lat' dir='ltr'><strong>in</strong></span> <span class='ocrx_word' id='word_1_373' title='bbox 1235 3893 1358 3966; x_wconf 81' lang='lat' dir='ltr'><strong>ipsa</strong></span> <span class='ocrx_word' id='word_1_374' title='bbox 1396 3892 1716 3951; x_wconf 77' lang='lat' dir='ltr'><strong>divitiarum</strong></span> <span class='ocrx_word' id='word_1_375' title='bbox 1754 3891 2076 3952; x_wconf 85' lang='lat' dir='ltr'><strong>dimissione</strong></span> <span class='ocrx_word' id='word_1_376' title='bbox 2131 3893 2527 3966; x_wconf 83' lang='lat' dir='ltr'><strong>perfectionem</strong></span> 
     </span>
     <span class='ocr_line' id='line_1_41' title="bbox 510 3974 2530 4058; baseline 0.004 -29"><span class='ocrx_word' id='word_1_377' title='bbox 510 3974 826 4044; x_wconf 83' lang='lat' dir='ltr'><strong>posuit,sed</strong></span> <span class='ocrx_word' id='word_1_378' title='bbox 848 3975 953 4035; x_wconf 83' lang='lat' dir='ltr'><strong>hoc</strong></span> <span class='ocrx_word' id='word_1_379' title='bbox 970 3981 1212 4040; x_wconf 83' lang='lat' dir='ltr'><strong>ostendit</strong></span> <span class='ocrx_word' id='word_1_380' title='bbox 1234 3996 1355 4046; x_wconf 73' lang='lat' dir='ltr'><strong>esse</strong></span> <span class='ocrx_word' id='word_1_381' title='bbox 1383 3981 1545 4057; x_wconf 82' lang='lat' dir='ltr'><strong>quasi</strong></span> <span class='ocrx_word' id='word_1_382' title='bbox 1571 3980 1867 4056; x_wconf 79' lang='lat' dir='ltr'><strong>quamdam</strong></span> <span class='ocrx_word' id='word_1_383' title='bbox 1887 3981 2246 4058; x_wconf 75' lang='lat' dir='ltr'><strong>perfectionis</strong></span> <span class='ocrx_word' id='word_1_384' title='bbox 2271 3982 2443 4053; x_wconf 73' lang='lat' dir='ltr'><strong>viam,</strong></span> <span class='ocrx_word' id='word_1_385' title='bbox 2461 3987 2530 4039; x_wconf 87' lang='lat' dir='ltr'><strong>ut</strong></span> 
     </span>
    </p>
   </div>
   <div class='ocr_carea' id='block_1_3' title="bbox 2796 25 2801 578">
    <p class='ocr_par' dir='ltr' id='par_1_3' title="bbox 2796 25 2801 578">
     <span class='ocr_line' id='line_1_42' title="bbox 2796 25 2801 578; baseline 0 0"><span class='ocrx_word' id='word_1_386' title='bbox 2796 25 2801 578; x_wconf 95' lang='lat' dir='ltr'><strong> </strong></span> 
     </span>
    </p>
   </div>
  </div>
 </body>
</html>
