2850 4517
473 329 595 388 286
858 376 865 381 .
951 346 1001 390 ε.
1048 339 1282 391 moiun
1320 337 1648 396 anunm-ns
1689 331 2000 390 ‘opuscum
2103 357 2112 366 ·

474 459 715 517 animum
750 467 900 518 tuam
937 462 1291 519 mendacium.
1334 463 1520 535 Aliqui
1549 466 1772 536 propter
1815 459 2026 527 ludum,
2057 463 2116 514 ει
2155 445 2260 514 hoo
2285 469 2500 516 caven-

474 550 605 605 dum
642 566 710 606 ne
752 556 972 624 proptor
1008 550 1464 609 consuetudinem
1503 551 1671 608 ducat
1709 550 1777 608 ad
1805 546 2060 607 mortale.
2107 545 2330 620 Sapien.
2383 564 2445 603 iv
2476 563 2494 603 ε

474 638 786 696 Fasoinatio
815 640 1141 713 nuyacitatis
1164 641 1408 697 obscurat
1439 641 1592 696 bona.

1086 838 1180 902 De
1200 855 1353 900 mmo
1369 841 1668 918 praeopto
1699 836 1872 916 leyis.

547 996 672 1057 Non
696 997 1021 1070 concupisces
1038 1014 1151 1056 rem
1164 997 1409 1070 proximi
1436 997 1538 1054 tui.
1559 999 1692 1054 Haec
1710 989 1795 1052 εει
1814 995 2124 1052 differentia
2148 995 2294 1053 inter
2317 995 2493 1069 legem

474 1087 721 1144 divinam
756 1094 813 1145 ει
842 1086 1194 1155 mundanam,
1222 1087 1353 1160 quia
1382 1085 1471 1142 lex
1502 1086 1772 1142 mundana
1790 1085 2007 1156 judicat
2039 1084 2206 1152 facta,
2235 1092 2292 1141 ot
2320 1085 2489 1149 dicta,

479 1177 665 1234 divina
693 1185 880 1234 autem
906 1191 1015 1233 non
1047 1176 1167 1233 haec
1194 1182 1430 1246 tantum,
1459 1175 1554 1232 sed
1583 1177 1750 1240 etiam
1773 1173 2037 1246 cogitata.
2063 1174 2132 1229 Et
2161 1175 2304 1230 ratio
2332 1174 2494 1246 hujus

478 1271 584 1334 εει,
615 1266 745 1340 quia
785 1265 879 1323 illa
907 1270 992 1323 εει
1017 1281 1115 1339 per
1141 1265 1407 1334 homineS,
1438 1254 1541 1339 qui'
1565 1263 1819 1338 judicant
1851 1279 1917 1321 ea
1944 1279 2071 1336 quae
2099 1273 2366 1337 apparent
2393 1279 2494 1320 ex-

479 1354 673 1422 terius,
716 1356 814 1411 sed
851 1354 1035 1411 divina
1064 1361 1148 1411 est
1186 1372 1218 1424 a
1252 1355 1386 1422 Dee,
1420 1353 1516 1428 qui
1548 1353 1791 1410 exterius
1830 1350 2172 1426 interiusque
2197 1352 2494 1424 conspicit.

480 1442 623 1498 Psal.
655 1457 821 1499 mxu
855 1461 868 1497 :
898 1443 1040 1524 Deus
1067 1443 1241 1500 cordis
1279 1443 1400 1499 mei.
1431 1443 1456 1499 1
1484 1443 1618 1514 Reg.
1665 1458 1768 1499 xvl
1802 1457 1816 1496 t
1844 1441 2012 1498 Homo
2035 1441 2176 1498 videt
2207 1457 2326 1512 quoe
2349 1439 2496 1512 foris

479 1537 627 1597 sunt,
661 1531 803 1588 Deus
837 1537 1015 1590 autem
1051 1531 1298 1589 intuetur
1334 1547 1446 1588 cor.
1486 1531 1707 1587 Dictum
1739 1537 1829 1587 εει
1866 1536 2054 1588 autom
2089 1529 2155 1586 do
2193 1528 2493 1602 praeoeptis

482 1635 606 1692 quae
636 1621 914 1693 pertinent
944 1620 1010 1676 ad
1041 1620 1189 1677 dicta
1219 1628 1275 1677 ει
1303 1621 1486 1690 lacta;
1514 1636 1656 1677 nuno
1685 1635 1814 1692 ergo
1844 1619 2135 1677 dicendum
2173 1624 2256 1672 εει
2283 1617 2353 1672 de
2389 1631 2493 1672 co·-

481 1709 689 1779 gitatiS.
707 1709 847 1764 Nam
870 1707 1017 1782 apud
1043 1709 1218 1765 Deum
1245 1709 1502 1765 voluntas
1529 1725 1627 1780 pro
1655 1707 1802 1765 sacto
1828 1713 2135 1780 reputatur,
2162 1705 2337 1760 undo:
2367 1703 2497 1762 Non

482 1796 825 1868 concupisces,
857 1797 911 1854 id
937 1805 1039 1864 εει,
1072 1813 1181 1854 non
1221 1797 1399 1856 solum
1427 1812 1539 1854 non
1565 1797 1782 1854 auferas
1827 1796 1994 1863 sacto,
2037 1795 2133 1852 sed
2182 1809 2284 1850 nec
2328 1793 2499 1850 etiam

481 1899 600 1941 rem
624 1886 854 1957 proximi
881 1886 960 1942 tui
984 1887 1359 1960 concupisces,
1386 1893 1444 1943 ει
1466 1885 1569 1944 hoc
1592 1892 1816 1959 propter
1837 1885 2034 1942 multa.
2063 1883 2248 1939 Primo
2276 1888 2500 1955 propter

482 1976 942 2049 concupiscentiae
974 1977 1303 2033 infinitatem
1344 1993 1357 2030 :
1400 1975 1846 2048 concupiscentia
1879 1974 2026 2030 enim
2062 1971 2194 2046 quid
2223 1971 2498 2027 infinitum

484 2070 588 2118 εει.
619 2063 861 2133 Quilibet
884 2071 1069 2122 autem
1093 2066 1311 2138 sapiens
1333 2064 1497 2120 debet
1530 2063 1814 2120 intendere
1845 2063 2006 2118 finem
2029 2061 2291 2134 aliquem,
2330 2060 2498 2116 immo

484 2151 663 2207 nullus
686 2153 850 2210 debet
886 2155 967 2209 ire
994 2170 1091 2225 per
1128 2153 1278 2210 viam
1308 2153 1599 2209 infinitam.
1639 2150 1958 2208 Ecclesiast.
1999 2167 2040 2207 v
2083 2156 2097 2205 'z
2144 2153 2368 2206 Avarus
2393 2165 2504 2204 non

484 2239 792 2312 implebitur
808 2243 1057 2313 pecunia.
1085 2241 1191 2297 lsa.
1222 2258 1259 2298 v
1296 2259 1309 2294 t
1344 2241 1434 2299 Vae
1467 2242 1558 2314 qui
1583 2241 1904 2314 conjunqitis
1931 2240 2143 2296 domum
2161 2239 2240 2295 ad
2265 2239 2498 2303 domum,

486 2335 535 2386 et
558 2345 751 2400 ayrum
778 2346 909 2400 aqro
947 2329 1219 2402 copulatis.
1262 2329 1331 2386 Et
1356 2330 1504 2402 quod
1530 2330 1974 2403 concupiscentia
2010 2328 2502 2401 nunquam,satie-

416 2440 436 2452 ·
487 2424 596 2483 tur,
628 2418 769 2473 ratio
795 2425 897 2483 ost,
929 2417 1059 2489 quia
1082 2431 1178 2473 cor
1203 2415 1440 2473 hominis
1464 2417 1669 2475 factum
1694 2425 1778 2474 εει
1805 2417 1874 2475 ad
1899 2416 2270 2490 recipiendum
2298 2417 2499 2474 Deum.

485 2505 642 2562 Unde
669 2509 902 2576 August.
934 2505 987 2560 in
1022 2520 1062 2562 1.
1093 2506 1307 2563 Goulos,
1336 2527 1364 2558 «
1389 2506 1588 2563 Fecisti
1619 2523 1717 2563 nos
1740 2508 1970 2565 Domino
1996 2505 2069 2564 ad
2091 2512 2165 2575 ιε,
2196 2513 2254 2562 ει
2277 2504 2502 2579 inquie-

486 2603 604 2650 tum
624 2601 711 2650 est
735 2608 830 2651 cor
858 2603 1123 2663 nostrum,
1150 2595 1325 2652 donec
1346 2597 1660 2669 requiescat
1688 2597 1744 2653 in
1763 2603 1836 2653 ιε.
1869 2616 1896 2649 n
1917 2595 1978 2653 Id
1997 2611 2128 2668 ergo
2143 2594 2294 2668 quod
2317 2595 2501 2650 minus

486 2683 602 2738 Deo
625 2690 730 2750 est,
758 2685 936 2756 ipsum
962 2686 1188 2758 implere
1215 2702 1325 2742 non
1354 2691 1558 2758 potest.
1589 2684 1695 2751 Qui
1721 2685 1890 2758 replet
1916 2685 1978 2742 in
2002 2684 2150 2742 bonis
2173 2682 2499 2740 desidentium

488 2781 659 2830 tuum.
705 2774 971 2842 Secundo,
1004 2773 1135 2847 quia
1171 2775 1348 2831 aufert
1384 2773 1647 2848 quietem,
1679 2787 1806 2847 quae
1849 2772 2082 2831 multum
2123 2773 2208 2830 est
2250 2773 2500 2832 dolecta-

487 2862 631 2917 bilis,
662 2863 887 2935 Semper
924 2864 1066 2919 enini
1096 2863 1279 2936 cupidi
1308 2863 1531 2920 solliciti
1576 2869 1706 2921 sunt
1744 2863 2030 2936 acquirere
2054 2880 2162 2921 non
2186 2863 2401 2931 habita,
2443 2870 2502 2918 ει

485 2951 675 3007 habita
720 2952 1015 3008 custodire.
1046 2952 1362 3010 Ecclesiast.
1395 2970 1434 3008 v
1475 2971 1487 3008 ε
1535 2951 1807 3010 Saturitas
1834 2951 2018 3009 divitis
2057 2969 2165 3010 non
2203 2951 2338 3008 sinit
2380 2968 2499 3008 eum

487 3039 745 3094 dormire.
790 3039 983 3095 Matth.
1025 3056 1082 3096 vl
1132 3057 1145 3094 ε
1182 3041 1280 3099 Ubi
1304 3047 1377 3096 est
1402 3041 1688 3096 thesaurus
1713 3047 1857 3106 tuus,
1887 3039 1964 3096 ibi
2004 3046 2079 3096 est
2120 3047 2172 3096 et
2203 3055 2298 3095 cor
2323 3045 2498 3105 tuum,

488 3130 546 3180 ει
573 3125 697 3183 ideo
738 3127 1005 3197 Christus,
1050 3129 1215 3186 Lucae
1256 3145 1384 3197 vui,
1423 3129 1648 3185 divitias
1676 3129 1850 3203 spinis
1878 3127 2221 3194 assimilavit,
2272 3133 2336 3183 ut
2363 3128 2500 3184 dicit

488 3215 717 3288 Gregor.
766 3216 972 3286 Tertio,
1004 3218 1133 3292 quia
1158 3227 1353 3277 causat
1390 3219 1445 3274 in
1489 3218 1698 3276 divitiis
1734 3217 2092 3276 inutilitatem
2122 3234 2137 3272 ι
2188 3216 2322 3272 facit
2351 3217 2502 3273 onim

488 3304 713 3362 divitias
736 3321 857 3362 εεεε
890 3323 996 3364 non
1026 3307 1188 3364 utiles
1224 3323 1325 3364 neo
1366 3307 1490 3375 sibi,
1524 3323 1625 3366 nee
1652 3307 1794 3376 aliis,
1835 3323 1943 3363 non
1982 3307 2128 3362 enim
2158 3309 2388 3361 utuntur
2420 3305 2502 3360 eis

490 3393 594 3448 nisi
638 3398 1031 3452 conservando.
1085 3397 1406 3452 Ecclesiast.
1439 3411 1540 3452 xrv
1589 3414 1601 3451 :
1658 3395 1790 3456 Viro
1840 3396 2030 3468 cupido
2073 3401 2124 3451 et
2170 3393 2346 3452 tenaci
2387 3392 2500 3449 sine

490 3481 701 3538 rationo
759 3492 836 3540 est
878 3483 1191 3540 substantia.
1237 3483 1466 3554 Quat-te,
1517 3485 1646 3559 quia
1695 3485 1837 3541 tollit
1876 3483 2109 3558 justitiae
2151 3481 2496 3556 umilitatem,

488 3569 659 3627 Exod.
692 3587 845 3629 xxm
874 3591 886 3627 :
913 3573 1003 3631 {No
1030 3573 1259 3646 accipias
1284 3589 1528 3640 munera,
1567 3589 1683 3646 quae
1710 3575 1874 3631 etiam
1901 3580 2164 3630 excoeoant
2183 3571 2498 3646 prudentes,

489 3667 539 3716 et
578 3661 893 3720 subvertunt
931 3662 1093 3719 verba
1124 3663 1413 3734 justorum.
1445 3664 1762 3726 Ecclesiast.
1795 3679 1943 3722 xxx!
1991 3682 2004 3718 t
2039 3662 2145 3729 Qui
2172 3667 2372 3718 aarum
2412 3661 2504 3718 di-

489 3748 627 3820 liqit,
676 3767 782 3808 non
821 3752 1232 3825 justifica-bitur.
1274 3753 1498 3824 Quinto,
1544 3755 1672 3828 quia
1714 3760 1876 3811 necat
1925 3753 2254 3810 charitatem
2304 3751 2408 3809 Dei
2445 3761 2502 3810 ει

492 3841 743 3909 proximi,
773 3843 923 3913 quia,
966 3842 1266 3902 secundum
1304 3843 1688 3916 Augustinum,
1721 3843 2133 3916 quantomagis
2169 3841 2336 3898 habet
2375 3840 2505 3916 quis

490 3925 561 3985 de
586 3927 875 3999 charitate,
904 3937 1057 3989 tauto
1074 3931 1255 3992 minus
1272 3932 1341 3991 do
1364 3932 1687 4008 cupiditate,
1708 3938 1768 3991 ει
1790 3949 1822 3992 o
1844 3947 2132 3994 con-verso.
2155 3929 2368 3990 Eccles-
2395 3945 2458 3989 vt
2484 3971 2501 3987 .
