2850 4517
467 392 587 458 140
944 408 995 453 s.
1039 386 1275 450 ‘raom
1314 398 1643 454 mumma
1682 397 1994 445 orvedum

461 528 561 585 Dei
584 542 694 583 ιιοιι
718 525 799 583 sio
820 529 941 581 esse
974 521 1190 578 unitum
1210 516 1439 585 homini,
1466 522 1530 574 ut
1552 532 1661 574 una
1688 521 1922 590 persona
1951 514 2109 571 fieret
2143 514 2246 573 Dei
2285 522 2342 574 et
2367 516 2479 574 h'o-

459 616 640 685 minis,
662 615 757 671 sed
780 630 875 686 per
898 612 1071 668 solam
1095 608 1550 666 inhabitationem
1579 606 1634 661 in
1662 606 1780 679 ipso
1793 622 1814 661 z·
1831 612 1889 661 et
1911 604 1993 661 sio
2015 603 2180 661 homo
2207 603 2300 661 ille
2329 606 2477 663 sicut

462 704 759 761 secundum
782 701 1068 758 Photinum
1093 715 1190 771 per
1214 696 1386 754 solam
1410 695 1650 771 gratiam
1671 696 1819 751 Deus
1841 694 2064 761 dicitur,
2081 695 2166 751 sic
2189 700 2246 751 et
2273 710 2480 751 seeun-

463 794 593 850 dum
622 792 935 848 Nestorium
956 790 1054 845 Dei
1087 788 1228 843 filius
1252 786 1478 851 dieitur,
1504 801 1610 842 non
1637 785 1768 858 quia
1785 784 1903 857 ipse
1929 798 2059 839 vere
2082 783 2155 839 sit
2183 785 2350 854 DeuS,
2377 784 2476 839 sed

462 888 684 958 propter
711 866 805 936 filii
831 880 932 935 Dei
958 874 1452 933 inhabitationem
1437 891 1493 930 ιιι
1527 874 1666 947 ipsu,
1696 889 1822 946 quae
1849 880 1934 930 est
1959 888 2056 959 per
2081 874 2342 945 gratiam.
2372 874 2478 928 Hic

463 974 647 1030 autem
688 986 839 1027 error
870 966 1189 1024 auctoritati
1230 980 1403 1022 sacrae
1445 964 1746 1037 Scripturae
1791 952 2081 1037 repugnat.
2133 962 2288 1019 Hane
2328 962 2477 1019 euim

398 1050 401 1057 ’
461 1061 718 1117 unionem
744 1059 840 1115 Dei
864 1066 917 1114 et
944 1056 1177 1113 hominis
1205 1052 1500 1126 Apostolus
1528 1050 1955 1108 exinanitionem
1997 1050 2245 1108 nominat
2285 1050 2478 1109 dicens

463 1149 659 1221 Philip.
695 1164 759 1204 ιι.
791 1147 859 1203 de
889 1145 999 1202 filio
1028 1144 1172 1199 Dei.
1208 1142 1313 1209 Qui
1336 1158 1454 1197 oum
1484 1141 1545 1196 in
1571 1140 1752 1212 forma
1788 1137 1893 1196 Dei
1919 1145 2049 1196 esset
2077 1156 2184 1195 non
2220 1139 2478 1212 rapinam

464 1237 771 1293 arbitratus
794 1242 885 1291 est
898 1250 1001 1289 esse
1027 1249 1081 1288 so
1108 1232 1359 1304 cequolem
1388 1232 1520 1296 Dee,
1546 1229 1636 1285 sed
1655 1230 1991 1302 semetipsum
2019 1228 2341 1295 exinanivit,
2366 1230 2480 1302 for·

463 1341 604 1381 mam
627 1323 769 1379 servi
793 1320 1071 1393 accipiens.
1100 1320 1223 1376 Non
1248 1326 1333 1375 est
1370 1325 1555 1375 aut-em
1585 1316 1882 1373 exinanitio
1911 1317 2032 1384 Dei,
2065 1316 2209 1389 quod
2250 1324 2479 1374 creatu-

465 1429 583 1469 ram
626 1408 950 1467 rationalem
1014 1407 1282 1465 inhabitet
1342 1423 1440 1479 per
1487 1406 1722 1477 gratiam
1762 1421 1777 1460 ε
1815 1404 2058 1477 alioquin
2103 1410 2159 1459 et
2195 1410 2372 1476 pater,
2419 1414 2478 1461 et

463 1501 700 1573 Spiritus
738 1500 971 1555 Sanctus
1003 1496 1435 1561 exinanirentur,
1467 1496 1598 1567 quia
1629 1500 1685 1550 et
1718 1494 1821 1567 ipsi
1867 1502 2178 1551 creaturam
2225 1494 2478 1551 rationa-

463 1591 571 1647 lem
618 1604 713 1660 per
736 1588 973 1659 gratiam
1017 1585 1343 1652 inhabitant,
1375 1584 1593 1639 dicente
1633 1582 1866 1639 Domino
1895 1582 1965 1639 de
2001 1598 2080 1650 se,
2113 1588 2168 1637 et
2206 1582 2274 1638 de
2317 1591 2477 1656 patre

464 1680 621 1735 Joan.
663 1692 766 1733 xiv
798 1675 928 1732 :Ad
970 1691 1088 1731 eum
1123 1672 1407 1737 veniemus,
1434 1678 1483 1727 et
1509 1671 1837 1728 mansionem
1873 1670 2018 1744 apud
2053 1687 2170 1727 eum
2193 1670 2472 1742 faciemus.

466 1767 534 1823 Et
562 1764 859 1839 Apostolus
883 1758 951 1819 de
978 1760 1187 1836 Spiritu
1218 1762 1419 1818 Sancto
1444 1762 1468 1816 I
1495 1760 1740 1817 Corinth.
1772 1776 1842 1817 ιιι
1877 1777 1890 1817 :
1918 1759 2158 1833 Spiritus
2184 1760 2288 1816 Dei
2318 1760 2478 1816 habi·

466 1862 551 1914 tat
585 1854 647 1911 in
682 1852 846 1909 vobis.
890 1852 1048 1920 Item,
1076 1867 1185 1907 non
1227 1848 1544 1907 conveniret
1586 1849 1794 1905 homini
1841 1848 1920 1905 illi
1964 1863 2129 1905 voces
2169 1848 2477 1907 divinitatis

464 1945 739 2010 emittere,
766 1943 813 1999 si
839 1940 1199 2014 personaliter
1219 1940 1368 1997 Deus
1390 1955 1498 1995 non
1530 1945 1694 1995 esset.
1727 1938 2324 2011 Praesumptuosissime
2341 1954 2477 2013 ergo

465 2033 725 2089 dixisset:
750 2032 861 2103 Eyo
882 2036 933 2087 et
958 2036 1117 2103 pater
1137 2046 1306 2087 unum
1328 2044 1511 2085 sumus
1524 2044 1544 2095 ‚·
1575 2035 1650 2095 et,
1675 2029 1973 2099 Antequam
2001 2026 2272 2083 Abraham
2295 2027 2476 2099 fieret,

466 2139 553 2193 ⁶9⁰
578 2138 711 2177 sum.
740 2121 855 2191 Ego
881 2120 1026 2176 enim
1054 2134 1343 2192 personam
1363 2118 1638 2190 loquentis
1665 2116 2006 2173 demonstrat
2034 2131 2048 2171 z
2079 2114 2244 2171 homo
2285 2122 2477 2173 autem

464 2218 583 2266 erat
610 2210 702 2283 qui
730 2208 1075 2281 loquebatur,
1106 2214 1192 2263 est
1219 2205 1387 2277 igitur
1411 2220 1643 2277 persona
1677 2202 1870 2261 eadem
1897 2204 1997 2259 Dei
2021 2211 2078 2260 et
2101 2202 2357 2260 hominis·
2389 2205 2478 2261 Ad

466 2298 563 2352 hos
592 2310 721 2365 ergo
746 2309 960 2349 errores
988 2291 1373 2358 excludendos,
1391 2292 1449 2347 in
1478 2290 1735 2365 Symbolo
1761 2296 1874 2348 tam
1896 2288 2281 2362 Apostolorum
2307 2306 2476 2364 quam

466 2387 690 2441 Patrum
729 2382 876 2438 faeta
912 2382 1188 2436 mentione
1224 2381 1294 2436 de
1321 2394 1554 2453 persona
1595 2378 1691 2437 filii
1737 2378 1994 2435 subditur
2024 2396 2038 2433 t
2072 2378 2180 2445 Qui
2201 2386 2480 2451 oonoeptns

346 2483 363 2504 ·
468 2480 544 2530 est
572 2470 634 2526 de
670 2469 885 2541 Spiritu
926 2468 1141 2533 Sancto,
1170 2474 1351 2534 natus,
1375 2484 1587 2541 passus,
1609 2474 1874 2534 mortuus,
1905 2474 1956 2525 et
1998 2468 2323 2524 resurrexit.
2352 2470 2477 2524 Non

437 2624 445 2631 ¹
469 2575 619 2616 emm
645 2575 710 2615 ea
737 2562 1002 2630 quaesunt
1026 2556 1263 2612 hominis
1286 2557 1355 2612 de
1383 2555 1495 2611 filio
1532 2557 1630 2612 Dei
1655 2556 2111 2629 praedicarentur,
2136 2555 2243 2611 nisi
2283 2556 2478 2613 eadem

468 2654 613 2705 esset
637 2662 866 2721 persona
910 2646 1007 2703 filii
1035 2646 1135 2701 Dei
1174 2651 1229 2702 et
1256 2644 1668 2719 hominiS,.quia
1698 2661 1823 2717 quae
1851 2646 1943 2701 uni
1981 2660 2232 2719 personae
2269 2660 2481 2702 conve-

469 2737 647 2803 niunt,
679 2751 789 2792 non
811 2751 879 2791 ex
899 2734 1003 2791 hoc
1029 2734 1148 2807 ipso
1171 2733 1240 2789 de
1274 2733 1449 2790 altera
1485 2733 1876 2807 praedicantur.
1908 2733 2064 2789 Sicut
2103 2749 2231 2809 quae
2268 2748 2480 2791 conve-

428 2836 437 2843 ·
469 2828 625 2883 uiunt
653 2823 835 2893 Paulo,
870 2838 977 2881 ιιοιι
1004 2837 1072 2879 ex
1093 2824 1199 2880 hoo
1217 2823 1336 2895 ipso
1367 2824 1738 2897 praedicantur
1760 2822 1829 2878 de
1848 2823 2031 2879 Petro.

1191 2979 1478 3065 CAPUT
1521 2995 1744 3065 CCIV.

526 3140 621 3203 De
647 3155 845 3202 errore
870 3137 1055 3201 Arrii
1080 3136 1244 3202 eirea
1265 3134 1762 3211 incarnationem,
1790 3141 1846 3200 et
1868 3136 2230 3218 improbatio
2245 3135 2414 3217 ejus.

534 3273 608 3330 Ut
638 3286 767 3343 ergo
786 3272 1052 3329 unitatem
1076 3271 1175 3327 Dei
1204 3276 1261 3327 et
1274 3269 1513 3327 hominis
1534 3269 1927 3327 confiterentur
1951 3270 2178 3344 quidam
2203 3270 2473 3337 haeretioi,

467 3364 521 3419 in
552 3367 766 3434 partem
789 3362 1121 3418 contrariam
1163 3360 1525 3425 diverterunt,
1556 3358 1802 3417 dieentes
1834 3359 1936 3416 Dei
1971 3366 2027 3427 et
2074 3358 2311 3417 hominis
2356 3375 2480 3416 esso

468 3466 633 3506 unam
665 3465 772 3505 non
819 3448 996 3506 solum
1038 3462 1343 3521 personam,
1367 3448 1464 3504 sed
1506 3448 1675 3506 etiam
1715 3456 1994 3506 naturam.
2037 3449 2206 3521 CuJus
2253 3447 2480 3521 quidem

467 3538 667 3595 erroris
693 3537 1021 3610 principium
1065 3535 1167 3592 fuit
1208 3534 1278 3591 ab
1317 3534 1497 3603 Arri0,
1527 3536 1623 3608 qui
1653 3542 1709 3593 ut
1741 3551 1808 3592 ea
1835 3552 1962 3609 quae
1989 3536 2046 3591 in
2070 3536 2362 3610 scripturis
2387 3535 2482 3591 di·-

466 3633 665 3683 cuntur
701 3624 770 3681 de
817 3624 1053 3692 Christo,
1087 3621 1286 3697 quibus
1326 3623 1637 3679 ostenditur
1684 3622 1861 3679 minor
1901 3629 2077 3696 patre,
2105 3638 2212 3680 non
2256 3622 2361 3680 nisi
2410 3624 2481 3680 ad

466 3709 654 3789 ipsum'
671 3715 772 3771 Del
798 3714 971 3770 filium
997 3718 1220 3787 possent
1254 3712 1446 3768 referri
1471 3711 1772 3770 seeundum
1799 3717 2172 3769 assumentem
2195 3718 2478 3779 naturam,

466 3805 651 3878 posuit
679 3804 736 3861 in
765 3802 983 3859 Christo
998 3817 1104 3858 uon
1130 3801 1293 3858 aliam
1318 3802 1560 3858 animam
1583 3817 1704 3858 esse
1731 3817 1899 3874 quam
1917 3801 2017 3858 Dei
2045 3799 2310 3866 Verbum,
2327 3801 2480 3874 quod

466 3890 605 3947 dixit
647 3892 865 3964 corpori
907 3890 1106 3947 Christi
1140 3888 1307 3947 fuisse
1348 3906 1449 3963 pro
1491 3889 1694 3956 anima,
1731 3889 1900 3947 etsie
1935 3904 2062 3947 oum
2103 3890 2280 3947 dicit:
2311 3888 2486 3945 Pater

466 3978 646 4049 mnjor
667 3993 751 4033 me
776 3984 872 4043 est,
898 3978 985 4035 vel
1013 3994 1140 4035 eum
1168 3992 1357 4042 orasse
1391 3978 1612 4051 legitur,
1631 3984 1732 4036 aut
1759 3979 2032 4046 tristatus,
2058 3978 2130 4035 ad
2161 3978 2338 4052 ipsam
2370 3993 2488 4035 na·-
