2850 4517
639 400 727 445 ιν.
755 416 837 431 -
862 402 939 453 nn
980 403 1401 455 rennnc‘rtonn
1445 404 1610 453 vrrAE
1661 406 2035 453 srmrruAms
2219 375 2364 453 843'

332 528 463 571 cum
484 511 823 586 plenitudine
847 512 1086 584 honoris,
1101 513 1407 578 uthabetur
1423 521 1579 579 extra
1599 517 1668 573 de
1692 518 2042 578 concessione
2061 515 2342 595 Ecclesiae,

332 618 459 675 cap.
486 600 800 675 Proponit.
830 602 1060 665 Videtur
1090 619 1219 675 ergo
1251 610 1430 666 status
1465 612 1783 669 curatorum
1825 614 1881 671 et
1912 606 2346 670 Archidieeono-

331 707 458 750 rum
486 706 608 749 esse
633 696 833 761 statue,
864 707 933 749 ex
960 708 1070 766 quo
1098 698 1245 752 statu
1275 694 1399 767 quis
1427 693 1552 766 ejici
1579 701 1779 773 potest.

1063 864 1346 937 CAPUT
1390 866 1614 939 XXII.

336 1005 632 1071 Rationes
670 1004 751 1067 ad
788 1004 1210 1069 ostendendum
1245 1006 1405 1085 quod
1447 1004 1720 1071 dimissio
1765 1024 1924 1072 cum
1960 1025 2080 1071 non
2118 1007 2352 1089 sufficit

417 1094 497 1157 ad
519 1094 919 1175 probandum,
964 1094 1125 1174 quod
1149 1095 1502 1173 Presbyteri
1528 1096 1752 1171 curati,
1783 1097 1878 1160 ool
1904 1096 2347 1163 Archidiaooni

414 1185 543 1247 sint
568 1183 637 1247 in
661 1188 834 1247 statu
852 1183 1266 1265 perfectionis.
1963 1182 1971 1193 ⁴

407 1316 668 1378 Similiter
695 1316 865 1381 etiam
887 1323 1079 1378 contra
1107 1316 1163 1376 id
1189 1316 1335 1391 quod
1370 1316 1580 1377 dictum
1615 1324 1718 1387 est,
1747 1320 1894 1393 quod
1934 1319 2344 1391 Archidiaconi,

326 1406 422 1485 ‘vel
452 1406 759 1483 Presbyteri
788 1408 966 1465 curati
996 1422 1105 1464 non
1128 1412 1257 1465 sunt
1286 1407 1344 1463 in
1376 1413 1528 1467 statu
1557 1409 1928 1481 perfectionis„
1961 1410 2090 1483 quia
2116 1419 2343 1483 possunt

332 1496 453 1557 sine
476 1501 701 1567 peccato
726 1494 796 1554 ab
818 1494 923 1561 hoc
950 1495 1226 1559 recedere,
1258 1496 1640 1569 multipliciter
1675 1496 1960 1572 objiciunt.
1991 1500 2172 1557 Primo
2213 1500 2345 1573 qui-

334 1584 479 1649 dem,
506 1584 635 1657 quia
664 1584 853 1642 dieunt
874 1583 1019 1657 quod
1045 1592 1267 1657 propter
1294 1584 1399 1645 hoe
1427 1592 1652 1643 curatus
1673 1587 1967 1661 Presbyter
2009 1588 2075 1644 ad
2117 1588 2344 1661 religio,
2406 1622 2412 1628 -

333 1689 461 1730 nem
487 1672 719 1732 transire
742 1679 942 1746 potest,
974 1672 1227 1747 quamvis
1254 1679 1437 1733 status
1458 1672 1637 1731 curati
1662 1674 1735 1731 sit
1768 1675 2057 1747 perfectior
2085 1682 2142 1733 et
2191 1678 2346 1735 fruc*

335 1762 566 1829 tuosior,
601 1762 729 1835 quia
756 1767 935 1824 status
962 1762 1243 1834 religionis
1270 1770 1354 1820 est
1383 1763 1644 1831 securior,
1677 1764 1746 1821 Et
1779 1765 1845 1825 ed
1873 1764 1977 1821 hoc
2005 1767 2346 1839 probandum

336 1851 599 1915 inducunt
623 1851 769 1923 quod
798 1850 981 1912 dictur
1006 1858 1163 1910 extra
1190 1846 1260 1909 de
1289 1853 1564 1909 renuntia.
1585 1850 1778 1910 c.Nisi
1802 1868 1916 1909 oum
1929 1852 2340 1925 pridem.1tem,

336 1941 421 1997 vir
448 1954 670 2012 uxorem
691 1956 849 2002 suam
877 1956 984 2000 uon
1007 1946 1191 2014 potest
1219 1941 1498 1999 dimittere
1526 1957 1592 1998 ea
1620 1941 1812 2009 invita,
1844 1948 1900 1997 et
1929 1942 1997 1997 ed
2023 1941 2342 2013 religionem

337 2028 591 2096 transire,
640 2034 702 2089 ut
750 2027 952 2093 dicitur
1003 2035 1159 2091 extre
1204 2031 1273 2087 de
1322 2030 1680 2091 conversione
1727 2030 2164 2102 conjugatorum,
2214 2046 2340 2088 can.

342 2119 613 2179 Uxorem,
639 2117 757 2178 :sed
782 2116 887 2175 hoc
915 2134 1021 2181 non
1049 2121 1135 2179 est
1156 2118 1299 2188 ideo,
1332 2120 1462 2194 quia
1488 2125 1668 2177 status
1691 2120 1929 2193 conjugii
1954 2120 2177 2191 majoris
2212 2136 2342 2193 per-

335 2206 586 2271 fectionis
608 2207 683 2269 sit
724 2223 893 2281 quam
920 2214 1099 2272 status
1136 2208 1434 2281 religionis,
1460 2209 1546 2266 vel
1574 2216 1825 2283 aequetur
1869 2208 1942 2277 ei,
1974 2209 2070 2265 sed
2111 2208 2242 2282 quia
2281 2225 2346 2267 se

334 2296 491 2355 uxori
517 2313 633 2355 suae
661 2312 759 2370 per
787 2297 1196 2356 matrimonium
1224 2298 1588 2361 insolubiliter
1615 2297 1906 2371 obligavit;
1935 2306 2064 2369 ergo
2088 2296 2346 2360 similiter

335 2386 624 2460 Presbyter
642 2394 867 2449 curatus
896 2386 1032 2445 licet·
1056 2387 1225 2459 possit
1254 2388 1487 2454 transire
1516 2388 1585 2445 ad
1617 2388 1956 2460 religionem,
1985 2403 2090 2446 non
2121 2391 2346 2461 propter

332 2474 439 2539 hoo
466 2476 712 2549 seqnitur
740 2475 887 2549 quod
914 2480 1095 2535 status
1122 2476 1401 2549 religionis
1437 2474 1512 2534 sit
1558 2478 1867 2551 perfectior,
1895 2477 1981 2535 vel
2025 2492 2184 2551 oeque
2213 2491 2346 2550 pere

332 2563 530 2619 sectuS.
561 2564 829 2620 Inducunt
861 2564 1029 2621 etiam
1076 2566 1145 2623 ad
1172 2564 1279 2622 hoe
1322 2566 1632 2640 exemplum
1669 2565 1864 2633 David,
1897 2566 2044 2639 quod
2087 2565 2340 2635 habetur,

329 2652 355 2708 1
378 2653 515 2724 Reg.
548 2667 692 2717 xvn,
724 2668 849 2709 cum
876 2668 983 2709 non
1011 2658 1196 2726 posset
1222 2668 1464 2725 pugnare
1493 2655 1550 2709 in
1574 2653 1966 2721 armis‘Saulis„
1993 2670 2120 2726 quae
2149 2654 2344 2727 requi-

332 2739 531 2795 rebant
559 2739 951 2809 fortitudinem‚
976 2740 1209 2802 contulit
1236 2756 1295 2801 se
1325 2741 1394 2799 ad
1415 2753 1576 2801 arma
1589 2742 1817 2813 majoris
1840 2730 2344 2809 bumilitati3,1icet

298 2828 563 2885 -minoris
609 2828 837 2896 roboriS,
866 2829 956 2888 vel
1000 2828 1357 2897 fortitudinis,
1392 2828 1602 2885 scilicet
1644 2830 1714 2885 ad
1742 2827 1986 2897 fundam,
2019 2835 2075 2883 et
2105 2829 2173 2884 ad
2200 2830 2346 2901 iapi-

332 2918 452 2985 deS,
485 2917 683 2990 quibus
710 2919 987 2991 gigantem
1015 2919 1351 2976 Philistaeum
1376 2918 1558 2979 virum
1587 2916 1656 2972 ab
1688 2916 2056 2973 adolescentia
2093 2931 2193 2971 sua
2221 2915 2348 2971 bei-

332 3006 566 3063 letorem
595 3024 729 3081 puer
758 3008 959 3079 dejecit
997 3012 1053 3064 et
1081 3007 1397 3081 prostravit.
1432 3008 1616 3062 Potest
1655 3021 1785 3077 ergo
1826 3010 2049 3063 curatus
2094 3003 2344 3078 exemplo

332 3096 511 3152 David
541 3096 611 3153 ad
653 3112 806 3153 arma
848 3097 1075 3171 majoris
1110 3097 1458 3164 humilitatis,
1491 3094 1700 3153 scilicet
1745 3094 2024 3166 religionis
2065 3110 2123 3150 se
2157 3100 2346 3151 trans-

330 3186 496 3253 ferre,
528 3185 657 3248 licet
684 3192 829 3245 esset
852 3186 909 3245 in
938 3192 1085 3245 statu
1110 3186 1443 3260 perfectiori.
1469 3186 1626 3253 Item,
1655 3184 1700 3241 si
1726 3181 2169 3257 inseparabilitas
2195 3189 2344 3241 esset

331 3289 503 3339 censa
530 3282 731 3343 status,
762 3284 1082 3349 sequeretur
1105 3276 1253 3349 quod
1277 3291 1385 3333 nen
1416 3274 1608 3331 liceret
1637 3272 1799 3331 alicui
1841 3288 1900 3329 se
1945 3271 2244 3330 transferre
2271 3273 2344 3329 de

331 3368 483 3425 statu
513 3364 572 3421 in
598 3369 805 3423 statum
829 3381 843 3423 ε
872 3365 977 3421 boc
1005 3370 1191 3423 autem
1213 3366 1363 3434 licet,
1387 3380 1516 3437 ergo
1547 3362 1988 3435 inseparabilitas
2015 3378 2124 3419 non
2160 3370 2246 3419 est
2270 3361 2340 3418 de

330 3452 549 3515 ratione.
577 3459 773 3512 status.
798 3455 955 3522 Item,
984 3455 1283 3511 secundum
1296 3456 1423 3527 jura
1447 3454 1653 3527 scripta
1681 3451 1941 3527 praelatus
1963 3457 2148 3526 posset
2175 3466 2346 3508 cura-

330 3546 453 3603 tum
480 3541 582 3599 sibi
626 3542 907 3601 subditum
936 3545 1005 3604 de
1040 3543 1301 3616 religione
1341 3544 1409 3602 ad
1455 3543 1742 3601 ecclesiam
1785 3556 1943 3611 suem
1986 3555 2265 3608 revocare,
2293 3538 2344 3595 si

331 3630 501 3691 sciret
524 3647 651 3691 eum
676 3648 796 3695 esse
823 3633 1032 3698 utilem,
1062 3641 1157 3703 aut
1184 3632 1488 3705 proficuum
1523 3632 1774 3691 ccclesias
1804 3647 1951 3700 suae;
1976 3628 2144 3686 immo
2172 3642 2342 3686 cura-

331 3726 425 3777 tus
453 3736 561 3777 non
590 3720 753 3780 debet
778 3722 1068 3781 ecclesiam
1096 3736 1251 3779 suam
1284 3721 1564 3782 dimittere
1589 3723 1710 3780 sine
1744 3736 2014 3779 consensu
2051 3725 2108 3777 et
2144 3727 2343 3780 aucto·-

330 3809 500 3871 ritate
522 3810 767 3885 episcopi
799 3828 812 3867 ε
844 3811 989 3884 quod
1021 3811 1065 3867 si
1092 3810 1303 3877 fecerit,
1332 3818 1514 3882 potest
1533 3814 1820 3886 episcopus
1845 3812 1900 3867 in
1930 3824 2056 3867 eum
2083 3814 2340 3866 exercere

330 3900 657 3957 canonicam
682 3900 963 3969 ultionem,
987 3907 1045 3957 ut
1068 3900 1300 3957 habetur
1318 3908 1475 3958 extra
1490 3900 1559 3957 de
1573 3901 2003 3969 renunciatione,
2022 3916 2073 3957 c.
2086 3900 2333 3956 Amovet.

327 3988 399 4045 Et
424 3987 495 4046 de
524 3988 824 4061 privilegiis
866 3995 923 4045 et
950 4004 1127 4047 exces.
1154 3988 1646 4062 privilegiatorum,
1677 4005 1800 4049 can.
1829 3989 1966 4049 Cum
1991 3994 2040 4047 et
2063 3988 2340 4062 planem,
