2850 4517
452 317 570 377 494
927 331 978 374 s,
1023 329 1261 374 ‘motus
1300 328 1631 378 Aemus-ris
1672 328 1983 371 croscum

453 449 523 505 de
566 463 668 504 suo
701 447 899 520 spiritu
927 446 1104 502 dixit:
1136 446 1258 504 Non
1281 445 1539 518 loquetur
1566 460 1599 501 a
1628 443 1941 517 semetipso,
1972 442 2072 500 sed
2098 456 2469 516 quacumque

455 537 643 593 audiet
688 535 962 609 loquetur,
1015 535 1070 591 id
1117 542 1221 601 est,
1271 551 1375 590 non
1419 541 1597 591 estut
1631 534 1702 590 sit
1746 531 2187 606 imprincipiatus
2212 532 2467 605 spiritus,

454 611 610 700 quod
623 631 709 682 est
730 623 898 680 solius
926 625 1103 680 Patris
1136 641 1150 678 ε
1181 623 1277 680 sed
1311 623 1549 680 maxime
1573 629 1629 678 et
1655 622 1872 695 proprie
1895 627 1980 678 est
2004 621 2077 677 ab
2099 621 2217 694 ipso
2246 619 2409 686 Filio,
2437 636 2473 675 a

453 729 564 788 quo
605 722 662 770 et
707 715 910 786 accipit
955 719 1018 769 ut
1049 712 1124 768 sit
1156 714 1305 768 Deus
1333 711 1721 780 essentialiter,
1752 709 1824 766 ab
1850 726 1918 766 eo
1945 711 2115 766 etiam
2152 709 2308 765 audit
2342 723 2472 781 quae

455 810 510 861 et
535 789 819 876 loquitur.
852 822 878 853 n
925 801 1092 858 Basil.
1131 801 1266 858 dicit
1311 806 1507 857 contra
1550 799 1740 856 Arium
1780 805 1839 855 et
1877 797 2175 855 sabellium
2200 799 2277 851 2‘«
2312 796 2473 868 Quo·

457 892 620 948 modo
658 892 885 964 adoptat
926 891 979 946 in
1023 889 1158 947 Filio
1192 888 1430 964 Spiritus
1458 901 1701 951 sanctus,
1733 887 1781 944 si
1809 885 2021 944 alienus
2048 894 2133 942 est
2161 902 2192 943 a
2216 887 2383 942 Patre
2412 895 2474 942 et

456 979 631 1035 Filio?
646 980 929 1049 Quomodo
949 978 1539 1042 inhabitatextraneus
1560 979 1618 1033 in
1642 976 1752 1035 illis
1778 992 1916 1050 quos
1943 976 2196 1034 Christus
2220 975 2467 1042 redimit,

455 1067 632 1124 sinon
662 1076 746 1126 est
776 1084 808 1125 a
837 1067 1053 1126 Christo
1071 1067 1101 1122 ⁴?
1133 1087 1158 1120 n

917 1257 1096 1333 Quod
1120 1255 1308 1321 simul
1333 1260 1421 1321 ost
1448 1274 1489 1320 a
1512 1255 1706 1320 Patro
1731 1261 1790 1320 ot
1810 1255 2001 1320 Filio.

525 1395 608 1456 Ne
631 1404 816 1455 autem
846 1397 1044 1471 aliquis
1072 1398 1222 1461 dicat
1251 1395 1412 1454 aliter
1440 1413 1562 1454 esse
1588 1397 1855 1470 Spiritum
1878 1402 2129 1454 sanctum
2154 1411 2187 1453 3
2208 1398 2391 1465 Patre,
2409 1398 2469 1454 et

457 1484 616 1540 aliter
643 1501 675 1540 a
703 1484 864 1553 Filio,
887 1475 1054 1541 ⁴simul
1081 1483 1152 1540 ab
1175 1489 1410 1557 utroque
1436 1500 1468 1542 a
1498 1485 1777 1557 praedictis
1806 1475 2140 1542 Ductoribus
2163 1500 2283 1540 esse
2313 1501 2469 1541 asse-

458 1574 616 1630 ritur.
639 1573 786 1629 Dicit
807 1574 955 1630 enim
980 1573 1313 1646 Epiphanius
1345 1573 1401 1628 in
1431 1571 1527 1629 lib.
1554 1572 1623 1631 de
1651 1574 1923 1631 Trinitate
1953 1589 1968 1628 τ
2000 1593 2027 1625 α
2060 1573 2309 1650 Deus-ex
2349 1574 2466 1631 Deo

460 1658 621 1720 Patre
647 1669 702 1720 et
729 1660 868 1719 Filio
897 1668 981 1719 est
1007 1661 1245 1736 Spiritus
1272 1668 1516 1719 sanctus.
1554 1681 1579 1714 n

939 1851 1120 1928 Quod
1145 1855 1236 1916 ost
1257 1851 1330 1915 ab
1359 1856 1615 1934 utroque
1642 1851 1715 1914 ab
1738 1826 1983 1915 oe'como.

527 1992 582 2053 Si
605 2010 737 2052 vero
765 1995 914 2052 dicat
942 1995 1160 2068 aliquiS‚
1180 1995 1325 2069 quod
1348 1993 1586 2068 Spiritus
1603 2000 1829 2052 sanctus
1852 2009 1971 2052 esse
1996 2011 2031 2052 a
2054 1996 2218 2053 Patre
2246 2003 2302 2052 et
2326 1996 2466 2054 Filio

457 2083 678 2153 dicitur,
705 2091 968 2156 tanquam
997 2084 1068 2142 ab
1095 2086 1176 2141 eis
1206 2084 1580 2157 temporaliter
1608 2085 1772 2141 datus
1811 2091 1867 2140 et
1898 2084 2121 2152 missus,
2153 2091 2211 2140 et
2252 2099 2356 2142 non
2395 2085 2472 2142 ab

361 2216 367 2221 .
456 2181 664 2230 aeterno
687 2174 758 2232 ab
784 2174 865 2230 eis
887 2174 1148 2241 existens,
1164 2189 1260 2242 per
1287 2175 1573 2246 sequentia
1600 2172 1908 2230 ostenditur
1932 2189 2051 2229 esse
2081 2173 2299 2230 salsum.
2319 2174 2469 2230 Dicit

458 2261 604 2318 enim
632 2263 776 2320 idem
799 2263 1134 2337 Epiphanius
1159 2264 1213 2319 in
1244 2263 1337 2320 lib.
1365 2261 1435 2320 de
1461 2263 1715 2319 Vestibus
1736 2262 2009 2336 pellicinis
2038 2264 2174 2320 Adae
2201 2270 2256 2319 et
2281 2263 2417 2321 Evae
2450 2282 2465 2318 ε

461 2372 488 2405 α
518 2352 671 2410 Sicut
697 2352 834 2410 dicit
859 2353 1126 2420 Christus,
1156 2353 1410 2428 Spiritus⁴
1434 2352 1687 2408 veritatis
1714 2353 1809 2424 qui
1850 2367 1882 2407 a
1924 2353 2086 2410 Patre
2131 2352 2398 2424 procedit.
2436 2373 2465 2407 n

461 2440 536 2495 ita
569 2446 627 2495 et
673 2459 699 2492 α
745 2439 816 2496 de
855 2455 973 2497 meo
1017 2440 1270 2512 accipiet.
1316 2459 1342 2492 n
1373 2440 1514 2496 Ecce
1560 2455 1629 2496 ex
1658 2440 1927 2498 ambobus
1970 2441 2193 2498 duorum
2237 2454 2464 2514 semper

457 2527 684 2600 spiritus
721 2527 929 2586 existit.
973 2527 1124 2586 Idem
1166 2526 1302 2585 dicit
1343 2528 1400 2584 in
1439 2541 1689 2584 sermone
1724 2529 1793 2585 de
1830 2529 2203 2587 lncarnatione
2236 2528 2404 2587 Verbi
2438 2544 2458 2588 t

461 2636 487 2669 t<
534 2616 696 2674 Pater
721 2616 994 2691 siquidem
1019 2623 1139 2674 erat
1183 2630 1417 2690 semper,
1450 2624 1507 2674 et
1530 2616 1699 2677 Filius
1726 2626 1846 2676 erat
1875 2634 2111 2692 semper,
2142 2625 2199 2674 et
2226 2619 2467 2692 Spiritus

458 2711 680 2762 sanc-tus
726 2722 758 2762 a
804 2708 964 2764 Patre
1005 2713 1062 2764 et
1100 2705 1237 2765 Filio
1279 2715 1400 2763 erat
1446 2722 1680 2781 semper.
1711 2704 1811 2764 Est
1846 2722 1991 2784 ergo,
2019 2707 2353 2767 aeternaliter
2394 2709 2467 2767 ab

457 2801 710 2868 utroque.
747 2813 774 2847 n

665 2975 841 3049 Quod
864 2974 1143 3068 Spiritus
1167 2979 1415 3038 sanctus
1441 2975 1527 3038 sit
1554 2975 1825 3039 Persona
1852 2975 1923 3039 do
1947 2975 2258 3041 Personis.

528 3114 664 3169 ltem
713 3131 778 3169 ex
817 3113 1237 3171 auctoritatibus
1273 3115 1663 3188 praedictorum
1700 3117 1995 3172 Doctorum
2032 3115 2284 3184 habetur,
2313 3119 2465 3192 quod

457 3202 692 3274 Spiritus
736 3210 958 3258 sanctus
1004 3203 1076 3258 sit
1123 3219 1352 3276 persona
1392 3205 1463 3260 de
1502 3205 1748 3277 personis
1795 3205 1979 3262 Patris*
2027 3211 2082 3260 et
2120 3204 2266 3264 Filii.
2316 3206 2466 3263 Dicit

458 3288 603 3342 enim
616 3287 877 3362 Albanas.
899 3289 955 3343 in
975 3303 1222 3346 sermone
1233 3291 1441 3346 Nicaeni
1464 3290 1679 3347 concilii
1699 3309 1753 3364 ³⁴«
1771 3292 2009 3348 Damnat
2025 3301 2200 3348 mater
2216 3291 2467 3350 Ecclesia

458 3373 546 3430 hic
590 3383 938 3448 congregata,
977 3377 1360 3436 adinventores
1397 3379 1559 3452 hujus
1599 3381 1894 3454 haereseos,
1926 3400 1953 3434 a
1984 3380 2195 3437 scilieet
2223 3382 2466 3438 Ariano-

459 3477 598 3530 rum‚
629 3483 655 3516 α
689 3470 743 3520 et
769 3463 1032 3537 Spiritum
1057 3474 1304 3522 sanetum
1331 3467 1654 3534 increatum,
1683 3468 1855 3524 Deum
1889 3483 2099 3535 verum,
2120 3465 2465 3542 hypostasim

458 3548 527 3604 de
553 3552 726 3608 Patris
753 3562 808 3609 et
833 3552 951 3610 Filii
985 3553 1386 3628 hypostasibus
1419 3557 1628 3613 eisdem
1650 3556 2411 3624 coessentialem-confitetur,
2431 3575 2462 3610 ι

459 3643 514 3692 et
549 3639 880 3714 Epiphanius
925 3641 1060 3701 dicit
1101 3643 1156 3699 in
1198 3643 1293 3701 lib.
1319 3645 1610 3702 Anchorali
1646 3663 1659 3701 ε
1693 3667 1719 3700 α
1748 3647 1987 3720 Spiritus
2028 3653 2255 3703 sanctus
2297 3645 2357 3703 in
2398 3661 2464 3704 se

458 3723 768 3795 hypostasis
787 3746 917 3786 vera
950 3746 1052 3787 non
1083 3731 1189 3789 alia
1221 3748 1254 3790 3
1284 3731 1443 3792 Patre
1472 3742 1528 3791 et
1552 3734 1688 3802 Filio
1714 3735 1974 3803 essentia,
2007 3747 2107 3792 nec
2130 3733 2329 3796 aliena.
2358 3734 2463 3792 sed

460 3813 702 3883 ejusdem
739 3819 990 3878 essentiae
1023 3823 1291 3880 veraciter
1317 3823 1562 3882 existens
1594 3842 1607 3879 :
1639 3824 1952 3899 hypostasis
1975 3839 2104 3882 vero
2149 3839 2245 3896 per
2288 3839 2350 3879 se
2388 3837 2463 3882 ex

461 3897 843 3971 hypostasibus
865 3908 1040 3988 Patris
1065 3917 1122 3968 et
1145 3910 1286 3969 Filii.
1320 3929 1348 3968 »
1375 3913 1496 3992 Non
1519 3929 1651 3988 ergo
1676 3913 1851 3972 solum
1879 3921 1966 3972 est
1988 3929 2022 3972 a
2053 3913 2215 3976 Patre
2236 3918 2297 3970 ot
2318 3911 2461 3972 Filio
