2850 4517
594 342 681 384 ιν.
708 343 893 386 —na
936 342 1355 389 memoriosis
1400 342 1568 389 vrrAE
1621 341 1996 391 srim'ruAms
2096 402 2099 405 ¹
2187 331 2304 391 335

279 455 527 511 dormire
555 463 778 529 :potest
804 457 915 513 lieri
950 467 1009 514 ut
1038 476 1125 515 me
1164 476 1274 516 non
1318 462 1587 530 mordeat,
1624 470 1806 519 tamen
1852 458 2036 536 potest
2078 463 2195 519 fieri
2243 468 2304 519 ut

280 544 583 616 aliquando
599 560 685 601 me
704 546 1017 602 mordeat».
1033 547 1190 616 Quod
1210 564 1341 621 ergo
1360 551 1562 624 aliquis
1591 552 1830 623 pericula
1851 551 2064 622 peccati
2091 544 2304 609 evitans

277 632 565 704 religionis
606 638 815 689 statum
860 642 1125 703 assumat,
1155 638 1462 709 prudentiae
1499 645 1605 695 εει.
1638 639 1795 708 Quod
1836 656 1966 696 vero
2004 648 2196 713 sponte
2232 640 2304 696 ad

279 719 625 793 praelationis
653 727 861 777 statum
883 723 1106 795 aspiret,
1128 724 1214 779 vel
1240 725 1423 782 nimiae
1452 727 1892 800 praesumptionis
1913 736 2018 795 est,
2037 728 2082 783 si
2109 744 2166 784 se
2189 736 2302 785 tam

278 808 480 865 sortem
508 809 786 867 existimet
820 826 959 877 esse,
989 820 1050 867 ut
1078 812 1220 868 inter
1263 814 1506 887 pericula
1548 816 1720 888 possit
1765 832 1986 874 manere
2031 832 2299 873 securus:

278 896 365 950 vel
394 897 617 953 omnino
646 914 761 955 suae
790 898 986 955 salutis
1023 915 1213 957 curam
1235 916 1343 957 non
1373 902 1600 971 habenS,
1628 903 1674 960 si
1706 911 1934 976 peccata
1975 904 2152 962 vitare
2193 920 2302 961 non

278 992 460 1042 curat.
483 986 563 1041 Ex
588 986 675 1043 his
702 1004 832 1059 ergo
860 996 1088 1060 apparet
1128 990 1274 1062 quod
1302 991 1638 1062 praelationis
1678 994 1995 1059 statu5,etsi
2025 981 2300 1065 perfectus

277 1074 371 1143 sit,
407 1082 593 1131 tamen
618 1074 828 1149 absque
850 1075 988 1133 vitio
1017 1079 1482 1152 concupiscentiae
1512 1081 1698 1153 appeti
1729 1096 1834 1137 non
1859 1086 2059 1154 potest.

1038 1248 1320 1318 CAPUT
1382 1253 1543 1321 XX.

279 1391 579 1457 Rationes
607 1392 1005 1472 quorumdam
1032 1392 1142 1473 qui
1180 1398 1450 1457 astruere
1496 1398 1814 1468 conantur,
1846 1396 2009 1476 quod
2034 1395 2300 1475 Presby-

366 1480 483 1542 teri
506 1481 731 1556 curati,
760 1486 816 1543 et
839 1479 1277 1543 Archidiaeoni
1297 1488 1442 1545 sunt
1465 1484 1532 1546 in
1553 1488 1724 1546 statu
1741 1484 2094 1563 perfectiori
2116 1487 2298 1565 quam

362 1569 662 1649 reliqiosi,
694 1574 753 1631 et
778 1586 985 1633 earum
1012 1569 1360 1635 solutiones.
1579 1572 1582 1577 ’

350 1702 491 1757 Sunt
522 1708 703 1758 autem
726 1703 951 1776 quidam
981 1703 1209 1776 quinon
1249 1702 1425 1761 solum
1467 1704 1861 1779 Episcoporum
1899 1711 2104 1762 statum
2147 1723 2297 1779 prae-

278 1791 425 1847 ferre
473 1791 852 1863 religiosorum
902 1792 1069 1849 statui
1118 1798 1245 1850 sunt
1290 1794 1558 1860 contenti,
1589 1794 1687 1850 sed
1728 1799 1784 1850 et
1829 1795 2196 1863 Decanorum,
2239 1803 2292 1850 et

278 1880 661 1948 Plebanorum,
692 1888 751 1938 et
772 1882 1317 1949 Archidiaconorum,
1350 1889 1407 1937 et
1444 1898 1916 1955 quorumcumque
1953 1898 2143 1939 curam
2191 1883 2294 1939 ha-

279 1968 528 2025 bentium
570 1971 897 2027 animarum.
930 1970 1086 2041 Quod
1134 1971 1511 2043 multipliciter
1544 1986 1791 2027 asserere
1828 1976 2118 2026 conantur.
2147 1972 2296 2028 Dicit

279 2058 429 2113 enim
453 2058 875 2132 chrysostomus
902 2060 957 2116 in
972 2075 1035 2116 v¹
1065 2058 1202 2115 libro
1223 2060 1305 2116 sui
1328 2057 1528 2130 dialogi
1551 2076 1563 2113 :
1591 2079 1617 2111 α
1635 2060 1692 2117 Si
1710 2058 1951 2131 aliquem
1970 2060 2102 2116 mihi
2129 2059 2294 2115 talem

278 2146 525 2204 adducas
568 2148 913 2214 monachum,
942 2148 1123 2222 qualis
1158 2154 1211 2203 et
1236 2149 1540 2205 secundum
1585 2148 2063 2220 exaggerationem
2091 2148 2292 2215 dicam,

275 2232 385 2291 fuit
414 2234 583 2303 Elias,
616 2243 795 2291 tamen
838 2237 1104 2311 quamdiu
1144 2236 1295 2293 solus
1335 2244 1440 2295 est.
1473 2236 1521 2293 si
1563 2252 1670 2293 non
1711 2236 2083 2309 perturbatur,
2115 2253 2293 2310 neque

276 2322 529 2395 graviter
552 2330 761 2395 peccat,
790 2328 991 2399 quippe
1018 2342 1125 2382 non
1161 2326 1325 2382 habet
1354 2325 1554 2399 quibus
1581 2324 1893 2381 stimuletur
1917 2331 2084 2398 atque
2130 2340 2297 2381 exas-

275 2421 666 2487 pereturnion
694 2419 879 2470 tamen
907 2414 983 2470 illi
1014 2415 1415 2487 comparandus
1441 2422 1546 2486 est,
1575 2416 1668 2488 qui
1715 2414 1952 2471 traditus
1978 2414 2212 2487 populiS‚
2240 2427 2298 2471 et

278 2502 577 2558 multorum
623 2502 766 2559 ferre
811 2511 1039 2576 peccata
1090 2504 1422 2577 compulsus,
1473 2504 1770 2561 immobilis
1815 2505 2190 2577 perseveravit
2240 2509 2297 2559 et

277 2591 440 2650 sortis
460 2612 508 2646 ».
522 2592 605 2647 Ex
631 2607 740 2665 quo
759 2592 1048 2649 manifeste
1060 2594 1300 2663 videtur,
1315 2594 1462 2668 quod
1478 2593 1779 2651 monachus
1793 2599 2298 2667 quantumcumque

276 2680 575 2754 perlectus,
602 2681 884 2755 adaequari
923 2698 1029 2739 non
1056 2682 1229 2755 possit
1264 2684 1591 2755 cuicumque
1621 2696 1826 2737 curam·
1847 2682 2154 2737 animarum
2190 2681 2300 2738 ha-

276 2770 455 2837 benti,
482 2770 529 2824 si
555 2786 681 2826 eam
702 2768 839 2826 bene
861 2778 1137 2828 exerceat.
1163 2761 1375 2836 Adhuc,
1394 2769 1597 2825 ibidem
1624 2767 1972 2841 postmodum
2005 2769 2293 2825 subditur:

280 2879 309 2912 α
332 2859 390 2916 Si
419 2858 543 2932 quis
575 2858 708 2915 mihi
737 2869 1065 2932 proponeret
1096 2859 1373 2931 optionem
1402 2857 1492 2913 ubi
1521 2857 1738 2913 mallem
1768 2856 2001 2929 placere,
2033 2860 2091 2913 in
2116 2857 2295 2915 officio

277 2946 633 3018 sacerdotali,
660 2964 730 3004 an
759 2948 819 3004 in
843 2948 1139 3005 solitudine
1171 2946 1579 3012 monachorum,
1612 2946 1728 3003 sine
1758 2947 2168 3018 comparatione
2193 2947 2296 3003 eli-

277 3022 479 3109 geram⁸
498 3036 634 3096 illud
661 3036 808 3110 quod
836 3037 991 3111 prius
1009 3037 1118 3092 dixi
1144 3054 1192 3092 ».
1214 3034 1720 3107 incomparabiliter
1745 3033 1913 3105 igitur
1927 3034 2297 3107 praeferendus

276 3135 366 3184 εει
408 3133 589 3183 status
630 3144 821 3184 curam
850 3127 1165 3183 'animarum
1212 3124 1551 3191 habentium,
1577 3139 1744 3198 quam
1791 3122 1978 3179 vivere
2019 3124 2187 3181 etiam
2234 3122 2295 3181 in

276 3214 577 3273 solitudine
604 3216 1015 3282 monachorum,
1038 3215 1184 3289 quod
1214 3230 1389 3286 genus
1412 3212 1692 3283 religionis
1714 3210 2173 3284 perfectissimum
2201 3227 2298 3267 re·-

276 3311 526 3379 putatur.
554 3305 711 3371 Item,
738 3305 1080 3377 Augustinus
1107 3303 1243 3360 dicit
1266 3305 1320 3359 in
1348 3302 1591 3374 Epistola
1617 3300 1688 3357 ad
1703 3299 1981 3356 Valerium
2005 3317 2064 3354 z«
2078 3302 2296 3371 Cogitet

277 3392 539 3466 religiosa
567 3393 861 3468 prudentia
884 3402 979 3451 tua
1006 3392 1139 3449 nihil
1169 3409 1288 3448 esse
1312 3393 1367 3447 in
1391 3391 1496 3448 hac
1516 3391 1650 3457 vita,
1678 3398 1735 3445 ει
1762 3387 1996 3445 maxime
2019 3388 2124 3444 hoc
2148 3393 2298 3443 tem-

276 3497 432 3557 pore,
466 3481 681 3539 facilius
709 3491 766 3539 et
790 3483 987 3553 levius,
1018 3491 1073 3539 ει
1102 3481 1412 3537 hominibus
1453 3478 1844 3552 acceptabilius
1890 3476 2166 3550 Episcopi,
2199 3480 2296 3534 aut

278 3571 617 3644 Presbyteri,
646 3579 743 3628 aut
776 3571 1003 3629 Draconi
1044 3569 1243 3635 officio,
1271 3568 1319 3625 si
1367 3569 1734 3641 perfunctorie
1775 3560 1941 3640 atque
1989 3564 2296 3623 adulatorie

278 3675 371 3717 res
394 3665 589 3731 agatur
606 3678 621 3717 ε
640 3661 737 3719 sed
763 3660 895 3717 nihil
921 3659 1065 3734 apud
1091 3660 1265 3715 Deum
1292 3657 1677 3723 miserabilius,
1708 3663 1765 3713 et
1790 3655 2021 3721 tristitie,
2051 3661 2106 3709 et
2134 3655 2297 3713 dam-

276 3747 517 3806 nabilius
542 3768 592 3803 ».
621 3750 779 3815 Item,
809 3748 941 3805 nihil
971 3754 1055 3805 est
1084 3748 1137 3803 in
1162 3746 1269 3803 hac
1295 3748 1430 3813 vita,
1463 3748 1698 3804 maxime
1726 3745 1829 3803 hoc
1855 3752 2118 3816 tempore,
2145 3741 2298 3799 diffi-

273 3836 459 3901 cilius,
482 3843 541 3895 et
562 3836 908 3906 laboriosius,
934 3845 995 3895 et
1026 3836 1383 3911 periculosius
1411 3836 1688 3909 Episcopi,
1719 3842 1816 3893 aut
1839 3833 2171 3907 Presbyteri,
2198 3834 2296 3889 aut

276 3927 511 3989 Diaconi
541 3927 722 3987 officio
751 3945 766 3985 z
798 3927 896 3988 sed
924 3927 1072 4003 apud
1095 3917 1271 3986 Deum
1299 3923 1430 3985 nihil
1467 3924 1704 3995 beatiuS,
1729 3924 1776 3983 si
1805 3940 1870 3983 eo
1896 3920 2058 3983 modo
2084 3919 2296 3980 milite-
