2850 4517
486 324 593 402 ’δ’δ’
985 350 1040 399 s.
1081 350 1325 403 mona.
1346 346 1679 401 aeonum
1718 349 2030 397 oruscuu

1137 499 1184 517 ²
1233 548 1519 619 CAPUT
1562 550 1770 619 xcn„

964 690 1205 759 Salutio
1236 692 1547 791 rationum
1562 692 2037 785 premis-earum.

575 826 663 887 Ad
689 824 996 899 hujusmodi
1021 824 1188 896 igitur
1210 821 1581 879 dubitationes
1601 820 1887 889 tollendas,
1917 820 2373 879 considerandum
2396 829 2501 891 est,

505 916 673 992 quod,
700 915 843 972 sicut
871 914 927 970 in
968 911 1212 969 numeris
1235 911 1449 984 species
1482 910 1919 967 diversificantur
1948 909 2174 984 per-hoc
2210 912 2351 985 quod
2372 928 2505 969 -una

505 1021 694 1063 earum
735 1019 900 1076 super
939 1000 1168 1057 alteram
1197 998 1369 1065 addit,
1400 998 1479 1054 ita
1509 998 1673 1055 etiam
1703 998 1758 1054 in
1808 997 1973 1055 rebus
2000 1000 2371 1058 materialibus
2396 1017 2505 1059 una

505 1079 918 1168 speeies'aliam
955 1088 1009 1144 in
1039 1086 1373 1161 perfectione
1397 1087 1633 1143 excedit.
1676 1086 1945 1159 Quicquid
1975 1088 2119 1143 enim
2158 1087 2504 1161 perfectionis

505 1188 591 1240 est
633 1184 689 1237 in
725 1176 1043 1251 corporibus
1069 1175 1400 1242 inanimam,
1432 1175 1537 1232 hoc
1568 1173 1769 1231 habent
1808 1175 2030 1249 plantae,
2076 1183 2133 1231 et
2162 1176 2341 1233 adhuc
2384 1194 2507 1236 am·

503 1272 668 1346 plius.
700 1270 767 1325 Et
797 1281 1001 1335 rursus,
1034 1264 1180 1338 quod
1208 1264 1407 1321 habent
1436 1262 1653 1337 plantae,
1681 1261 1885 1320 habent
1912 1263 2187 1331 animalia,
2214 1270 2271 1321 et
2298 1265 2507 1339 aliquid
2535 1310 2542 1317 .

503 1360 669 1433 plus:
702 1362 759 1413 et
800 1355 883 1411 sic
917 1369 1201 1428 quousque
1237 1352 1490 1409 veniatur
1516 1352 1583 1408 ad
1614 1352 1906 1418 hominem,
1935 1353 2028 1426 qui
2061 1359 2143 1409 est
2170 1354 2508 1428 perfectissi-

506 1462 630 1503 mus
645 1447 786 1501 inter
803 1449 1085 1500 creaturas
1099 1456 1408 1513 corporeas,
1436 1441 1608 1499 Omne
1628 1447 1813 1499 autem
1828 1441 1973 1515 quod
1999 1446 2083 1497 est
2104 1442 2503 1515 imperfectum,

506 1552 568 1595 se
593 1533 760 1599 habet
787 1539 848 1588 ut
883 1531 1113 1589 materia
1151 1538 1402 1603 respectu
1447 1529 1805 1604 perfectioriS,
1848 1534 1905 1585 et
1932 1528 2035 1587 hoo
2060 1530 2283 1605 quidem
2331 1532 2389 1589 in
2415 1533 2510 1590 di-

505 1624 681 1681 versis
705 1620 1050 1680 manifestum
1079 1624 1184 1676 est.
1224 1618 1364 1675 Nam
1388 1618 1655 1679 elementa
1691 1625 1819 1673 sunt
1844 1618 2073 1675 materia
2101 1634 2388 1693 corporum
2424 1622 2508 1679 si·-

505 1709 996 1783 miliumpartium
1041 1726 1056 1763 t
1105 1713 1162 1764 et
1202 1722 1392 1763 rursus
1450 1721 1679 1778 corpora
1725 1705 1986 1784 similium
2030 1722 2319 1781 corporum
2378 1716 2507 1766 sunt

506 1797 813 1860 materialia
839 1790 1087 1871 respectu
1112 1794 1448 1862 animalium,
1475 1800 1531 1850 et
1554 1793 1807 1850 similiter
1830 1794 1884 1851 in
1941 1811 2047 1852 uno
2070 1801 2128 1851 et
2151 1796 2341 1854 eodem
2371 1813 2507 1854 oon-

506 1887 857 1949 siderandum
883 1893 994 1951 est,
1020 1885 1178 1957 Quod
1205 1883 1350 1941 enim
1375 1885 1429 1940 in
1452 1882 1617 1940 rebus
1644 1882 1983 1940 naturalibus
2001 1884 2069 1940 ad
2098 1884 2346 1942 altiorem
2375 1902 2505 1958 gra·-

507 1978 637 2036 dum
687 1974 1036 2049 perfectionis
1079 1973 1328 2045 attingit,
1380 1988 1477 2045 per
1530 1986 1686 2028 suam
1746 1970 1978 2027 formam
2031 1971 2207 2031 habet,
2244 1974 2505 2046 quicquid

503 2064 856 2139 perfectionis
881 2063 1138 2121 convenit
1182 2060 1424 2118 inferiori
1454 2065 1665 2119 naturae
1697 2076 1711 2115 ι
1760 2069 1815 2116 ει
1850 2076 1946 2133 per
1974 2060 2219 2117 eamdem
2246 2062 2407 2118 habet
2451 2062 2505 2118 id

508 2155 656 2229 quod
697 2154 875 2210 eidem
903 2152 971 2208 de
1014 2150 1344 2224 perfectione
1381 2148 1786 2221 superadditur,
1828 2149 1975 2205 sicut
2001 2149 2188 2223 planta
2229 2166 2323 2223 per
2350 2166 2507 2207 suam

509 2243 748 2300 animam
775 2239 956 2319 habet.
980 2239 1127 2311 quod
1155 2238 1228 2293 sit
1254 2235 1579 2303 substantia,
1613 2242 1670 2292 et
1696 2237 1841 2310 quod
1868 2238 1941 2294 sit
1966 2253 2246 2312 corporea,
2278 2246 2336 2295 et
2363 2239 2507 2297 ulte·

507 2331 623 2387 rius
651 2327 796 2402 quod
821 2328 894 2383 sit
918 2326 1220 2382 animatum
1244 2339 1461 2397 corpuS.
1493 2325 1708 2382 Animal
1750 2332 1933 2383 autem
1960 2344 2057 2399 per
2078 2344 2235 2385 suam
2268 2329 2505 2385 animam

507 2416 676 2476 habet
699 2415 818 2472 haec
841 2413 1042 2481 omnia,
1073 2419 1129 2469 et
1155 2413 1315 2481 ultra,
1347 2413 1491 2487 quod
1520 2415 1593 2472 sit
1622 2414 1861 2473 sentiens
1890 2431 1903 2471 ι
1948 2416 2109 2473 Ιιοιιιο
2132 2424 2317 2473 ιιιιιειιι
2346 2434 2508 2491 super

508 2507 628 2575 haec
655 2505 838 2574 omnia
860 2502 1023 2559 habet
1048 2519 1143 2575 per
1165 2519 1321 2560 suam
1347 2504 1605 2575 animam,
1635 2504 1779 2578 quod
1804 2504 1877 2563 sit
1904 2504 2229 2577 intelligens.
2256 2507 2311 2563 Si
2342 2506 2507 2578 igitur

507 2594 566 2651 in
604 2592 876 2665 realiqua
903 2591 1277 2648 consideretur
1305 2590 1360 2647 id
1387 2592 1533 2669 quod
1563 2593 1632 2649 ad
1675 2592 1948 2648 inferioris
1972 2594 2175 2665 gradus
2214 2593 2508 2667 perfectio-

511 2698 635 2739 nem
666 2682 918 2755 pertinet,
955 2678 1063 2735 erit
1091 2679 1370 2737 materiale
1397 2687 1649 2752 respectu
1675 2682 1791 2753 ejus
1818 2681 1963 2754 q‘uod
2004 2683 2240 2754 pertinet
2280 2682 2347 2740 ad
2378 2698 2507 2755 per-

510 2771 800 2840 fectionem
849 2765 1146 2841 superioris
1189 2767 1409 2839 gradus,
1454 2776 1606 2841 puta,
1660 2768 1708 2823 si
1744 2768 2117 2825 consideretur
2160 2770 2215 2825 in
2260 2769 2505 2839 animali,

510 2856 658 2934 quod
684 2857 848 2915 habet
896 2856 1064 2912 vitam
1106 2855 1324 2931 plantae,
1369 2854 1475 2913 hoo
1519 2862 1603 2913 est
1647 2857 2047 2930 quodammodo
2076 2858 2355 2916 materiale
2386 2874 2509 2915 res·

507 2955 669 3023 pectu
711 2948 830 3020 eJus
869 2945 1016 3020 quod
1060 2946 1292 3018 pertinet
1337 2944 1408 3002 ad
1438 2945 1609 3001 vitam
1648 2946 1982 3009 sensitivam,
2016 2961 2140 3017 quae
2168 2951 2253 3002 est
2289 2947 2509 3020 propria

509 3035 730 3094 animali
763 3053 776 3090 ε
803 3051 973 3106 genus
1000 3042 1184 3090 autem
1212 3048 1319 3089 non
1343 3038 1427 3089 est
1453 3031 1699 3097 materia,
1719 3048 1845 3088 nam
1870 3033 2257 3105 praedicaretur
2272 3034 2340 3089 de
2366 3041 2503 3104 toto,

509 3126 604 3185 sed
634 3130 718 3181 ost
741 3121 946 3195 aliquid
974 3138 1006 3178 a
1034 3119 1264 3178 materia
1291 3127 1570 3191 sumptum
1614 3134 1629 3175 τ
1660 3119 2026 3177 denominatio
2053 3122 2198 3177 enim
2228 3123 2305 3177 rei
2342 3122 2411 3177 ab
2438 3137 2507 3178 eo

509 3210 658 3287 quod
681 3221 764 3269 est
784 3208 1066 3268 materiale
1094 3209 1146 3263 in
1167 3208 1304 3280 ipsa,
1336 3215 1420 3264 est
1447 3203 1625 3279 genus
1645 3208 1781 3280 ejuS,
1810 3215 1865 3264 ει
1884 3225 1981 3282 per
2004 3209 2255 3266 eumdem
2284 3210 2506 3267 modum

407 3328 414 3339 ·
510 3300 816 3357 differentia
842 3298 1075 3355 sumitur
1105 3312 1137 3354 a
1183 3296 1376 3351 forma.
1415 3294 1484 3350 Et
1531 3304 1748 3367 propter
1790 3295 1893 3353 hoc
1933 3312 2131 3371 corpus
2159 3298 2363 3367 vivum,
2407 3316 2505 3357 seu

510 3390 828 3454 animatum,
864 3393 948 3443 est
976 3399 1146 3458 genus
1195 3381 1464 3449 animalis,
1492 3382 1745 3441 sensibile
1788 3391 1971 3441 autem
2010 3385 2315 3459 differentia
2342 3402 2507 3445 cons-

510 3478 734 3536 titutiva
763 3475 951 3548 ipsiuS,
986 3478 1040 3529 et
1068 3470 1316 3529 similiter
1340 3471 1541 3528 animal
1572 3479 1655 3527 est
1680 3488 1849 3544 genus
1880 3473 2129 3543 hominis,
2156 3480 2213 3533 et
2240 3477 2509 3535 rationale

510 3564 817 3624 differentia
851 3561 1206 3619 constitutiva
1232 3560 1368 3633 ejus.
1412 3559 1551 3629 Quia
1590 3559 1757 3631 igitur
1784 3560 1957 3619 forma
1986 3565 2281 3637 superioris
2302 3566 2509 3639 gradus

507 3651 674 3728 habet
716 3652 806 3708 in..
823 3667 883 3708 se
927 3662 1114 3707 omnes
1155 3648 1517 3725 perfectiones
1545 3648 1813 3705 inferioris
1854 3650 2073 3727 gradus,
2124 3667 2229 3709 non
2271 3661 2356 3711 est
2398 3652 2509 3711 alia

507 3720 682 3799 forma
711 3738 1009 3798 secundum
1051 3752 1186 3804 rem,
1235 3751 1269 3793 a
1308 3752 1418 3809 qua
1458 3736 1692 3793 sumitur
1730 3753 1919 3808 genus,
1950 3745 2008 3795 et
2048 3756 2079 3796 a
2124 3755 2234 3813 qua
2271 3740 2509 3799 sumitur

507 3828 832 3895 differentia,
865 3825 959 3883 sed
1005 3824 1076 3883 ab
1103 3816 1294 3882 eade'm
1321 3816 1497 3881 forma
1532 3825 1829 3883 secundum
1870 3828 2014 3899 quod
2044 3827 2208 3885 habet
2236 3828 2513 3886 inferioris

506 3915 709 3989 gradus
739 3913 1145 3990 perfectionem,
1176 3914 1409 3972 sumitur
1437 3929 1654 3997 genus.
1684 3914 1983 4016 secundum
2010 3934 2140 3977 vero
2166 3917 2312 3992 quod
2342 3916 2511 3975 habet
2589 3948 2595 3955 ·
