<?xml version="1.0" encoding="UTF-8"?>
<!DOCTYPE html PUBLIC "-//W3C//DTD XHTML 1.0 Transitional//EN"
    "http://www.w3.org/TR/xhtml1/DTD/xhtml1-transitional.dtd">
<html xmlns="http://www.w3.org/1999/xhtml" xml:lang="en" lang="en">
 <head>
  <title>
</title>
<meta http-equiv="Content-Type" content="text/html;charset=utf-8" />
  <meta name='ocr-system' content='tesseract 3.04.00' />
  <meta name='ocr-capabilities' content='ocr_page ocr_carea ocr_par ocr_line ocrx_word'/>
</head>
<body>
  <div class='ocr_page' id='page_1' title='image "./sthomaquinatisd02thomgoog_0252.png"; bbox 0 0 2850 4517; ppageno 0'>
   <div class='ocr_carea' id='block_1_1' title="bbox 490 295 2016 358">
    <p class='ocr_par' dir='ltr' id='par_1_1' title="bbox 490 295 2016 358">
     <span class='ocr_line' id='line_1_1' title="bbox 490 295 2016 358; baseline -0.003 -1"><span class='ocrx_word' id='word_1_1' title='bbox 490 295 609 357; x_wconf 81' lang='lat'>238</span> <span class='ocrx_word' id='word_1_2' title='bbox 964 311 1015 355; x_wconf 83' lang='lat' dir='ltr'>s.</span> <span class='ocrx_word' id='word_1_3' title='bbox 1061 308 1295 353; x_wconf 49' lang='lat' dir='ltr'>raonis</span> <span class='ocrx_word' id='word_1_4' title='bbox 1336 308 1663 358; x_wconf 70' lang='lat' dir='ltr'>Aoumms</span> <span class='ocrx_word' id='word_1_5' title='bbox 1704 306 2016 353; x_wconf 67' lang='lat' dir='ltr'>croscum</span> 
     </span>
    </p>
   </div>
   <div class='ocr_carea' id='block_1_2' title="bbox 488 421 2500 945">
    <p class='ocr_par' dir='ltr' id='par_1_2' title="bbox 488 421 2500 945">
     <span class='ocr_line' id='line_1_2' title="bbox 490 421 2495 502; baseline -0.003 -17"><span class='ocrx_word' id='word_1_6' title='bbox 490 443 588 501; x_wconf 84' lang='lat' dir='ltr'>per</span> <span class='ocrx_word' id='word_1_7' title='bbox 611 442 777 502; x_wconf 87' lang='lat' dir='ltr'>quam</span> <span class='ocrx_word' id='word_1_8' title='bbox 802 426 965 484; x_wconf 89' lang='lat' dir='ltr'>homo</span> <span class='ocrx_word' id='word_1_9' title='bbox 993 426 1172 484; x_wconf 77' lang='lat' dir='ltr'>factus</span> <span class='ocrx_word' id='word_1_10' title='bbox 1199 432 1285 484; x_wconf 84' lang='lat' dir='ltr'>est</span> <span class='ocrx_word' id='word_1_11' title='bbox 1312 442 1430 485; x_wconf 84' lang='lat' dir='ltr'>suae</span> <span class='ocrx_word' id='word_1_12' title='bbox 1453 424 1755 484; x_wconf 84' lang='lat' dir='ltr'>voluntatis</span> <span class='ocrx_word' id='word_1_13' title='bbox 1783 424 1941 491; x_wconf 84' lang='lat' dir='ltr'>liber,</span> <span class='ocrx_word' id='word_1_14' title='bbox 1967 427 2162 496; x_wconf 85' lang='lat' dir='ltr'>potens</span> <span class='ocrx_word' id='word_1_15' title='bbox 2184 421 2394 483; x_wconf 84' lang='lat' dir='ltr'>bonum</span> <span class='ocrx_word' id='word_1_16' title='bbox 2411 423 2495 481; x_wconf 81' lang='lat' dir='ltr'>vel</span> 
     </span>
     <span class='ocr_line' id='line_1_3' title="bbox 490 510 2496 589; baseline -0.002 -17"><span class='ocrx_word' id='word_1_17' title='bbox 490 516 695 573; x_wconf 92' lang='lat' dir='ltr'>malum</span> <span class='ocrx_word' id='word_1_18' title='bbox 722 514 943 589; x_wconf 78' lang='lat' dir='ltr'>eligere.</span> <span class='ocrx_word' id='word_1_19' title='bbox 973 516 1339 574; x_wconf 78' lang='lat' dir='ltr'>Providentiae</span> <span class='ocrx_word' id='word_1_20' title='bbox 1356 521 1542 573; x_wconf 86' lang='lat' dir='ltr'>autem</span> <span class='ocrx_word' id='word_1_21' title='bbox 1565 520 1655 572; x_wconf 88' lang='lat' dir='ltr'>est</span> <span class='ocrx_word' id='word_1_22' title='bbox 1673 529 1858 570; x_wconf 85' lang='lat' dir='ltr'>rerum</span> <span class='ocrx_word' id='word_1_23' title='bbox 1885 517 2140 569; x_wconf 85' lang='lat' dir='ltr'>naturam</span> <span class='ocrx_word' id='word_1_24' title='bbox 2163 516 2222 567; x_wconf 90' lang='lat' dir='ltr'>et</span> <span class='ocrx_word' id='word_1_25' title='bbox 2249 510 2496 568; x_wconf 85' lang='lat' dir='ltr'>ordinem</span> 
     </span>
     <span class='ocr_line' id='line_1_4' title="bbox 490 599 2498 675; baseline -0.001 -15"><span class='ocrx_word' id='word_1_26' title='bbox 490 619 597 660; x_wconf 87' lang='lat' dir='ltr'>non</span> <span class='ocrx_word' id='word_1_27' title='bbox 641 604 945 673; x_wconf 85' lang='lat' dir='ltr'>destruere,</span> <span class='ocrx_word' id='word_1_28' title='bbox 968 604 1067 662; x_wconf 87' lang='lat' dir='ltr'>sed</span> <span class='ocrx_word' id='word_1_29' title='bbox 1116 603 1351 661; x_wconf 86' lang='lat' dir='ltr'>salvare.</span> <span class='ocrx_word' id='word_1_30' title='bbox 1376 604 1438 659; x_wconf 83' lang='lat' dir='ltr'>ln</span> <span class='ocrx_word' id='word_1_31' title='bbox 1479 603 1584 662; x_wconf 90' lang='lat' dir='ltr'>hoc</span> <span class='ocrx_word' id='word_1_32' title='bbox 1633 618 1764 675; x_wconf 84' lang='lat' dir='ltr'>ergo</span> <span class='ocrx_word' id='word_1_33' title='bbox 1807 601 2046 659; x_wconf 82' lang='lat' dir='ltr'>maxime</span> <span class='ocrx_word' id='word_1_34' title='bbox 2085 599 2184 659; x_wconf 90' lang='lat' dir='ltr'>Dei</span> <span class='ocrx_word' id='word_1_35' title='bbox 2227 600 2498 673; x_wconf 77' lang='lat' dir='ltr'>sapientia</span> 
     </span>
     <span class='ocr_line' id='line_1_5' title="bbox 490 686 2499 766; baseline -0.002 -16"><span class='ocrx_word' id='word_1_36' title='bbox 490 694 763 766; x_wconf 81' lang='lat' dir='ltr'>apparuit,</span> <span class='ocrx_word' id='word_1_37' title='bbox 795 694 943 766; x_wconf 83' lang='lat' dir='ltr'>quod</span> <span class='ocrx_word' id='word_1_38' title='bbox 983 700 1041 749; x_wconf 89' lang='lat' dir='ltr'>et</span> <span class='ocrx_word' id='word_1_39' title='bbox 1079 692 1327 750; x_wconf 84' lang='lat' dir='ltr'>ordinem</span> <span class='ocrx_word' id='word_1_40' title='bbox 1363 707 1548 749; x_wconf 86' lang='lat' dir='ltr'>rerum</span> <span class='ocrx_word' id='word_1_41' title='bbox 1603 690 1848 749; x_wconf 86' lang='lat' dir='ltr'>servavit</span> <span class='ocrx_word' id='word_1_42' title='bbox 1899 697 2012 747; x_wconf 87' lang='lat' dir='ltr'>tam</span> <span class='ocrx_word' id='word_1_43' title='bbox 2041 686 2282 761; x_wconf 79' lang='lat' dir='ltr'>justitiae</span> <span class='ocrx_word' id='word_1_44' title='bbox 2331 702 2499 763; x_wconf 84' lang='lat' dir='ltr'>quam</span> 
     </span>
     <span class='ocr_line' id='line_1_6' title="bbox 490 775 2500 854; baseline -0.005 -11"><span class='ocrx_word' id='word_1_45' title='bbox 490 791 719 851; x_wconf 68' lang='lat' dir='ltr'>natum,</span> <span class='ocrx_word' id='word_1_46' title='bbox 740 790 795 839; x_wconf 89' lang='lat' dir='ltr'>et</span> <span class='ocrx_word' id='word_1_47' title='bbox 824 792 1007 839; x_wconf 87' lang='lat' dir='ltr'>tamen</span> <span class='ocrx_word' id='word_1_48' title='bbox 1032 780 1462 839; x_wconf 72' lang='lat' dir='ltr'>misericorditer</span> <span class='ocrx_word' id='word_1_49' title='bbox 1477 780 1718 854; x_wconf 88' lang='lat' dir='ltr'>providit</span> <span class='ocrx_word' id='word_1_50' title='bbox 1739 778 1946 837; x_wconf 90' lang='lat' dir='ltr'>homini</span> <span class='ocrx_word' id='word_1_51' title='bbox 1966 775 2163 835; x_wconf 89' lang='lat' dir='ltr'>salutis</span> <span class='ocrx_word' id='word_1_52' title='bbox 2191 776 2500 835; x_wconf 88' lang='lat' dir='ltr'>remedium</span> 
     </span>
     <span class='ocr_line' id='line_1_7' title="bbox 488 871 1663 945; baseline 0.002 -20"><span class='ocrx_word' id='word_1_53' title='bbox 488 887 587 945; x_wconf 89' lang='lat' dir='ltr'>per</span> <span class='ocrx_word' id='word_1_54' title='bbox 614 871 735 927; x_wconf 82' lang='lat' dir='ltr'>Filii</span> <span class='ocrx_word' id='word_1_55' title='bbox 758 871 845 928; x_wconf 87' lang='lat' dir='ltr'>sui</span> <span class='ocrx_word' id='word_1_56' title='bbox 874 872 1308 929; x_wconf 79' lang='lat' dir='ltr'>incarnationem</span> <span class='ocrx_word' id='word_1_57' title='bbox 1330 878 1387 928; x_wconf 90' lang='lat' dir='ltr'>et</span> <span class='ocrx_word' id='word_1_58' title='bbox 1404 876 1663 929; x_wconf 87' lang='lat' dir='ltr'>mortem.</span> 
     </span>
    </p>
   </div>
   <div class='ocr_carea' id='block_1_3' title="bbox 1232 1042 1749 1113">
    <p class='ocr_par' dir='ltr' id='par_1_3' title="bbox 1232 1042 1749 1113">
     <span class='ocr_line' id='line_1_8' title="bbox 1232 1042 1749 1113; baseline -0.002 -2"><span class='ocrx_word' id='word_1_59' title='bbox 1232 1042 1517 1111; x_wconf 85' lang='lat' dir='ltr'>CAPUT</span> <span class='ocrx_word' id='word_1_60' title='bbox 1570 1042 1749 1113; x_wconf 90' lang='lat' dir='ltr'><strong>VIII.</strong></span> 
     </span>
    </p>
   </div>
   <div class='ocr_carea' id='block_1_4' title="bbox 756 1180 2246 1353">
    <p class='ocr_par' dir='ltr' id='par_1_4' title="bbox 756 1180 2246 1353">
     <span class='ocr_line' id='line_1_9' title="bbox 756 1180 2246 1264; baseline -0.001 -17"><span class='ocrx_word' id='word_1_61' title='bbox 756 1183 1039 1259; x_wconf 75' lang='lat' dir='ltr'>Qualiter</span> <span class='ocrx_word' id='word_1_62' title='bbox 1054 1183 1486 1264; x_wconf 75' lang='lat' dir='ltr'>accipiendum,</span> <span class='ocrx_word' id='word_1_63' title='bbox 1520 1183 1680 1263; x_wconf 81' lang='lat' dir='ltr'>quod</span> <span class='ocrx_word' id='word_1_64' title='bbox 1703 1182 1908 1260; x_wconf 74' lang='lat' dir='ltr'>fideles</span> <span class='ocrx_word' id='word_1_65' title='bbox 1933 1180 2246 1262; x_wconf 55' lang='lat' dir='ltr'>accipiunt</span> 
     </span>
     <span class='ocr_line' id='line_1_10' title="bbox 1231 1271 1936 1353; baseline -0.013 -16"><span class='ocrx_word' id='word_1_66' title='bbox 1231 1272 1468 1353; x_wconf 75' lang='lat' dir='ltr'>Corpus</span> <span class='ocrx_word' id='word_1_67' title='bbox 1499 1271 1760 1337; x_wconf 71' lang='lat' dir='ltr'>Chresti.</span> <span class='ocrx_word' id='word_1_68' title='bbox 1929 1282 1936 1289; x_wconf 84' lang='lat'>·</span> 
     </span>
    </p>
   </div>
   <div class='ocr_carea' id='block_1_5' title="bbox 493 1402 2496 1655">
    <p class='ocr_par' dir='ltr' id='par_1_5' title="bbox 493 1402 2496 1655">
     <span class='ocr_line' id='line_1_11' title="bbox 564 1402 2496 1478; baseline -0.001 -17"><span class='ocrx_word' id='word_1_69' title='bbox 564 1406 703 1475; x_wconf 86' lang='lat' dir='ltr'>Quia</span> <span class='ocrx_word' id='word_1_70' title='bbox 728 1420 857 1477; x_wconf 84' lang='lat' dir='ltr'>ergo</span> <span class='ocrx_word' id='word_1_71' title='bbox 885 1421 981 1478; x_wconf 90' lang='lat' dir='ltr'>per</span> <span class='ocrx_word' id='word_1_72' title='bbox 1006 1404 1314 1478; x_wconf 81' lang='lat' dir='ltr'>passionem</span> <span class='ocrx_word' id='word_1_73' title='bbox 1338 1411 1394 1462; x_wconf 89' lang='lat' dir='ltr'>et</span> <span class='ocrx_word' id='word_1_74' title='bbox 1420 1411 1654 1463; x_wconf 82' lang='lat' dir='ltr'>mortem</span> <span class='ocrx_word' id='word_1_75' title='bbox 1689 1402 1891 1461; x_wconf 80' lang='lat' dir='ltr'>Christi</span> <span class='ocrx_word' id='word_1_76' title='bbox 1917 1402 2167 1460; x_wconf 86' lang='lat' dir='ltr'>homines</span> <span class='ocrx_word' id='word_1_77' title='bbox 2207 1416 2242 1459; x_wconf 88' lang='lat' dir='ltr'>a</span> <span class='ocrx_word' id='word_1_78' title='bbox 2270 1408 2496 1475; x_wconf 87' lang='lat' dir='ltr'>peccato</span> 
     </span>
     <span class='ocr_line' id='line_1_12' title="bbox 493 1489 2496 1568; baseline -0.001 -19"><span class='ocrx_word' id='word_1_79' title='bbox 493 1502 813 1568; x_wconf 87' lang='lat' dir='ltr'>purgantur,</span> <span class='ocrx_word' id='word_1_80' title='bbox 844 1493 1080 1567; x_wconf 88' lang='lat' dir='ltr'>uthujus</span> <span class='ocrx_word' id='word_1_81' title='bbox 1110 1502 1223 1550; x_wconf 87' lang='lat' dir='ltr'>tam</span> <span class='ocrx_word' id='word_1_82' title='bbox 1246 1493 1500 1551; x_wconf 81' lang='lat' dir='ltr'>immensi</span> <span class='ocrx_word' id='word_1_83' title='bbox 1523 1492 1774 1551; x_wconf 86' lang='lat' dir='ltr'>beneficii</span> <span class='ocrx_word' id='word_1_84' title='bbox 1795 1492 1946 1565; x_wconf 85' lang='lat' dir='ltr'>jugis</span> <span class='ocrx_word' id='word_1_85' title='bbox 1982 1492 2037 1549; x_wconf 88' lang='lat' dir='ltr'>in</span> <span class='ocrx_word' id='word_1_86' title='bbox 2061 1489 2220 1547; x_wconf 81' lang='lat' dir='ltr'>nobis</span> <span class='ocrx_word' id='word_1_87' title='bbox 2249 1498 2496 1548; x_wconf 87' lang='lat' dir='ltr'>maneret</span> 
     </span>
     <span class='ocr_line' id='line_1_13' title="bbox 494 1579 2496 1655; baseline -0.002 -19"><span class='ocrx_word' id='word_1_88' title='bbox 494 1581 773 1648; x_wconf 88' lang='lat' dir='ltr'>memoria,</span> <span class='ocrx_word' id='word_1_89' title='bbox 802 1581 969 1638; x_wconf 85' lang='lat' dir='ltr'>Filius</span> <span class='ocrx_word' id='word_1_90' title='bbox 1005 1582 1105 1637; x_wconf 89' lang='lat' dir='ltr'>Dei</span> <span class='ocrx_word' id='word_1_91' title='bbox 1144 1580 1397 1654; x_wconf 83' lang='lat' dir='ltr'>passione</span> <span class='ocrx_word' id='word_1_92' title='bbox 1445 1580 1938 1655; x_wconf 85' lang='lat' dir='ltr'>appropinquante,</span> <span class='ocrx_word' id='word_1_93' title='bbox 1978 1594 2096 1639; x_wconf 81' lang='lat' dir='ltr'>suae</span> <span class='ocrx_word' id='word_1_94' title='bbox 2125 1579 2402 1653; x_wconf 80' lang='lat' dir='ltr'>passionis</span> <span class='ocrx_word' id='word_1_95' title='bbox 2439 1584 2496 1634; x_wconf 90' lang='lat' dir='ltr'>et</span> 
     </span>
    </p>
   </div>
   <div class='ocr_carea' id='block_1_6' title="bbox 392 1667 2492 1742">
    <p class='ocr_par' dir='ltr' id='par_1_6' title="bbox 392 1667 2492 1742">
     <span class='ocr_line' id='line_1_14' title="bbox 392 1667 2492 1742; baseline -0.001 -17"><span class='ocrx_word' id='word_1_96' title='bbox 392 1700 399 1703; x_wconf 98' lang='lat'>-</span> <span class='ocrx_word' id='word_1_97' title='bbox 496 1670 685 1725; x_wconf 88' lang='lat' dir='ltr'>mortis</span> <span class='ocrx_word' id='word_1_98' title='bbox 706 1671 1023 1726; x_wconf 83' lang='lat' dir='ltr'>memoriam</span> <span class='ocrx_word' id='word_1_99' title='bbox 1053 1669 1301 1727; x_wconf 85' lang='lat' dir='ltr'>fidelibus</span> <span class='ocrx_word' id='word_1_100' title='bbox 1320 1670 1436 1727; x_wconf 88' lang='lat' dir='ltr'>suis</span> <span class='ocrx_word' id='word_1_101' title='bbox 1459 1668 1682 1742; x_wconf 86' lang='lat' dir='ltr'>reliquit</span> <span class='ocrx_word' id='word_1_102' title='bbox 1699 1668 1908 1742; x_wconf 80' lang='lat' dir='ltr'>jugiter</span> <span class='ocrx_word' id='word_1_103' title='bbox 1932 1667 2302 1735; x_wconf 77' lang='lat' dir='ltr'>recolendam,</span> <span class='ocrx_word' id='word_1_104' title='bbox 2333 1682 2492 1723; x_wconf 88' lang='lat' dir='ltr'>suum</span> 
     </span>
    </p>
   </div>
   <div class='ocr_carea' id='block_1_7' title="bbox 490 1756 2496 3873">
    <p class='ocr_par' dir='ltr' id='par_1_7' title="bbox 490 1756 2496 3873">
     <span class='ocr_line' id='line_1_15' title="bbox 494 1756 2496 1833; baseline -0.001 -18"><span class='ocrx_word' id='word_1_105' title='bbox 494 1774 690 1832; x_wconf 86' lang='lat' dir='ltr'>corpus</span> <span class='ocrx_word' id='word_1_106' title='bbox 723 1767 779 1815; x_wconf 89' lang='lat' dir='ltr'>et</span> <span class='ocrx_word' id='word_1_107' title='bbox 820 1759 1138 1831; x_wconf 87' lang='lat' dir='ltr'>sanguinem</span> <span class='ocrx_word' id='word_1_108' title='bbox 1182 1758 1401 1816; x_wconf 86' lang='lat' dir='ltr'>tradens</span> <span class='ocrx_word' id='word_1_109' title='bbox 1441 1756 1726 1833; x_wconf 86' lang='lat' dir='ltr'>discipulis</span> <span class='ocrx_word' id='word_1_110' title='bbox 1759 1756 1864 1815; x_wconf 85' lang='lat' dir='ltr'>sub</span> <span class='ocrx_word' id='word_1_111' title='bbox 1898 1756 2186 1832; x_wconf 82' lang='lat' dir='ltr'>speciebus</span> <span class='ocrx_word' id='word_1_112' title='bbox 2227 1756 2393 1831; x_wconf 81' lang='lat' dir='ltr'>panis</span> <span class='ocrx_word' id='word_1_113' title='bbox 2441 1762 2496 1813; x_wconf 84' lang='lat' dir='ltr'>et</span> 
     </span>
     <span class='ocr_line' id='line_1_16' title="bbox 492 1843 2494 1921; baseline -0.001 -18"><span class='ocrx_word' id='word_1_114' title='bbox 492 1847 625 1915; x_wconf 83' lang='lat' dir='ltr'>vini,</span> <span class='ocrx_word' id='word_1_115' title='bbox 649 1847 796 1920; x_wconf 82' lang='lat' dir='ltr'>quod</span> <span class='ocrx_word' id='word_1_116' title='bbox 837 1864 1010 1921; x_wconf 87' lang='lat' dir='ltr'>usque</span> <span class='ocrx_word' id='word_1_117' title='bbox 1048 1862 1194 1905; x_wconf 88' lang='lat' dir='ltr'>nunc</span> <span class='ocrx_word' id='word_1_118' title='bbox 1229 1848 1285 1905; x_wconf 90' lang='lat' dir='ltr'>in</span> <span class='ocrx_word' id='word_1_119' title='bbox 1314 1848 1637 1905; x_wconf 81' lang='lat' dir='ltr'>memoriam</span> <span class='ocrx_word' id='word_1_120' title='bbox 1680 1845 1828 1904; x_wconf 86' lang='lat' dir='ltr'>illius</span> <span class='ocrx_word' id='word_1_121' title='bbox 1866 1846 2198 1905; x_wconf 82' lang='lat' dir='ltr'>venerandae</span> <span class='ocrx_word' id='word_1_122' title='bbox 2223 1843 2494 1919; x_wconf 84' lang='lat' dir='ltr'>passionis</span> 
     </span>
     <span class='ocr_line' id='line_1_17' title="bbox 493 1934 2494 2011; baseline -0.001 -18"><span class='ocrx_word' id='word_1_123' title='bbox 493 1935 696 2008; x_wconf 85' lang='lat' dir='ltr'>ubique</span> <span class='ocrx_word' id='word_1_124' title='bbox 723 1942 994 1993; x_wconf 85' lang='lat' dir='ltr'>terrarum</span> <span class='ocrx_word' id='word_1_125' title='bbox 1033 1936 1234 1994; x_wconf 78' lang='lat' dir='ltr'>Christi</span> <span class='ocrx_word' id='word_1_126' title='bbox 1280 1936 1593 2011; x_wconf 80' lang='lat' dir='ltr'>frequentat</span> <span class='ocrx_word' id='word_1_127' title='bbox 1633 1934 1900 1994; x_wconf 87' lang='lat' dir='ltr'>Ecclesia.</span> <span class='ocrx_word' id='word_1_128' title='bbox 1925 1935 2106 2007; x_wconf 86' lang='lat' dir='ltr'>Quam</span> <span class='ocrx_word' id='word_1_129' title='bbox 2135 1950 2280 1993; x_wconf 85' lang='lat' dir='ltr'>vane</span> <span class='ocrx_word' id='word_1_130' title='bbox 2313 1941 2494 1991; x_wconf 85' lang='lat' dir='ltr'>autem</span> 
     </span>
     <span class='ocr_line' id='line_1_18' title="bbox 490 2022 2494 2098; baseline -0.002 -16"><span class='ocrx_word' id='word_1_131' title='bbox 490 2024 595 2082; x_wconf 87' lang='lat' dir='ltr'>hoc</span> <span class='ocrx_word' id='word_1_132' title='bbox 644 2026 1057 2083; x_wconf 78' lang='lat' dir='ltr'>Sacramentum</span> <span class='ocrx_word' id='word_1_133' title='bbox 1097 2024 1361 2084; x_wconf 83' lang='lat' dir='ltr'>irrideant</span> <span class='ocrx_word' id='word_1_134' title='bbox 1403 2024 1674 2094; x_wconf 82' lang='lat' dir='ltr'>infideles,</span> <span class='ocrx_word' id='word_1_135' title='bbox 1704 2024 1938 2098; x_wconf 80' lang='lat' dir='ltr'>quilibet</span> <span class='ocrx_word' id='word_1_136' title='bbox 1985 2024 2156 2082; x_wconf 86' lang='lat' dir='ltr'>etiam</span> <span class='ocrx_word' id='word_1_137' title='bbox 2206 2039 2404 2098; x_wconf 86' lang='lat' dir='ltr'>parum</span> <span class='ocrx_word' id='word_1_138' title='bbox 2440 2022 2494 2077; x_wconf 90' lang='lat' dir='ltr'>in</span> 
     </span>
     <span class='ocr_line' id='line_1_19' title="bbox 493 2111 2493 2188; baseline 0.002 -21"><span class='ocrx_word' id='word_1_139' title='bbox 493 2111 790 2170; x_wconf 84' lang='lat' dir='ltr'>christiana</span> <span class='ocrx_word' id='word_1_140' title='bbox 813 2114 1073 2186; x_wconf 87' lang='lat' dir='ltr'>religione</span> <span class='ocrx_word' id='word_1_141' title='bbox 1095 2114 1395 2171; x_wconf 85' lang='lat' dir='ltr'>instructus</span> <span class='ocrx_word' id='word_1_142' title='bbox 1412 2112 1483 2171; x_wconf 88' lang='lat' dir='ltr'>de</span> <span class='ocrx_word' id='word_1_143' title='bbox 1505 2114 1653 2171; x_wconf 85' lang='lat' dir='ltr'>facili</span> <span class='ocrx_word' id='word_1_144' title='bbox 1677 2117 1859 2188; x_wconf 89' lang='lat' dir='ltr'>potest</span> <span class='ocrx_word' id='word_1_145' title='bbox 1882 2112 2188 2170; x_wconf 90' lang='lat' dir='ltr'>attendere.</span> <span class='ocrx_word' id='word_1_146' title='bbox 2203 2114 2329 2173; x_wconf 91' lang='lat' dir='ltr'>Non</span> <span class='ocrx_word' id='word_1_147' title='bbox 2349 2114 2493 2171; x_wconf 90' lang='lat' dir='ltr'>enim</span> 
     </span>
     <span class='ocr_line' id='line_1_20' title="bbox 493 2201 2496 2277; baseline 0.001 -20"><span class='ocrx_word' id='word_1_148' title='bbox 493 2202 726 2258; x_wconf 89' lang='lat' dir='ltr'>dicimus</span> <span class='ocrx_word' id='word_1_149' title='bbox 761 2203 907 2275; x_wconf 91' lang='lat' dir='ltr'>quod</span> <span class='ocrx_word' id='word_1_150' title='bbox 943 2216 1142 2273; x_wconf 88' lang='lat' dir='ltr'>corpus</span> <span class='ocrx_word' id='word_1_151' title='bbox 1186 2202 1386 2259; x_wconf 84' lang='lat' dir='ltr'>Christi</span> <span class='ocrx_word' id='word_1_152' title='bbox 1429 2202 1759 2260; x_wconf 85' lang='lat' dir='ltr'>dilaceretur</span> <span class='ocrx_word' id='word_1_153' title='bbox 1804 2201 1861 2259; x_wconf 89' lang='lat' dir='ltr'>in</span> <span class='ocrx_word' id='word_1_154' title='bbox 1900 2211 2108 2276; x_wconf 86' lang='lat' dir='ltr'>partes,</span> <span class='ocrx_word' id='word_1_155' title='bbox 2136 2209 2194 2259; x_wconf 89' lang='lat' dir='ltr'>et</span> <span class='ocrx_word' id='word_1_156' title='bbox 2227 2203 2378 2277; x_wconf 80' lang='lat' dir='ltr'>quod</span> <span class='ocrx_word' id='word_1_157' title='bbox 2419 2204 2496 2261; x_wconf 86' lang='lat' dir='ltr'>sic</span> 
     </span>
     <span class='ocr_line' id='line_1_21' title="bbox 493 2287 2495 2366; baseline 0.002 -21"><span class='ocrx_word' id='word_1_158' title='bbox 493 2288 729 2345; x_wconf 87' lang='lat' dir='ltr'>divisum</span> <span class='ocrx_word' id='word_1_159' title='bbox 759 2304 792 2343; x_wconf 89' lang='lat' dir='ltr'>a</span> <span class='ocrx_word' id='word_1_160' title='bbox 816 2287 1065 2344; x_wconf 84' lang='lat' dir='ltr'>fidelibus</span> <span class='ocrx_word' id='word_1_161' title='bbox 1092 2287 1197 2343; x_wconf 90' lang='lat' dir='ltr'>sub</span> <span class='ocrx_word' id='word_1_162' title='bbox 1234 2290 1588 2348; x_wconf 89' lang='lat' dir='ltr'>Sacramento</span> <span class='ocrx_word' id='word_1_163' title='bbox 1634 2296 1901 2359; x_wconf 77' lang='lat' dir='ltr'>sumatur,</span> <span class='ocrx_word' id='word_1_164' title='bbox 1933 2296 2008 2359; x_wconf 64' lang='lat' dir='ltr'>ut,</span> <span class='ocrx_word' id='word_1_165' title='bbox 2033 2295 2290 2363; x_wconf 80' lang='lat' dir='ltr'>oporteat</span> <span class='ocrx_word' id='word_1_166' title='bbox 2317 2308 2495 2366; x_wconf 85' lang='lat' dir='ltr'>quan-</span> 
     </span>
     <span class='ocr_line' id='line_1_22' title="bbox 494 2374 2495 2450; baseline 0.003 -19"><span class='ocrx_word' id='word_1_167' title='bbox 494 2376 672 2447; x_wconf 89' lang='lat' dir='ltr'>doque</span> <span class='ocrx_word' id='word_1_168' title='bbox 702 2374 835 2428; x_wconf 89' lang='lat' dir='ltr'>illud</span> <span class='ocrx_word' id='word_1_169' title='bbox 871 2375 1123 2443; x_wconf 83' lang='lat' dir='ltr'>deiicere,</span> <span class='ocrx_word' id='word_1_170' title='bbox 1154 2376 1323 2434; x_wconf 88' lang='lat' dir='ltr'>etiam</span> <span class='ocrx_word' id='word_1_171' title='bbox 1352 2378 1400 2433; x_wconf 88' lang='lat' dir='ltr'>si</span> <span class='ocrx_word' id='word_1_172' title='bbox 1437 2378 1869 2450; x_wconf 87' lang='lat' dir='ltr'>magnitudinem</span> <span class='ocrx_word' id='word_1_173' title='bbox 1907 2380 2110 2437; x_wconf 85' lang='lat' dir='ltr'>montis</span> <span class='ocrx_word' id='word_1_174' title='bbox 2153 2378 2404 2449; x_wconf 87' lang='lat' dir='ltr'>haberet,</span> <span class='ocrx_word' id='word_1_175' title='bbox 2435 2386 2495 2437; x_wconf 90' lang='lat' dir='ltr'>ut</span> 
     </span>
     <span class='ocr_line' id='line_1_23' title="bbox 493 2461 2492 2543; baseline 0.003 -24"><span class='ocrx_word' id='word_1_176' title='bbox 493 2464 703 2529; x_wconf 87' lang='lat' dir='ltr'>dicunt,</span> <span class='ocrx_word' id='word_1_177' title='bbox 744 2461 839 2517; x_wconf 87' lang='lat' dir='ltr'>sed</span> <span class='ocrx_word' id='word_1_178' title='bbox 888 2462 1123 2519; x_wconf 88' lang='lat' dir='ltr'>dicimus</span> <span class='ocrx_word' id='word_1_179' title='bbox 1169 2480 1265 2537; x_wconf 91' lang='lat' dir='ltr'>per</span> <span class='ocrx_word' id='word_1_180' title='bbox 1312 2467 1727 2524; x_wconf 86' lang='lat' dir='ltr'>conversionem</span> <span class='ocrx_word' id='word_1_181' title='bbox 1765 2468 1921 2541; x_wconf 87' lang='lat' dir='ltr'>panis</span> <span class='ocrx_word' id='word_1_182' title='bbox 1959 2468 2016 2525; x_wconf 80' lang='lat' dir='ltr'>in</span> <span class='ocrx_word' id='word_1_183' title='bbox 2057 2484 2260 2543; x_wconf 85' lang='lat' dir='ltr'>corpus</span> <span class='ocrx_word' id='word_1_184' title='bbox 2291 2470 2492 2528; x_wconf 87' lang='lat' dir='ltr'>Christi</span> 
     </span>
     <span class='ocr_line' id='line_1_24' title="bbox 495 2551 2495 2626; baseline 0.004 -19"><span class='ocrx_word' id='word_1_185' title='bbox 495 2552 671 2624; x_wconf 85' lang='lat' dir='ltr'>ipsum</span> <span class='ocrx_word' id='word_1_186' title='bbox 702 2566 907 2625; x_wconf 86' lang='lat' dir='ltr'>corpus</span> <span class='ocrx_word' id='word_1_187' title='bbox 927 2551 1127 2609; x_wconf 86' lang='lat' dir='ltr'>Christi</span> <span class='ocrx_word' id='word_1_188' title='bbox 1158 2554 1211 2610; x_wconf 91' lang='lat' dir='ltr'>in</span> <span class='ocrx_word' id='word_1_189' title='bbox 1241 2556 1596 2614; x_wconf 83' lang='lat' dir='ltr'>sacramento</span> <span class='ocrx_word' id='word_1_190' title='bbox 1623 2555 1886 2615; x_wconf 80' lang='lat' dir='ltr'>Ecclesiae</span> <span class='ocrx_word' id='word_1_191' title='bbox 1911 2574 2052 2626; x_wconf 85' lang='lat' dir='ltr'>esse,</span> <span class='ocrx_word' id='word_1_192' title='bbox 2079 2564 2136 2615; x_wconf 86' lang='lat' dir='ltr'>et</span> <span class='ocrx_word' id='word_1_193' title='bbox 2175 2575 2210 2616; x_wconf 89' lang='lat' dir='ltr'>a</span> <span class='ocrx_word' id='word_1_194' title='bbox 2245 2558 2495 2616; x_wconf 85' lang='lat' dir='ltr'>fidelibus</span> 
     </span>
     <span class='ocr_line' id='line_1_25' title="bbox 496 2640 2495 2719; baseline 0.003 -21"><span class='ocrx_word' id='word_1_195' title='bbox 496 2640 833 2698; x_wconf 84' lang='lat' dir='ltr'>manducari.</span> <span class='ocrx_word' id='word_1_196' title='bbox 863 2640 943 2697; x_wconf 85' lang='lat' dir='ltr'>Ex</span> <span class='ocrx_word' id='word_1_197' title='bbox 998 2659 1107 2716; x_wconf 92' lang='lat' dir='ltr'>quo</span> <span class='ocrx_word' id='word_1_198' title='bbox 1154 2659 1284 2717; x_wconf 86' lang='lat' dir='ltr'>ergo</span> <span class='ocrx_word' id='word_1_199' title='bbox 1334 2660 1536 2719; x_wconf 90' lang='lat' dir='ltr'>corpus</span> <span class='ocrx_word' id='word_1_200' title='bbox 1579 2646 1782 2705; x_wconf 85' lang='lat' dir='ltr'>Christi</span> <span class='ocrx_word' id='word_1_201' title='bbox 1824 2663 1930 2705; x_wconf 89' lang='lat' dir='ltr'>non</span> <span class='ocrx_word' id='word_1_202' title='bbox 1976 2646 2262 2715; x_wconf 84' lang='lat' dir='ltr'>dividitur,</span> <span class='ocrx_word' id='word_1_203' title='bbox 2297 2648 2396 2705; x_wconf 88' lang='lat' dir='ltr'>sed</span> <span class='ocrx_word' id='word_1_204' title='bbox 2442 2648 2495 2703; x_wconf 89' lang='lat' dir='ltr'>in</span> 
     </span>
     <span class='ocr_line' id='line_1_26' title="bbox 494 2728 2496 2809; baseline 0.003 -22"><span class='ocrx_word' id='word_1_205' title='bbox 494 2728 673 2803; x_wconf 88' lang='lat' dir='ltr'>ipsum</span> <span class='ocrx_word' id='word_1_206' title='bbox 703 2730 909 2803; x_wconf 86' lang='lat' dir='ltr'>aliquid</span> <span class='ocrx_word' id='word_1_207' title='bbox 938 2734 1293 2803; x_wconf 86' lang='lat' dir='ltr'>convertitur,</span> <span class='ocrx_word' id='word_1_208' title='bbox 1326 2734 1475 2791; x_wconf 89' lang='lat' dir='ltr'>nulla</span> <span class='ocrx_word' id='word_1_209' title='bbox 1505 2737 1803 2793; x_wconf 86' lang='lat' dir='ltr'>necessitas</span> <span class='ocrx_word' id='word_1_210' title='bbox 1839 2744 1922 2793; x_wconf 88' lang='lat' dir='ltr'>est</span> <span class='ocrx_word' id='word_1_211' title='bbox 1959 2744 2020 2793; x_wconf 90' lang='lat' dir='ltr'>ut</span> <span class='ocrx_word' id='word_1_212' title='bbox 2053 2753 2152 2809; x_wconf 87' lang='lat' dir='ltr'>per</span> <span class='ocrx_word' id='word_1_213' title='bbox 2189 2737 2496 2795; x_wconf 84' lang='lat' dir='ltr'>manduca-</span> 
     </span>
     <span class='ocr_line' id='line_1_27' title="bbox 494 2820 2496 2899; baseline 0.004 -23"><span class='ocrx_word' id='word_1_214' title='bbox 494 2820 699 2877; x_wconf 85' lang='lat' dir='ltr'>tionem</span> <span class='ocrx_word' id='word_1_215' title='bbox 720 2820 961 2876; x_wconf 87' lang='lat' dir='ltr'>fidelium</span> <span class='ocrx_word' id='word_1_216' title='bbox 979 2823 1273 2895; x_wconf 88' lang='lat' dir='ltr'>quantitati</span> <span class='ocrx_word' id='word_1_217' title='bbox 1302 2824 1421 2896; x_wconf 85' lang='lat' dir='ltr'>ejus</span> <span class='ocrx_word' id='word_1_218' title='bbox 1445 2824 1652 2898; x_wconf 87' lang='lat' dir='ltr'>aliquid</span> <span class='ocrx_word' id='word_1_219' title='bbox 1681 2824 2055 2882; x_wconf 88' lang='lat' dir='ltr'>subtrahatur.</span> <span class='ocrx_word' id='word_1_220' title='bbox 2085 2827 2142 2883; x_wconf 90' lang='lat' dir='ltr'>Si</span> <span class='ocrx_word' id='word_1_221' title='bbox 2167 2826 2296 2899; x_wconf 83' lang='lat' dir='ltr'>quis</span> <span class='ocrx_word' id='word_1_222' title='bbox 2309 2832 2496 2885; x_wconf 81' lang='lat' dir='ltr'>autem</span> 
     </span>
     <span class='ocr_line' id='line_1_28' title="bbox 496 2908 2496 2987; baseline 0.003 -24"><span class='ocrx_word' id='word_1_223' title='bbox 496 2908 729 2964; x_wconf 83' lang='lat' dir='ltr'>infidelis</span> <span class='ocrx_word' id='word_1_224' title='bbox 752 2909 882 2965; x_wconf 84' lang='lat' dir='ltr'>velit</span> <span class='ocrx_word' id='word_1_225' title='bbox 908 2910 1089 2967; x_wconf 88' lang='lat' dir='ltr'>dicere</span> <span class='ocrx_word' id='word_1_226' title='bbox 1112 2912 1253 2969; x_wconf 89' lang='lat' dir='ltr'>hanc</span> <span class='ocrx_word' id='word_1_227' title='bbox 1275 2914 1688 2969; x_wconf 89' lang='lat' dir='ltr'>conversionem</span> <span class='ocrx_word' id='word_1_228' title='bbox 1716 2912 2107 2987; x_wconf 87' lang='lat' dir='ltr'>impossibilem</span> <span class='ocrx_word' id='word_1_229' title='bbox 2144 2930 2286 2985; x_wconf 87' lang='lat' dir='ltr'>esse,</span> <span class='ocrx_word' id='word_1_230' title='bbox 2313 2913 2496 2972; x_wconf 88' lang='lat' dir='ltr'>consi-</span> 
     </span>
     <span class='ocr_line' id='line_1_29' title="bbox 496 2996 2496 3076; baseline 0.003 -25"><span class='ocrx_word' id='word_1_231' title='bbox 496 2996 649 3051; x_wconf 88' lang='lat' dir='ltr'>deret</span> <span class='ocrx_word' id='word_1_232' title='bbox 686 2998 785 3053; x_wconf 87' lang='lat' dir='ltr'>Dei</span> <span class='ocrx_word' id='word_1_233' title='bbox 826 2997 1297 3072; x_wconf 87' lang='lat' dir='ltr'>omnipotentiam.</span> <span class='ocrx_word' id='word_1_234' title='bbox 1329 3000 1630 3057; x_wconf 87' lang='lat' dir='ltr'>Confitetur</span> <span class='ocrx_word' id='word_1_235' title='bbox 1667 3002 1889 3075; x_wconf 88' lang='lat' dir='ltr'>quidem</span> <span class='ocrx_word' id='word_1_236' title='bbox 1922 3001 2070 3075; x_wconf 83' lang='lat' dir='ltr'>quod</span> <span class='ocrx_word' id='word_1_237' title='bbox 2102 3018 2200 3076; x_wconf 91' lang='lat' dir='ltr'>per</span> <span class='ocrx_word' id='word_1_238' title='bbox 2234 3003 2496 3059; x_wconf 78' lang='lat' dir='ltr'>virtutem</span> 
     </span>
     <span class='ocr_line' id='line_1_30' title="bbox 498 3086 2490 3163; baseline 0.005 -26"><span class='ocrx_word' id='word_1_239' title='bbox 498 3091 711 3141; x_wconf 73' lang='lat' dir='ltr'>naturas</span> <span class='ocrx_word' id='word_1_240' title='bbox 745 3086 915 3158; x_wconf 88' lang='lat' dir='ltr'>possit</span> <span class='ocrx_word' id='word_1_241' title='bbox 962 3103 1069 3145; x_wconf 91' lang='lat' dir='ltr'>una</span> <span class='ocrx_word' id='word_1_242' title='bbox 1113 3104 1200 3144; x_wconf 88' lang='lat' dir='ltr'>res</span> <span class='ocrx_word' id='word_1_243' title='bbox 1237 3089 1482 3145; x_wconf 81' lang='lat' dir='ltr'>converti</span> <span class='ocrx_word' id='word_1_244' title='bbox 1523 3089 1580 3144; x_wconf 90' lang='lat' dir='ltr'>in</span> <span class='ocrx_word' id='word_1_245' title='bbox 1620 3088 1786 3146; x_wconf 87' lang='lat' dir='ltr'>aliam</span> <span class='ocrx_word' id='word_1_246' title='bbox 1821 3097 2090 3163; x_wconf 86' lang='lat' dir='ltr'>quantum</span> <span class='ocrx_word' id='word_1_247' title='bbox 2127 3090 2199 3147; x_wconf 91' lang='lat' dir='ltr'>ad</span> <span class='ocrx_word' id='word_1_248' title='bbox 2241 3090 2490 3159; x_wconf 84' lang='lat' dir='ltr'>formam,</span> 
     </span>
     <span class='ocr_line' id='line_1_31' title="bbox 496 3173 2495 3253; baseline 0.003 -26"><span class='ocrx_word' id='word_1_249' title='bbox 496 3173 639 3228; x_wconf 89' lang='lat' dir='ltr'>sicut</span> <span class='ocrx_word' id='word_1_250' title='bbox 660 3173 805 3245; x_wconf 87' lang='lat' dir='ltr'>quod</span> <span class='ocrx_word' id='word_1_251' title='bbox 830 3190 923 3229; x_wconf 88' lang='lat' dir='ltr'>aer</span> <span class='ocrx_word' id='word_1_252' title='bbox 954 3176 1006 3231; x_wconf 91' lang='lat' dir='ltr'>in</span> <span class='ocrx_word' id='word_1_253' title='bbox 1040 3177 1219 3248; x_wconf 86' lang='lat' dir='ltr'>ignem</span> <span class='ocrx_word' id='word_1_254' title='bbox 1243 3178 1601 3246; x_wconf 85' lang='lat' dir='ltr'>convertitur,</span> <span class='ocrx_word' id='word_1_255' title='bbox 1631 3177 1758 3233; x_wconf 87' lang='lat' dir='ltr'>dum</span> <span class='ocrx_word' id='word_1_256' title='bbox 1783 3180 2015 3235; x_wconf 84' lang='lat' dir='ltr'>materia</span> <span class='ocrx_word' id='word_1_257' title='bbox 2043 3194 2170 3253; x_wconf 82' lang='lat' dir='ltr'>quae</span> <span class='ocrx_word' id='word_1_258' title='bbox 2188 3179 2344 3252; x_wconf 86' lang='lat' dir='ltr'>prius</span> <span class='ocrx_word' id='word_1_259' title='bbox 2381 3183 2495 3236; x_wconf 87' lang='lat' dir='ltr'>erat</span> 
     </span>
     <span class='ocr_line' id='line_1_32' title="bbox 494 3260 2494 3339; baseline 0.004 -24"><span class='ocrx_word' id='word_1_260' title='bbox 494 3260 741 3333; x_wconf 87' lang='lat' dir='ltr'>subjecta</span> <span class='ocrx_word' id='word_1_261' title='bbox 767 3261 953 3321; x_wconf 85' lang='lat' dir='ltr'>formae</span> <span class='ocrx_word' id='word_1_262' title='bbox 978 3264 1137 3333; x_wconf 76' lang='lat' dir='ltr'>aeri8‚</span> <span class='ocrx_word' id='word_1_263' title='bbox 1164 3271 1355 3337; x_wconf 85' lang='lat' dir='ltr'>postea</span> <span class='ocrx_word' id='word_1_264' title='bbox 1380 3265 1571 3323; x_wconf 80' lang='lat' dir='ltr'>sormae</span> <span class='ocrx_word' id='word_1_265' title='bbox 1599 3266 1740 3339; x_wconf 83' lang='lat' dir='ltr'>ignis</span> <span class='ocrx_word' id='word_1_266' title='bbox 1777 3266 2088 3339; x_wconf 86' lang='lat' dir='ltr'>subjicitur.</span> <span class='ocrx_word' id='word_1_267' title='bbox 2117 3268 2291 3324; x_wconf 84' lang='lat' dir='ltr'>Multo</span> <span class='ocrx_word' id='word_1_268' title='bbox 2327 3268 2494 3339; x_wconf 81' lang='lat' dir='ltr'>magis</span> 
     </span>
     <span class='ocr_line' id='line_1_33' title="bbox 495 3350 2494 3427; baseline 0.005 -22"><span class='ocrx_word' id='word_1_269' title='bbox 495 3364 623 3421; x_wconf 79' lang='lat' dir='ltr'>ergo</span> <span class='ocrx_word' id='word_1_270' title='bbox 645 3350 823 3407; x_wconf 84' lang='lat' dir='ltr'>virtus</span> <span class='ocrx_word' id='word_1_271' title='bbox 852 3353 1239 3426; x_wconf 85' lang='lat' dir='ltr'>omnipotentis</span> <span class='ocrx_word' id='word_1_272' title='bbox 1269 3354 1385 3421; x_wconf 89' lang='lat' dir='ltr'>Dei,</span> <span class='ocrx_word' id='word_1_273' title='bbox 1412 3371 1538 3427; x_wconf 80' lang='lat' dir='ltr'>quae</span> <span class='ocrx_word' id='word_1_274' title='bbox 1569 3362 1742 3414; x_wconf 87' lang='lat' dir='ltr'>totam</span> <span class='ocrx_word' id='word_1_275' title='bbox 1775 3356 1851 3412; x_wconf 89' lang='lat' dir='ltr'>rei</span> <span class='ocrx_word' id='word_1_276' title='bbox 1885 3355 2256 3423; x_wconf 81' lang='lat' dir='ltr'>substantiam</span> <span class='ocrx_word' id='word_1_277' title='bbox 2289 3357 2345 3415; x_wconf 88' lang='lat' dir='ltr'>in</span> <span class='ocrx_word' id='word_1_278' title='bbox 2379 3371 2494 3414; x_wconf 83' lang='lat' dir='ltr'>esse</span> 
     </span>
     <span class='ocr_line' id='line_1_34' title="bbox 494 3438 2494 3518; baseline 0.004 -26"><span class='ocrx_word' id='word_1_279' title='bbox 494 3438 745 3509; x_wconf 87' lang='lat' dir='ltr'>producit</span> <span class='ocrx_word' id='word_1_280' title='bbox 788 3456 894 3496; x_wconf 89' lang='lat' dir='ltr'>non</span> <span class='ocrx_word' id='word_1_281' title='bbox 932 3439 1110 3497; x_wconf 90' lang='lat' dir='ltr'>solum</span> <span class='ocrx_word' id='word_1_282' title='bbox 1154 3444 1570 3518; x_wconf 85' lang='lat' dir='ltr'>transmutando</span> <span class='ocrx_word' id='word_1_283' title='bbox 1609 3444 1910 3503; x_wconf 88' lang='lat' dir='ltr'>secundum</span> <span class='ocrx_word' id='word_1_284' title='bbox 1957 3443 2218 3515; x_wconf 80' lang='lat' dir='ltr'>formam,&#39;</span> <span class='ocrx_word' id='word_1_285' title='bbox 2253 3451 2320 3504; x_wconf 86' lang='lat' dir='ltr'>ut</span> <span class='ocrx_word' id='word_1_286' title='bbox 2367 3443 2494 3501; x_wconf 80' lang='lat' dir='ltr'>facit</span> 
     </span>
     <span class='ocr_line' id='line_1_35' title="bbox 492 3528 2495 3609; baseline 0.004 -26"><span class='ocrx_word' id='word_1_287' title='bbox 492 3534 707 3592; x_wconf 88' lang='lat' dir='ltr'>natura,</span> <span class='ocrx_word' id='word_1_288' title='bbox 741 3528 941 3601; x_wconf 87' lang='lat' dir='ltr'>poterit</span> <span class='ocrx_word' id='word_1_289' title='bbox 964 3528 1069 3586; x_wconf 91' lang='lat' dir='ltr'>hoc</span> <span class='ocrx_word' id='word_1_290' title='bbox 1098 3535 1275 3588; x_wconf 89' lang='lat' dir='ltr'>totum</span> <span class='ocrx_word' id='word_1_291' title='bbox 1303 3530 1357 3587; x_wconf 91' lang='lat' dir='ltr'>in</span> <span class='ocrx_word' id='word_1_292' title='bbox 1395 3530 1530 3589; x_wconf 87' lang='lat' dir='ltr'>illud</span> <span class='ocrx_word' id='word_1_293' title='bbox 1560 3539 1736 3591; x_wconf 87' lang='lat' dir='ltr'>totum</span> <span class='ocrx_word' id='word_1_294' title='bbox 1763 3540 2105 3601; x_wconf 88' lang='lat' dir='ltr'>convertere,</span> <span class='ocrx_word' id='word_1_295' title='bbox 2131 3540 2196 3591; x_wconf 89' lang='lat' dir='ltr'>ut</span> <span class='ocrx_word' id='word_1_296' title='bbox 2221 3536 2306 3593; x_wconf 89' lang='lat' dir='ltr'>sic</span> <span class='ocrx_word' id='word_1_297' title='bbox 2341 3534 2495 3609; x_wconf 83' lang='lat' dir='ltr'>panis</span> 
     </span>
     <span class='ocr_line' id='line_1_36' title="bbox 493 3616 2494 3697; baseline 0.004 -27"><span class='ocrx_word' id='word_1_298' title='bbox 493 3616 549 3670; x_wconf 90' lang='lat' dir='ltr'>in</span> <span class='ocrx_word' id='word_1_299' title='bbox 574 3630 771 3690; x_wconf 86' lang='lat' dir='ltr'>corpus</span> <span class='ocrx_word' id='word_1_300' title='bbox 807 3616 1007 3673; x_wconf 88' lang='lat' dir='ltr'>Christi</span> <span class='ocrx_word' id='word_1_301' title='bbox 1048 3625 1421 3688; x_wconf 88' lang='lat' dir='ltr'>convertatur,</span> <span class='ocrx_word' id='word_1_302' title='bbox 1449 3629 1507 3679; x_wconf 90' lang='lat' dir='ltr'>et</span> <span class='ocrx_word' id='word_1_303' title='bbox 1533 3622 1718 3679; x_wconf 84' lang='lat' dir='ltr'>vinum</span> <span class='ocrx_word' id='word_1_304' title='bbox 1755 3623 1810 3681; x_wconf 90' lang='lat' dir='ltr'>in</span> <span class='ocrx_word' id='word_1_305' title='bbox 1849 3624 2194 3697; x_wconf 84' lang='lat' dir='ltr'>sanguinem.</span> <span class='ocrx_word' id='word_1_306' title='bbox 2223 3624 2282 3683; x_wconf 90' lang='lat' dir='ltr'>Si</span> <span class='ocrx_word' id='word_1_307' title='bbox 2311 3632 2494 3683; x_wconf 87' lang='lat' dir='ltr'>autem</span> 
     </span>
     <span class='ocr_line' id='line_1_37' title="bbox 493 3701 2493 3789; baseline 0.007 -30"><span class='ocrx_word' id='word_1_308' title='bbox 493 3701 619 3759; x_wconf 88' lang='lat' dir='ltr'>huic</span> <span class='ocrx_word' id='word_1_309' title='bbox 637 3705 977 3762; x_wconf 87' lang='lat' dir='ltr'>conversioni</span> <span class='ocrx_word' id='word_1_310' title='bbox 1008 3705 1208 3781; x_wconf 90' lang='lat' dir='ltr'>aliquis</span> <span class='ocrx_word' id='word_1_311' title='bbox 1232 3707 1365 3765; x_wconf 89' lang='lat' dir='ltr'>velit</span> <span class='ocrx_word' id='word_1_312' title='bbox 1393 3726 1697 3784; x_wconf 84' lang='lat' dir='ltr'>repugnare</span> <span class='ocrx_word' id='word_1_313' title='bbox 1720 3728 1821 3788; x_wconf 89' lang='lat' dir='ltr'>per</span> <span class='ocrx_word' id='word_1_314' title='bbox 1844 3712 1900 3770; x_wconf 93' lang='lat' dir='ltr'>id</span> <span class='ocrx_word' id='word_1_315' title='bbox 1923 3713 2072 3789; x_wconf 89' lang='lat' dir='ltr'>quod</span> <span class='ocrx_word' id='word_1_316' title='bbox 2099 3714 2286 3771; x_wconf 88' lang='lat' dir='ltr'>sensui</span> <span class='ocrx_word' id='word_1_317' title='bbox 2323 3728 2493 3789; x_wconf 81' lang='lat' dir='ltr'>appa-</span> 
     </span>
     <span class='ocr_line' id='line_1_38' title="bbox 494 3792 2494 3873; baseline 0.008 -28"><span class='ocrx_word' id='word_1_318' title='bbox 494 3796 597 3857; x_wconf 86' lang='lat' dir='ltr'>ret,</span> <span class='ocrx_word' id='word_1_319' title='bbox 627 3806 750 3849; x_wconf 86' lang='lat' dir='ltr'>nam</span> <span class='ocrx_word' id='word_1_320' title='bbox 779 3792 911 3849; x_wconf 88' lang='lat' dir='ltr'>nihil</span> <span class='ocrx_word' id='word_1_321' title='bbox 941 3796 1241 3854; x_wconf 87' lang='lat' dir='ltr'>secundum</span> <span class='ocrx_word' id='word_1_322' title='bbox 1267 3814 1488 3857; x_wconf 86' lang='lat' dir='ltr'>sensum</span> <span class='ocrx_word' id='word_1_323' title='bbox 1518 3802 1856 3869; x_wconf 85' lang='lat' dir='ltr'>immutatur,</span> <span class='ocrx_word' id='word_1_324' title='bbox 1879 3802 2192 3861; x_wconf 88' lang='lat' dir='ltr'>consideret</span> <span class='ocrx_word' id='word_1_325' title='bbox 2233 3803 2318 3863; x_wconf 90' lang='lat' dir='ltr'>sic</span> <span class='ocrx_word' id='word_1_326' title='bbox 2339 3801 2494 3873; x_wconf 75' lang='lat' dir='ltr'>nobis</span> 
     </span>
    </p>
   </div>
   <div class='ocr_carea' id='block_1_8' title="bbox 492 3877 2490 3973">
    <p class='ocr_par' dir='ltr' id='par_1_8' title="bbox 492 3877 2490 3973">
     <span class='ocr_line' id='line_1_39' title="bbox 492 3877 2490 3973; baseline 0.014 -41"><span class='ocrx_word' id='word_1_327' title='bbox 492 3877 678 3934; x_wconf 81' lang='lat' dir='ltr'>divina</span> <span class='ocrx_word' id='word_1_328' title='bbox 704 3883 951 3953; x_wconf 82' lang='lat' dir='ltr'>proponi,</span> <span class='ocrx_word' id='word_1_329' title='bbox 974 3893 1037 3943; x_wconf 85' lang='lat' dir='ltr'>ut</span> <span class='ocrx_word' id='word_1_330' title='bbox 1075 3886 1146 3944; x_wconf 82' lang='lat' dir='ltr'>ad</span> <span class='ocrx_word' id='word_1_331' title='bbox 1174 3902 1275 3948; x_wconf 87' lang='lat' dir='ltr'>nos</span> <span class='ocrx_word' id='word_1_332' title='bbox 1302 3889 1406 3949; x_wconf 83' lang='lat' dir='ltr'>suh</span> <span class='ocrx_word' id='word_1_333' title='bbox 1436 3896 1753 3965; x_wconf 80' lang='lat' dir='ltr'>tegumento</span> <span class='ocrx_word' id='word_1_334' title='bbox 1777 3892 2078 3957; x_wconf 82' lang='lat' dir='ltr'>visibilium</span> <span class='ocrx_word' id='word_1_335' title='bbox 2099 3908 2286 3961; x_wconf 76' lang='lat' dir='ltr'>rerum</span> <span class='ocrx_word' id='word_1_336' title='bbox 2314 3893 2490 3973; x_wconf 74' lang='lat' dir='ltr'>deve-.-</span> 
     </span>
    </p>
   </div>
   <div class='ocr_carea' id='block_1_9' title="bbox 2764 1228 2766 1893">
    <p class='ocr_par' dir='ltr' id='par_1_9' title="bbox 2764 1228 2766 1893">
     <span class='ocr_line' id='line_1_40' title="bbox 2764 1228 2766 1893; baseline 0 0"><span class='ocrx_word' id='word_1_337' title='bbox 2764 1228 2766 1893; x_wconf 95' lang='lat' dir='ltr'> </span> 
     </span>
    </p>
   </div>
   <div class='ocr_carea' id='block_1_10' title="bbox 2763 2114 2767 3529">
    <p class='ocr_par' dir='ltr' id='par_1_10' title="bbox 2763 2114 2767 3529">
     <span class='ocr_line' id='line_1_41' title="bbox 2763 2114 2767 3529; baseline 0 0"><span class='ocrx_word' id='word_1_338' title='bbox 2763 2114 2767 3529; x_wconf 95' lang='lat' dir='ltr'> </span> 
     </span>
    </p>
   </div>
  </div>
 </body>
</html>
