2850 4517
801 415 848 461 1.
878 432 960 447 —
984 416 1385 462 conrnumcu
1437 418 1821 465 rumorosus·
2186 406 2304 469 137

289 539 548 591 naturam
570 530 1033 603 reintegrandam.
1061 531 1218 602 Quod
1240 538 1425 589 autem
1443 548 1541 613 per
1570 539 1754 591 actum
1778 534 2109 606 singularem
2134 537 2303 610 primi

287 622 526 679 hominis
555 624 670 677 tota
707 625 906 676 natura
935 626 1020 676 est
1051 621 1266 687 vitiata,
1299 638 1398 693 per
1428 621 1685 678 accidens
1717 628 1802 678 est
1838 614 2215 693 consecutu‘m,
2246 627 2301 681 in

290 716 558 785 quantum
587 726 653 765 eo
676 708 894 782 privato
922 710 1251 765 innocentiae
1279 715 1447 776 statu,
1477 727 1573 782 per
1608 712 1784 785 ipsum
1812 712 1879 767 -in
1906 712 2042 769 alios
2065 714 2311 779 derivari

289 818 398 857 non
422 798 600 873 potuit
629 816 657 852 :v
675 806 729 854 et
753 798 1006 879 quamLis
1031 815 1129 871 per
1158 798 1540 871 poenitentiam
1572 800 1798 857 redierit
1824 802 1893 857 ad
1914 803 2167 873 gratiam,
2196 820 2301 860 non

291 900 475 947 tamen
500 872 785 961 redirefflpo„
782 888 980 959 tuitjgd
991 876 2303 965 QstinaQinuocenti‚am‘,''‘*cui'div*i‘nitu”s“fir'ae-

289 980 498 1035 dictum
517 976 801 1047 originalis
822 976 1057 1048 justitiae
1080 976 1281 1031 donum
1312 992 1633 1033 concessum
1663 986 1801 1034 erat.
1842 978 2106 1035 Similiter
2134 980 2299 1037 etiam

289 1066 640 1122 manifestum
685 1072 790 1134 est,
837 1065 983 1137 quod
1029 1064 1326 1137 praedictus
1369 1064 1650 1137 originalis
1692 1067 1927 1138 justitiae
1972 1074 2153 1125 status
2196 1070 2299 1126 suit
2340 1094 2345 1130 ;

289 1154 564 1225 quoddam
585 1152 821 1226 speciale
845 1153 1046 1209 donum
1072 1154 1266 1224 gratias
1288 1172 1300 1207 z
1323 1155 1501 1225 gratia
1520 1162 1703 1210 autem
1730 1156 1941 1211 meritis
1967 1172 2072 1213 non
2103 1160 2300 1231 acqui·
2338 1140 2363 1235 ἶ

289 1244 447 1311 ritur,
478 1243 574 1298 sed
602 1242 774 1314 gratis
799 1257 831 1297 a
860 1243 975 1297 Deo
1004 1242 1186 1297 datur.
1214 1242 1366 1299 Sicut
1402 1242 1573 1313 igitur
1597 1242 1809 1317 primus
1836 1243 2055 1301 homoa
2083 1246 2297 1318 princi-
2336 1254 2351 1309 ς’

285 1334 378 1406 pio
418 1331 738 1403 originalem
778 1330 1049 1402 justitiam
1091 1347 1200 1387 non
1242 1348 1310 1387 ex
1351 1332 1547 1389 merito
1588 1332 1799 1411 habuit,
1855 1333 1950 1390 sed
1999 1350 2066 1389 ex
2111 1334 2299 1391 divino
2339 1331 2351 1393 ’ἔ

287 1422 429 1477 dono
462 1438 474 1476 :
498 1421 576 1475 ita
605 1418 772 1477 etiam
797 1427 851 1475 et
875 1418 1044 1475 multo
1069 1420 1250 1475 minus
1277 1427 1398 1492 post
1423 1428 1711 1494 peccatum
1741 1410 1863 1478 eam
1886 1422 2085 1480 mereri
2115 1425 2297 1496 potuit
2332 1430 2346 1489 t,

289 1509 620 1583 poenitend0‚
653 1508 739 1565 vel
769 1508 1153 1581 quodcumque
1183 1508 1330 1565 aliud
1355 1522 1493 1584 opus
1520 1510 1751 1581 agendo·

965 1678 1250 1748 CAPUT
1315 1682 1610 1749 CXCIX.

505 1820 599 1885 De
623 1819 1001 1900 reparatione
1026 1819 1298 1883 humum
1324 1779 1563 1914 natum
1586 1838 1696 1901 per
1730 1815 2061 1887 Christum.

357 1948 666 2025 Oportebat
693 1958 876 2009 autem
907 1954 1052 2027 quod
1081 1953 1321 2010 humana
1349 1959 1548 2010 natura
1577 1954 1841 2026 praedicto
1876 1954 2039 2011 modo
2067 1954 2288 2022 infecta,

281 2060 359 2099 ex
384 2042 572 2098 divina
597 2041 935 2115 providentia
958 2049 1326 2115 repararetur.
1349 2044 1470 2099 Non
1492 2044 1635 2098 enim
1664 2048 1879 2115 poterat
1906 2044 1973 2099 ad
1996 2044 2293 2115 perfectam

281 2130 682 2189 beatitudinem
705 2132 1008 2204 pervenire,
1040 2132 1144 2187 nisi
1189 2130 1283 2187 tali
1327 2130 1623 2187 infectione
1664 2139 1875 2187 remota
1909 2149 1921 2185 :
1954 2131 2085 2204 quia
2112 2130 2295 2188 beati-

283 2221 438 2290 tudo,
484 2236 608 2276 cum
653 2220 728 2276 sit
768 2218 1074 2294 perfectum
1113 2220 1336 2292 bonum,
1383 2220 1591 2277 nulium
1637 2220 1910 2277 defectum
1957 2221 2186 2294 patitur,
2238 2229 2295 2277 et

285 2310 521 2365 maxime
553 2308 828 2364 defectum
869 2309 1102 2381 peccati,
1145 2310 1292 2381 quod
1336 2308 1520 2382 aliquo
1556 2308 1715 2365 modo
1750 2309 1941 2366 virtuti
1978 2310 2288 2383 opponitur,

283 2414 410 2472 quae
438 2405 520 2453 est
557 2398 645 2453 via
673 2398 729 2452 in
771 2397 968 2469 ipsam,
999 2403 1059 2451 ut
1097 2397 1305 2453 dictum
1327 2395 1416 2453 'est
1446 2405 1543 2454 :et
1583 2398 1665 2455 sic
1708 2413 1833 2455 cum
1882 2400 2042 2456 homo
2065 2406 2290 2472 propter

283 2486 681 2541 beatitudinem
720 2486 900 2541 factus
941 2485 1032 2550 sit,
1074 2486 1204 2559 quia
1234 2486 1351 2557 ipsa
1393 2491 1476 2542 est
1510 2486 1737 2544 ultimus
1764 2490 1884 2561 ejus
1918 2488 2061 2555 finiS,
2092 2502 2293 2561 seque-

283 2583 440 2630 retur
477 2574 620 2646 quod
665 2589 802 2647 opus
842 2574 941 2629 Dei
983 2574 1038 2629 in
1087 2582 1200 2630 tam
1238 2574 1404 2630 nobili
1448 2584 1701 2653 creatura
1740 2576 2114 2645 frustraretur,
2147 2576 2293 2649 quod

281 2669 505 2735 reputat
529 2662 914 2719 inconveniens
941 2662 1230 2719 Psalmista
1258 2679 1383 2719 cum
1409 2664 1565 2731 dicit,
1588 2663 1733 2720 Psal.
1765 2680 2035 2722 Lxxxvm
2068 2682 2081 2719 ε
2112 2664 2297 2723 Num-

280 2750 417 2824 quid
441 2750 580 2805 enim
606 2767 740 2806 vane
763 2751 1090 2808 constituisti
1117 2768 1291 2809 omnes
1313 2751 1453 2824 filios
1476 2752 1750 2809 hominum
1768 2752 1799 2807 ἲ
1816 2753 1911 2822 Sic
1939 2751 2109 2823 igitur
2127 2768 2295 2825 opor·

279 2841 440 2897 tebat
470 2840 762 2896 humanam
787 2849 1041 2897 naturam
1069 2840 1332 2913 reparari.
1356 2842 1649 2905 Praeterea,
1674 2839 1891 2895 bonitas
1920 2841 2105 2901 divina
2128 2855 2297 2896 exce-

278 2930 368 2985 dit
400 2927 701 2999 potentiam
727 2935 998 2985 creaturae
1023 2928 1092 2985 ad
1132 2928 1354 2983 bonum.
1385 2928 1544 2983 Patet
1573 2933 1757 2982 autem
1796 2942 1864 2981 ex
1900 2941 2067 2999 supra
2105 2925 2290 2992 dictis,

279 3017 434 3092 quod
463 3016 592 3073 talis
617 3020 702 3071 est
722 3016 960 3073 hominis
979 3016 1221 3073 conditio
1250 3014 1511 3089 quamdiu
1541 3015 1597 3070 in
1620 3014 1724 3071 hac
1744 3013 1960 3070 mortali
1989 3013 2106 3070 vita
2136 3012 2291 3081 vivit,

279 3106 431 3181 quod
461 3106 604 3161 sicut
632 3120 734 3161 nec
775 3106 1130 3161 confirmatur
1160 3106 1214 3161 in
1257 3105 1399 3161 hono
1441 3102 1811 3169 immobiliter,
1845 3103 1923 3159 ita
1964 3117 2066 3158 nec
2096 3101 2296 3159 immo-

279 3194 472 3251 biliter
515 3193 826 3249 obstinatur
867 3194 922 3249 in
970 3194 1135 3251 malo·
1181 3192 1424 3250 Pertinet
1463 3192 1631 3264 igitur
1674 3191 1777 3247 hoc
1821 3190 1891 3247 ad
1928 3191 2297 3248 conditionem

279 3283 540 3339 humanae
582 3288 815 3349 naturae,
865 3288 928 3338 ut
970 3282 1039 3338 ab
1072 3282 1365 3338 infectione
1410 3281 1626 3355 peccati
1668 3279 1841 3353 possit
1892 3281 2137 3351 purgari.
2175 3281 2297 3336 Non

281 3371 392 3426 fuit
423 3370 589 3441 igitur
617 3371 966 3437 convenienS,
1000 3372 1144 3443 quod
1185 3370 1372 3427 divina
1399 3370 1619 3427 bonitas
1645 3368 1787 3425 hanc
1812 3367 2113 3441 potentiam
2151 3372 2301 3423 tota-

281 3457 414 3512 liter
439 3456 742 3513 dimitteret
767 3474 1032 3527 vacuam,
1048 3458 1192 3531 quod
1219 3458 1432 3527 fuisset,
1458 3458 1507 3515 si
1526 3458 1577 3514 ei
1606 3455 1969 3527 reparationis
1999 3453 2301 3512 remedium

281 3561 396 3602 non
424 3552 800 3619 procurasset.
