2850 4517
552 370 636 431 10
1028 378 1086 431 s,-
1125 382 1358 429 ‘mona
1397 380 1727 434 Αοιιιιιιιτιε
1768 378 2079 425 censentit

968 562 974 570 ·
1071 518 1164 621 ·”.
1257 506 1846 639 εΑΡυιΧΧῙΧ.

625 698 806 787 Quod
829 698 898 761 in
919 697 1045 760 Deo
1072 710 1194 757 non
1218 698 1307 758 est
1332 694 1684 846 intcelmotio}
1713 712 1817 758 neo
1830 694 2109 775 potentia
2131 712 2235 760 nee
2255 694 2491 774 habitu,

1361 799 1423 847 se
1487 799 1557 847 m
1582 800 1655 847 ao
1684 801 1748 847 u.

575 894 756 981 Cum
781 917 967 969 autem
990 910 1045 967 in
1070 909 1185 967 Deo
1209 924 1317 967 non
1339 908 1414 965 sit
1454 907 1703 983 aliquid
1687 924 1743 965 ιιι
1778 909 2042 981 potentia,
2074 909 2213 966 sed
2201 926 2255 966 ιιι
2282 916 2408 968 actu
2434 917 2563 969 tan-

555 1012 689 1074 tum,
717 1007 779 1058 ut
805 1009 1086 1057 ostensum
1113 1002 1216 1064 est,
1248 1004 1465 1071 oportet
1490 997 1636 1071 quod
1656 998 1804 1054 Deus
1826 1014 1932 1053 non
1959 999 2031 1055 sit
2056 997 2363 1072 intelligens
2388 1018 2565 1075 neque

554 1095 610 1148 in
639 1089 902 1165 potentia,
932 1103 1110 1161 neque
1132 1087 1186 1143 in
1213 1085 1423 1153 habitu,
1447 1079 1542 1142 sed
1572 1092 1701 1143 actu
1720 1093 1953 1143 tantum.
1976 1086 2055 1143 Ex
2080 1104 2191 1162 quo
2216 1096 2387 1163 patet,
2416 1092 2564 1164 quod

556 1180 758 1238 nullam
803 1174 1238 1249 inintelligendo
1286 1177 1494 1248 patitur
1538 1175 1960 1233 successionem.
2008 1176 2148 1233 Cum
2178 1178 2323 1234 enim
2366 1179 2565 1253 aliquis

555 1268 866 1333 intellectus
888 1265 1197 1323 successive
1237 1264 1412 1321 multa
1452 1264 1729 1337 intelligit,
1781 1272 1993 1339 oportet
2032 1266 2200 1339 quod,
2229 1267 2360 1324 dum
2400 1285 2565 1325 unum

557 1344 812 1431 intelligit
839 1361 988 1423 actu,
1025 1354 1259 1412 alterum
1298 1352 1568 1425 intelligat
1598 1354 1652 1409 in
1690 1356 1955 1426 potentia.
1986 1355 2145 1413 inter
2170 1372 2237 1413 ea
2266 1356 2413 1415 enirn
2442 1374 2565 1433 quae

554 1446 718 1518 simul
741 1452 1024 1513 sunt,·non
1047 1450 1131 1511 est
1159 1442 1343 1515 aliqua
1381 1442 1673 1498 successio.
1701 1443 1756 1501 Si
1784 1442 1949 1514 igitur
1979 1446 2125 1501 Deus
2147 1444 2277 1501 nihil
2312 1446 2567 1519 intelligit

561 1539 613 1593 in
643 1530 905 1608 potentia,
934 1532 1141 1606 absque
1176 1531 1322 1588 omni
1352 1530 1696 1588 successione
1725 1537 1810 1587 est
1847 1532 1965 1604 ejus
2003 1522 2385 1605 intelligentia,
2414 1536 2567 1593 Unde

559 1625 824 1700 sequitur,
868 1621 1015 1697 quod
1041 1621 1222 1679 omnia
1251 1636 1616 1694 quaecumque
1646 1619 1933 1693 intelligit,
1975 1622 2135 1678 simul
2180 1623 2468 1697 intelligat,
2513 1632 2568 1682 et

562 1716 778 1783 iterum,
803 1711 984 1787 quod
982 1710 1112 1767 nihil
1150 1709 1233 1767 de·
1263 1725 1401 1766 novo
1433 1708 1721 1782 intelligat.
1771 1709 2087 1767 Intellectus
2127 1713 2273 1769 enim
2321 1713 2390 1770 de
2431 1730 2569 1772 novo

561 1799 768 1883 aliquid
803 1784 1129 1871 intelligam,
1175 1799 1327 1872 prius
1359 1798 1464 1855 fuit
1502 1797 1851 1870 intelligens
1839 1814 1895 1855 ιιι
1934 1802 2198 1873 potentia.
2230 1803 2361 1859 Inde
2402 1804 2571 1861 etiam

562 1895 797 1965 oportet,
829 1888 974 1963 quod
1005 1886 1313 1945 intellectus
1340 1888 1461 1960 ejus
1485 1902 1591 1943 non
1620 1879 1923 1945 discursive
1951 1887 2243 1961 intelligat,
2278 1900 2336 1947 ut
2365 1910 2431 1949 ex
2464 1910 2570 1950 uno

563 1980 619 2034 in
659 1976 1024 2049 cognitionem
1050 1975 1276 2034 alterius
1297 1975 1571 2045 deveniat,
1605 1976 1749 2032 sicut
1779 1976 2087 2035 intellectus
2114 1986 2303 2061 noster
2343 1982 2571 2038 ratioci-

565 2069 743 2123 nando
766 2066 994 2140 patitur.
1021 2066 1312 2123 Discursus
1353 2062 1497 2120 enim
1521 2063 1687 2121 talis
1673 2081 1727 2121 ιιι
1758 2064 2038 2122 intellectu
2062 2073 2165 2133 est,
2193 2053 2323 2123 durn
2352 2083 2418 2123 ex
2442 2077 2575 2125 noto

417 2139 422 2143 ⁶
467 2223 471 2227 .
566 2158 910 2230 pervenimus
937 2155 993 2212 in
1016 2154 1384 2226 cognitionem
1417 2153 1609 2223 ignoti,
1639 2152 1725 2209 vel
1755 2154 1875 2227 ejus
1913 2154 2059 2226 quod
2100 2154 2250 2226 prius
2295 2162 2423 2217 actu
2465 2173 2575 2215 ιιοιι

565 2243 1062 2311 considerabamus,
1095 2256 1222 2316 qnae
1257 2238 1635 2298 inintellectu
1679 2240 1865 2305 divino
1892 2240 2143 2302 accidere
2170 2258 2276 2299 non
2320 2253 2571 2317 possunt.

1199 2424 1206 2430 ·
1290 2402 1575 2473 CAPUT
1619 2402 1845 2471 XXX.

734 2527 913 2607 Quod
932 2528 1101 2591 Deus
1121 2510 1242 2589 nou
1263 2525 1563 2607 intelliyic
1582 2544 1697 2607 per
1724 2526 1912 2591 aliam
1931 2527 2204 2608 speciem,
2236 2546 2419 2610 quam

1203 2634 1338 2697 per
1362 2617 1678 2680 essentiam
1712 2633 1907 2679 suam.

639 2745 797 2800 Patet
823 2743 994 2799 etiam
1017 2756 1083 2797 ex
1111 2739 1409 2825 praedictiS,
1437 2741 1582 2813 quod
1621 2742 1768 2797 Deus
1807 2756 1916 2797 non
1964 2740 2222 2815 intelligit
2268 2760 2366 2819 per
2412 2744 2577 2802 aliam

571 2821 807 2907 speciem
832 2845 1002 2922 quam
1023 2845 1121 2903 per
1146 2830 1445 2903 essentiam·
1468 2845 1644 2888 suam.
1676 2830 1869 2887 Omnis
1895 2830 2044 2887 enim
2076 2831 2384 2889 intellectus
2410 2832 2581 2890 intel-

575 2922 744 2993 ligens
773 2935 868 2994 per
892 2917 1132 2993 speciem
1156 2918 1320 2977 aliam
1341 2936 1374 2975 a
1389 2924 1472 2987 se,
1494 2925 1862 2993 comparatur
1857 2918 1943 2975 ad
1974 2919 2121 2975 illam
2150 2918 2427 2997 speciem
2416 2920 2583 2977 intel-

575 3007 832 3083 ligibilem
873 3010 1016 3066 sicut
1059 3007 1305 3081 potentio
1349 3006 1418 3063 ad
1465 3014 1669 3073 actum,
1702 3023 1827 3062 cum
1858 3009 2068 3092 species
2115 3009 2473 3081 intelligibilis
2510 3010 2584 3066 sit

576 3099 836 3173 perfectio
864 3098 984 3170 ejus
1021 3094 1270 3151 faciens·
1256 3108 1435 3166 ipsum
1465 3093 1860 3181 intelligentem
1896 3103 2046 3153 actu.
2072 3098 2128 3153 Si
2177 3098 2343 3173 igitur
2384 3098 2440 3153 in
2469 3098 2585 3155 Deo

577 3185 708 3242 nihil
733 3191 819 3243 est
849 3184 903 3241 in
933 3182 1199 3256 potentia,
1225 3180 1323 3237 sed
1348 3190 1433 3237 est
1464 3187 1623 3238 actus
1660 3198 1847 3254 purus,
1876 3190 2091 3258 oportet
2138 3185 2287 3262 quod
2330 3199 2439 3241 non
2489 3202 2587 3260 per

578 3274 740 3331 aliam
762 3273 1020 3346 speciem,
1048 3270 1144 3329 sed
1171 3286 1268 3346 per
1296 3268 1593 3355 essentiam
1623 3266 1781 3329 sua'm
1812 3272 2125 3344 intelligat:
2158 3282 2213 3330 et
2240 3272 2366 3328 inde
2390 3272 2583 3346 sequi-

581 3372 688 3429 tur,
711 3360 859 3433 quod
886 3361 1096 3418 directe
1114 3368 1180 3417 et
1190 3360 1569 3435 principaliter
1592 3360 1833 3433 seipsum
1858 3360 2147 3443 intelligat.
2161 3361 2259 3418 Ess
2264 3363 2412 3418 entia
2441 3362 2587 3418 enirn

581 3450 658 3505 rei
686 3464 796 3504 non
816 3449 968 3505 ducit
998 3449 1214 3523 proprie
1237 3457 1294 3508 et
1318 3449 1571 3506 directe'
1558 3466 1615 3505 ιιι
1650 3450 2019 3521 cognitionem
2047 3450 2300 3540 aliquuS,
2334 3444 2438 3506 'nisi
2469 3452 2591 3523 ejus

579 3540 756 3610 cujus,
771 3544 855 3593 est
878 3540 1155 3595 essentia·
1176 3554 1301 3595 nam
1319 3554 1418 3613 per
1442 3529 1823 3595 diffinitionem
1848 3537 2087 3595 hominis
2111 3534 2333 3613 proprie
2351 3540 2593 3611 cognos-

581 3628 726 3685 citur
747 3625 930 3692 homo,
956 3633 1014 3681 et
1039 3642 1138 3701 per
1173 3626 1553 3683 diffinitionem
1595 3626 1742 3701 equi,
1774 3644 1968 3701 equus.
2000 3629 2057 3685 Si
2099 3628 2270 3699 igitur
2316 3628 2465 3683 Deus
2508 3635 2595 3683 est

582 3733 680 3791 per
716 3713 1012 3771 essentiam
1051 3729 1207 3771 suam
1235 3714 1565 3785 intelligens,
1588 3722 1805 3789 oportet
1835 3715 1984 3790 quod
2020 3716 2075 3772 id
2114 3716 2260 3789 quod
2288 3703 2375 3773 est
2423 3714 2588 3772 intel·

585 3804 786 3861 lectum
812 3801 882 3860 eb
914 3818 981 3858 eo
1007 3801 1216 3859 directe
1249 3810 1305 3860 et
1333 3804 1727 3877 principaliter,
1759 3805 1833 3862 sit
1861 3806 1978 3879 ipse
2001 3794 2262 3865 Deus-‘Et
2298 3808 2433 3861 curn·
2476 3804 2596 3877 ipse

585 3892 658 3947 sit
685 3904 786 3947 sua
807 3890 1067 3957 essentia,
1097 3889 1346 3963 sequitur
1363 3888 1512 3962 quod
1543 3890 1599 3945 in
1629 3905 1695 3946 eo
1712 3885 2060 3963 intelligens,
2088 3900 2144 3951 et
2168 3890 2281 3965 'quo
2310 3882 2597 3962 intelligit,

587 3982 646 4033 et
671 3974 1010 4032 intellectum
1031 3977 1144 4033 sint
1169 3975 1390 4032 omnino
1412 3974 1579 4033 idem.
