2850 4517
829 321 882 392 ιζ
906 363 984 376 -
1011 348 1412 414 ceurennum
1467 349 1826 396 runonoeiae.
1965 337 1972 342 ’
2252 336 2333 397 59

322 458 381 516 in
408 458 623 516 artibus
650 458 718 516 ad
761 459 998 519 invicem
1034 450 1321 530 ordinatis,
1354 462 1501 537 quod
1530 479 1783 537 suprema
1824 480 1916 524 are
1959 463 2167 522 inducit
2198 465 2335 522 ulti·-
2434 515 2439 520 .

323 562 472 604 mam
501 547 752 614 sormam,
785 556 937 605 artes
959 558 1142 607 autem
1172 550 1457 608 inferiores
1486 550 1779 626 disponunt
1821 553 2105 612 materiam
2144 554 2212 610 ad
2243 554 2334 610 ul·

322 637 518 692 timam
541 636 793 693 sormam.
823 637 1168 695 Manifestum
1204 647 1288 698 est
1315 649 1519 707 autem,
1554 642 1702 714 quod
1730 641 1911 698 anima
1936 641 2217 700 rationalis
2250 648 2334 699 est

325 725 518 781 ultima
565 733 619 782 et
665 725 1061 797 perfectissima
1095 728 1288 793 forma,
1339 745 1504 802 quam
1560 735 1740 801 potest
1787 731 2047 802 consequi
2082 732 2335 788 materia

324 812 720 885 generabilium
783 821 841 870 et
905 817 1359 888 corruptibilium.
1415 817 1815 876 convenienter
1857 819 2024 891 igitur
2070 818 2336 876 naturalis

325 902 547 974 agentia
594 902 852 959 inferiora
878 905 1521 978 causant.praecedentes
1546 903 1935 979 dispositiones
1982 916 2040 964 et
2085 907 2335 965 formast

323 1005 640 1062 supremum
691 1006 822 1048 vero
863 1007 1048 1064 agens,
1088 993 1300 1050 scilicet
1344 995 1511 1063 Deus,
1560 1003 1753 1053 causat
1792 993 2041 1054 ultimam
2080 995 2333 1064 formam,

325 1094 454 1153 quae
477 1086 566 1138 est
585 1080 768 1139 anima
796 1081 1098 1139 rationalis.

1033 1255 1317 1325 CAPUT
1388 1255 1623 1326 XCIV.
1647 1267 1651 1270 ’

511 1395 690 1472 Quod
709 1396 914 1460 anima
933 1398 1262 1480 rationalis
1283 1416 1404 1461 non
1430 1403 1519 1462 est
1544 1399 1617 1461 de
1648 1399 1992 1462 substantia
2018 1398 2155 1462 Dei.

394 1529 516 1586 Non
545 1535 728 1586 tamen
772 1531 1104 1588 credendum
1150 1539 1236 1589 est
1275 1532 1517 1588 animam
1546 1531 1868 1588 rationalem
1898 1547 2017 1588 esse
2062 1532 2131 1587 de
2170 1529 2336 1587 subs-

322 1618 502 1675 tantia
546 1619 664 1684 Dei,
710 1621 1008 1677 secundum
1046 1622 1406 1694 quorumdam
1450 1636 1708 1677 errorem.
1743 1621 2037 1677 ostensum
2078 1626 2161 1675 est
2189 1621 2334 1676 enim

319 1721 510 1779 supra,
539 1707 684 1780 quod
716 1708 860 1764 Deus
895 1709 1127 1783 simplex
1157 1716 1213 1766 et
1238 1709 1585 1766 indivisibilis
1612 1715 1718 1766 est.
1756 1709 1875 1765 Non
1905 1709 2069 1781 igitur
2097 1709 2337 1765 animam

319 1796 651 1852 rationalem
676 1799 889 1870 corpori
914 1799 1036 1854 unit
1057 1799 1214 1871 quasi
1243 1799 1495 1855 eamdem
1521 1814 1554 1855 a
1582 1813 1682 1855 sua
1707 1798 1985 1855 subtantia
2009 1799 2335 1870 separando·

318 1885 483 1949 Item,
511 1895 792 1964 ostensum
811 1892 895 1941 est
922 1902 1106 1965 supra,
1138 1888 1280 1960 quod
1305 1885 1641 1958 impossibile
1667 1870 1752 1943 εει
1772 1888 1944 1942 Deum
1965 1902 2085 1942 esse
2108 1885 2335 1943 formam

321 1973 564 2045 alicujus
583 1974 827 2046 corporis
852 1991 864 2028 :
889 1974 1071 2031 anima
1103 1975 1286 2032 autem
1306 1973 1591 2030 rationalis
1615 1975 1800 2030 unitur
1818 1974 2031 2046 corpori
2059 1981 2118 2031 ut
2142 1973 2334 2041 forma,

320 2078 428 2118 non
473 2060 647 2132 igitur
696 2068 780 2118 est
807 2061 878 2118 de
926 2063 1235 2120 substantia
1275 2061 1407 2118 Dei.
1459 2060 1669 2128 Adhuc,
1702 2068 2000 2121 ,ostensum
2041 2069 2125 2117 est
2152 2077 2335 2135 supra,

322 2149 470 2223 quod
500 2150 649 2205 Deus
675 2163 777 2205 non
810 2156 1060 2207 movetur
1084 2165 1262 2224 neque
1289 2165 1388 2225 per
1415 2165 1493 2216 se,
1523 2165 1701 2225 neque
1730 2165 1827 2222 per
1870 2149 2145 2219 accidenS,
2182 2149 2339 2221 cujus

322 2238 661 2295 contrarium
691 2239 748 2295 in
775 2240 957 2298 anima
1001 2239 1251 2297 rationali
1282 2244 1511 2313 apparet
1562 2256 1576 2292 τ
1624 2245 1867 2296 mutatur
1893 2239 2040 2298 enim
2080 2239 2149 2295 de
2178 2239 2338 2312 igno--

322 2327 505 2384 rantia
539 2326 613 2383 ad
651 2328 956 2396 scientiam,
990 2336 1046 2385 et
1087 2329 1156 2384 de
1182 2329 1318 2386 vitio
1366 2329 1437 2386 ad
1480 2327 1733 2386 virtutes..
1774 2330 1895 2386 Non
1934 2338 2018 2387 est
2052 2328 2223 2402 igitur
2266 2327 2337 2388 de

326 2415 634 2474 substantia
661 2417 782 2474 Dei.
1724 2415 1731 2448 ³
1778 2407 1781 2416 '

1063 2589 1346 2660 CAPUT
1391 2591 1595 2660 XCV.

470 2730 652 2806 Quod
677 2731 795 2796 illa
819 2749 950 2813 quae
977 2731 1272 2795 dicuntur
1297 2733 1365 2794 in
1387 2751 1507 2796 esse
1527 2750 1568 2795 a
1594 2734 1821 2796 virtuto
1842 2732 2193 2806 extrinseca,

947 2824 1096 2882 sunt
1130 2820 1469 2882 immediate
1494 2837 1535 2880 a
1561 2819 1709 2894 Deo.

399 2951 477 3008 Ex·
504 2951 590 3008 his
616 2958 796 3010 autem
825 2969 950 3026 quae
973 2969 1138 3025 supra
1166 2959 1384 3008 ostensa
1413 2956 1560 3020 sunt,
1591 2965 1658 3006 ex
1688 2949 2016 3006 necessitate
2054 2948 2337 3006 concludi-

326 3045 435 3106 tur,
458 3040 608 3113 quod
627 3040 718 3098 illa
740 3057 867 3116 quae
881 3058 985 3098 non
1010 3050 1236 3115 possunt
1259 3039 1484 3115 produci
1512 3040 1565 3095 in
1587 3054 1707 3096 esse
1735 3039 1837 3096 nisi
1862 3055 1959 3111 per
1980 3037 2337 3108 creationem,

327 3143 358 3186 a
400 3129 516 3185 Deo
547 3129 862 3187 immediate
900 3131 1030 3187 sint.
1061 3129 1403 3187 Manifestum
1434 3138 1517 3187 est
1546 3134 1730 3188 autem
1772 3127 1919 3202 quod
1962 3142 2190 3200 corpora
2219 3143 2337 3185 coe-

327 3216 484 3273 lestia
512 3234 622 3274 non
653 3227 878 3291 possunt
902 3219 1124 3291 produci
1159 3221 1210 3276 in
1241 3234 1361 3275 esse
1388 3218 1491 3275 nisi
1524 3234 1620 3292 per
1658 3218 2012 3274 creationem.
2040 3217 2160 3274 Non
2190 3217 2334 3271 enim

325 3312 508 3379 potest
537 3306 666 3374 dici,
711 3309 855 3381 quod
893 3323 961 3364 ex
1003 3309 1233 3366 materia
1274 3307 1458 3382 aliqua
1488 3307 1801 3380 praejacenti
1842 3312 1969 3362 sunt
2010 3305 2174 3368 sacta,
2208 3305 2335 3377 quia

324 3395 404 3452 sic
431 3407 618 3452 essent
645 3396 977 3468 generabilia
1014 3405 1070 3455 et
1111 3396 1507 3470 corruptibilia,
1553 3402 1610 3452 et
1646 3393 2022 3453 contrarietati
2066 3392 2331 3466 subject-a,
2383 3449 2392 3455 ,

325 3485 469 3559 quod
495 3485 578 3542 eis
606 3500 716 3542 non
743 3487 1026 3560 competit,
1059 3497 1119 3544 ut
1151 3495 1331 3544 motus
1357 3502 1547 3544 eorum
1575 3484 1839 3543 declarat.
1882 3483 2166 3540 Moventur
2192 3484 2337 3538 enim

325 3575 672 3634 circulariter
703 3593 718 3630 t
755 3582 935 3633 motus
952 3587 1134 3633 autern
1159 3574 1443 3632 circularis
1488 3590 1594 3631 non
1623 3573 1788 3631 habet
1829 3574 2184 3630 contrarium.
2230 3571 2339 3628 Re·

327 3665 595 3739 linquitur
634 3663 802 3737 igitur
831 3665 975 3739 quod
1019 3680 1246 3738 corpora
1283 3663 1530 3722 coelestia
1571 3664 1680 3721 sint
1709 3661 2024 3720 immediate
2060 3659 2115 3716 in
2144 3673 2280 3738 esse·
2304 3674 2338 3716 a

329 3751 441 3810 Deo
476 3753 770 3827 producta.
819 3753 1082 3812 Similiter
1124 3755 1289 3812 etiam
1331 3754 1600 3811 elementa
1646 3752 1947 3809 secundum
1985 3763 2046 3805 se
2086 3753 2203 3804 tota
2233 3762 2337 3804 non

329 3849 454 3899 sunt
478 3857 547 3899 ex
577 3841 762 3918 aliqua
797 3843 1028 3902 materia
1065 3843 1400 3919 praejacenti,
1434 3841 1732 3916 quiaillud
1759 3840 1903 3914 quod
1940 3835 2332 3912 praeexisteret‚

331 3927 560 3988 haberet
605 3931 846 4006 aliquam
888 3931 1137 4002 formam,
1183 3938 1239 3989 et
1274 3933 1354 3989 sic
1394 3936 1675 4006 oporteret
1699 3929 1845 4004 quod
1876 3926 2095 4002 aliquod
2139 3943 2336 3998 corpus
