2850 4517
780 314 829 357 1.
858 330 939 341 —
964 316 1371 361 courssuomu
1424 318 1788 361 rnnomfflae
2174 303 2294 368 183

278 424 535 483 formatio
558 428 681 499 ejus
704 443 812 484 nou
840 427 947 485 fuit
964 430 1173 487 virtute
1197 430 1458 496 bumana,
1476 430 1574 489 sed
1589 431 1795 489 virtute
1813 431 2050 505 Spiritus
2076 433 2289 500 Sancti,

278 523 335 573 et
368 516 497 573 ideo
540 522 765 589 propter
799 517 1169 576 substantiam
1210 520 1462 579 materiae
1501 519 1920 579 subterra-neum
1964 521 2163 588 locum,
2195 521 2294 595 qui

279 604 601 678 corporibus
640 606 873 664 mortuis
912 607 1169 681 deputari
1202 610 1513 680 cousuevit,
1540 609 1716 667 voluit
1758 611 1898 682 pati.
1925 611 2102 670 Locus
2143 611 2293 667 enim

277 694 596 767 corporibus
618 694 851 752 debetur
876 699 1179 757 secundum
1204 699 1492 757 materiam
1517 698 1970 772 praedominantis
1991 699 2246 757 elementi
2275 717 2290 755 ε

275 783 371 839 sed
398 780 819 841 dissolutionem
856 788 1109 859 corporis
1142 804 1241 861 per
1264 787 1536 861 Spiritum
1579 789 1842 845 Sanctum
1881 787 2139 845 fabricati
2175 789 2292 861 pati

278 887 380 928 nou
405 870 601 942 voluit,
629 874 761 947 quia
788 881 1057 948 quantum
1079 876 1149 933 ad
1174 876 1281 933 hoe
1298 877 1371 934 ab
1392 876 1519 933 aliis
1539 876 1856 936 hominibus
1873 876 2187 935 differebat.

915 1050 1199 1153 CAPUT
1254 1048 1649 1118 ccxxxv.

751 1191 848 1255 De
873 1191 1152 1256 descensu
1184 1190 1421 1257 Christi
1447 1191 1530 1253 ad
1557 1191 1808 1271 inferos,

338 1322 423 1377 Ex
454 1327 611 1395 parte
647 1338 779 1379 vero
824 1324 1025 1381 animae
1058 1324 1311 1398 sequitur
1354 1325 1409 1380 in
1447 1322 1762 1379 hominibus
1789 1338 1865 1379 ex
1910 1328 2140 1395 peceato
2169 1334 2298 1397 post·

274 1418 529 1481 mortem,
559 1417 623 1467 ut
646 1411 715 1469 ad
736 1411 1007 1469 infernum
1030 1414 1331 1472 descendat
1354 1430 1464 1471 non
1485 1412 1662 1470 solum
1689 1418 1959 1487 quantum
1989 1412 2058 1469 ad
2085 1411 2290 1481 locum,

272 1500 364 1557 sed
388 1500 564 1557 etiam
610 1509 877 1573 quantum
905 1503 977 1559 ad
1016 1518 1258 1576 poenam.
1292 1504 1450 1561 Sicut
1483 1508 1670 1559 autem
1697 1517 1900 1574 corpus
1943 1500 2146 1559 Christi
2185 1502 2294 1559 fuit

272 1588 499 1662 quidem
516 1589 620 1645 sub
642 1597 790 1649 terra
814 1592 1114 1649 secundum
1136 1592 1337 1660 locum,
1366 1607 1492 1651 nonx
1501 1597 1688 1649 autem
1709 1590 2013 1647 secundum
2035 1606 2290 1647 eommu-

270 1695 395 1735 nem
428 1679 783 1737 resolutionis
808 1680 1106 1749 defectum,
1126 1682 1209 1739 ita
1230 1689 1289 1738 et
1317 1680 1502 1737 anima
1525 1680 1726 1737 Christi
1753 1678 2037 1735 descendit
2059 1680 2292 1752 quidem

272 1768 337 1824 ad
361 1767 577 1825 inferos
604 1768 905 1825 secundum
928 1768 1133 1839 locum,
1160 1784 1271 1825 non
1298 1774 1488 1830 autem
1513 1774 1572 1823 ut
1597 1767 1672 1824 ibi
1697 1779 1916 1840 poenam
1937 1768 2165 1836 subiret;
2193 1769 2292 1825 sed

271 1858 451 1931 magis
480 1864 545 1913 ut
568 1856 707 1914 alios
744 1872 911 1929 poena
932 1857 1261 1925 absolveret,
1292 1856 1391 1930 qui
1435 1863 1658 1928 propter
1683 1862 1973 1926 peccatum
2002 1856 2164 1928 primi
2190 1872 2304 1928 pa-·

271 1948 449 2003 tentis
477 1944 595 2000 illic
630 1944 1041 2013 detinebantur,
1070 1960 1171 2018 pro
1208 1960 1319 2018 quo
1347 1944 1506 2016 plene
1542 1949 1659 2015 jam
1683 1942 2032 2008 satisfecerat
2059 1949 2296 2001 mortem

270 2032 538 2108 patiendo
562 2050 577 2087 ε
610 2032 755 2089 unde
778 2041 903 2106 post
921 2042 1157 2091 mortem
1178 2033 1315 2091 nihil
1338 2032 1659 2106 patiendum
1682 2031 1946 2098 restabat,
1969 2031 2068 2089 sed
2087 2032 2299 2106 absque

270 2123 417 2181 omni
446 2137 631 2197 poenae
654 2123 909 2196 passione
944 2122 1193 2179 localiter
1218 2122 1291 2181 ad
1324 2122 1596 2177 infernum
1625 2120 1932 2188 descendit,
1958 2127 2022 2176 ut
2053 2136 2114 2178 se
2133 2122 2296 2177 vivo-

272 2229 389 2268 rum
418 2218 480 2268 et
508 2218 849 2267 mortuorum
872 2209 1223 2268 liberatorem
1250 2211 1588 2269 ostenderet.
1620 2210 1702 2265 Ex
1728 2209 1832 2266 hoc
1860 2209 2028 2267 etiam
2067 2210 2292 2277 dicitur,

274 2302 417 2375 quod
449 2300 601 2357 solus
620 2301 766 2357 inter
793 2308 1041 2357 mortuos
1066 2299 1171 2356 suit
1192 2301 1333 2357 liber
1348 2300 1482 2373 quia
1509 2300 1696 2357 anima
1723 2300 1843 2371 ejus
1863 2298 1924 2356 in
1950 2299 2163 2358 inferno
2183 2315 2292 2356 non

273 2388 548 2463 subjacuit
566 2404 773 2463 Qpoenae
798 2405 901 2446 nec
916 2405 1119 2463 corpus
1144 2391 1265 2462 ejus
1283 2389 1624 2463 corruptioni
1655 2390 1711 2443 in
1725 2387 1998 2460 sepulcro.
2025 2388 2294 2459 Quamvis

276 2468 463 2537 au'tem
483 2478 731 2535 Christus
747 2479 1087 2535 descendens
1109 2479 1179 2536 ad
1198 2478 1421 2546 inferos,
1447 2492 1541 2535 eos
1555 2478 1812 2535 liberavit
1825 2480 1920 2552 qui
1943 2495 2041 2551 pro
2058 2482 2301 2553 peccato

274 2569 435 2642 primi
464 2569 710 2641 parentis
734 2568 810 2624 ibi
838 2567 1179 2637 tenebantur,
1205 2568 1329 2625 illos
1356 2573 1543 2626 tamen
1569 2567 1814 2640 reliquit,
1845 2568 1940 2639 qui
1963 2582 2064 2640 pro
2088 2582 2296 2640 pecca-

279 2658 348 2716 tis
372 2658 611 2733 propriis
649 2657 853 2715 ibidem
891 2659 1071 2730 poenis
1096 2665 1255 2715 erant
1290 2658 1498 2714 addicti
1531 2696 1545 2712 .
1580 2662 1634 2712 et
1661 2656 1788 2712 ideo
1815 2654 2018 2711 dicitur
2044 2669 2302 2712 momor-·

276 2747 423 2805 disse
452 2747 741 2815 infernum,
772 2762 879 2803 non
906 2746 1275 2811 absorbuisse,
1302 2746 1434 2816 quia
1459 2743 1670 2799 scilicet
1693 2749 1908 2813 partem
1930 2742 2206 2809 liberavit,
2236 2749 2306 2797 et·

278 2844 489 2910 partem
512 2836 745 2893 dimisit.
764 2837 879 2893 Hos
900 2834 1069 2907 igitur
1092 2831 1293 2889 Christi
1322 2829 1574 2885 defectus
1600 2828 1912 2899 symbolum
1934 2829 2064 2885 fidei
2087 2829 2287 2898 tangit,

280 2942 401 2983 cum
421 2925 597 2983 dicit:
619 2927 817 2984 Passus
838 2922 935 2981 sub
956 2920 1155 2979 Pontio
1181 2920 1384 2984 Pilato,
1402 2915 1716 2987 crucifixa-3,
1739 2922 2005 2982 mortuus,
2035 2922 2086 2973 ct
2111 2917 2294 2988 sepul·

281 3020 382 3079 tus,
407 3012 673 3070 descendit
692 3012 766 3069 ad
786 3010 1011 3085 inferos.
2301 3020 2306 3025 ·

880 3146 1182 3252 ‘CAPUT
1236 3178 1682 3249 ccxxxv1.·

422 3329 518 3393 De
538 3324 990 3402 resurrectione,
1022 3330 1079 3389 ct
1108 3330 1361 3405 tempore
1382 3290 1844 3387 resurrectionis
1885 3316 2139 3383 Christi.

346 3462 489 3533 ,Quia
514 3478 647 3535 ergo
675 3478 773 3535 per
800 3461 1077 3518 Christum
1091 3459 1389 3515 humanum
1412 3469 1584 3530 genus
1613 3446 1906 3513 liberatum
1933 3458 2020 3509 est
2047 3466 2080 3508 a
2107 3450 2309 3520 malie,'

286 3568 409 3625 quae
432 3554 499 3609 ex
529 3560 757 3625 peccato
774 3548 936 3625 primi
958 3549 1204 3623 parentis
1222 3541 1475 3605 derivata
1497 3552 1673 3614 erant,
1701 3543 1946 3619 oportuit
1971 3536 2120 3616 quod
2148 3543 2310 3597 sicut-¹

287 3641 399 3712 ipse
422 3641 568 3698 mala
608 3649 796 3698 nostra
825 3638 1106 3709 sustinuit,
1138 3644 1199 3693 ut
1226 3638 1299 3694 ab
1326 3637 1406 3693 eis
1447 3652 1548 3695 nos
1587 3635 1866 3701 liberaret,
1899 3633 1977 3689 ita
2005 3632 2176 3687 etiam
2200 3638 2310 3687 re-'

289 3730 585 3801 parationis
619 3726 874 3787 human'oe
895 3744 995 3802 per
1038 3729 1217 3801 ipsum
1258 3726 1421 3783 factae
1451 3726 1504 3781 in
1541 3719 1607 3782 eo
1650 3724 1910 3799 primitiae
1939 3715 2311 3803 apparerent,'

285 3826 348 3875 ut
375 3828 605 3895 utroque
642 3820 803 3876 modo
832 3819 1081 3876 Christus
1115 3822 1510 3891 proponeretur
1544 3814 1702 3870 nobis
1738 3814 1793 3869 in
1815 3813 2036 3885 signum
2074 3808 2288 3878 salutiS,

286 3908 417 3967 dum
439 3926 505 3968 ex
530 3910 653 3983 eius
675 3904 933 3983 ’ραεείοηθ
956 3906 1370 3967 consideramus
1400 3904 1534 3981 'quid
1558 3918 1658 3978 pro
1681 3908 1910 3977 peccato
1939 3895 2284 3969 incurrimus,
2305 3896 2312 3907 '
