2850 4517
823 310 894 387 ³1.
925 328 1008 342 —
1033 309 1443 359 compnnmtm
1481 314 1845 362 ‘rnnomexffl
2230 306 2347 367 129

329 430 664 487 infinitatem
703 445 772 485 ex
796 435 954 502 parte
982 430 1102 499 Dei,
1144 439 1338 488 contra
1369 448 1531 505 quem
1573 431 1954 489 committitur.
2000 434 2346 495 Manifestum

331 528 418 578 est
443 520 588 576 enim
630 518 776 592 quod
807 524 1014 591 quanto
1045 520 1219 592 major
1255 536 1487 593 persona
1516 528 1599 577 est
1636 516 1827 578 contra
1863 540 2029 595 quam
2064 536 2343 598 peccatur,

331 616 486 667 tanto
517 613 802 682 pecc-atum
837 614 921 663 est
948 609 1189 679 gravius,
1222 609 1367 663 sicut
1396 609 1490 681 qui
1520 611 1615 665 dat
1656 612 1869 682 alapam
1915 611 2091 681 militi,
2125 618 2346 687 gravius

330 704 636 770 reputatur
647 712 814 768 quam
839 696 884 750 si
917 694 1076 751 daret
1116 696 1341 762 rustice,
1375 705 1432 751 et
1474 696 1652 752 adhuc
1678 698 1847 753 multo
1877 700 2099 769 gravius
2126 704 2169 757 si
2196 706 2347 777 prin-

330 788 460 859 cipi,
492 785 577 840 vel
604 786 738 855 regi.
771 785 839 838 Et
867 784 948 857 sic
982 800 1107 839 cum
1137 786 1280 839 Deus
1303 784 1376 839 sit
1404 784 1615 841 infinite
1648 802 1893 859 magone,
1929 790 2131 846 offensa
2157 802 2345 851 contra

331 875 511 948 ipsum
557 874 850 930 commissa
891 880 975 929 est
1025 874 1431 945 quodammodo
1470 872 1724 930 infinita:
1766 876 2007 933 unde-et
2037 880 2349 953 aliqualiter

333 978 495 1035 poena
535 961 748 1016 infinita
776 958 827 1015 ei
865 959 1115 1015 debetur.
1147 960 1268 1015 Non
1311 968 1502 1015 autem
1538 968 1719 1034 potest
1764 978 1885 1019 esse
1928 981 2088 1037 poena
2114 963 2347 1027 'infinita

331 1050 620 1117 intensive,
651 1050 780 1123 quia
809 1048 940 1104 nihil
980 1057 1226 1105 creatum
1255 1049 1336 1105 sic
1373 1050 1645 1105 infinitum
1682 1066 1801 1107 esse
1830 1060 2013 1125 potest
2043 1072 2056 1110 ε
2086 1058 2228 1115 unde
2258 1077 2345 1115 re-

330 1140 616 1212 linquitur,
645 1138 791 1211 quod
830 1147 1064 1212 peccato·
1081 1138 1298 1193 mortali
1329 1137 1559 1194 debetur
1602 1156 1762 1211 poena
1793 1142 2004 1197 infinita
2035 1130 2343 1205 duratione.

330 1231 493 1297 Item,
521 1229 572 1284 ei
602 1225 697 1303 qui
725 1227 924 1298 corrigi
955 1232 1152 1300 potest,
1189 1244 1348 1300 poena
1375 1216 1691 1299 temporalis
1724 1229 1951 1288 infertur
1976 1234 2044 1289 ad
2074 1236 2193 1306 ejus
2219 1253 2346 1294 cor·

329 1319 650 1388 rectionem,
689 1316 775 1373 vel
823 1318 1232 1390 purgationem3
1262 1317 1306 1372 si
1356 1312 1523 1387 igitur
1553 1316 1753 1389 aliquis
1780 1336 1829 1376 ·a
1882 1331 2107 1394 peccato
2145 1327 2345 1398 corrigi

329 1424 440 1463 non
470 1414 667 1480 potest,
714 1406 810 1463 sed
856 1406 1109 1467 voluntas
1152 1406 1270 1477 ejus
1300 1405 1573 1462 obstinate
1617 1408 1833 1465 firmata
1879 1412 2045 1466 estin
2092 1423 2339 1486 peccatu,

329 1498 475 1553 sicut
496 1512 659 1570 supra
680 1496 748 1552 de
772 1495 1046 1552 damnatis
1061 1495 1272 1550 dictum
1296 1501 1399 1563 est,
1419 1497 1537 1567 ejus
1560 1512 1719 1569 poena
1740 1499 2015 1555 terminari
2038 1518 2140 1557 nou
2158 1503 2339 1563 debet.

948 1667 1230 1738 CAPUT
1287 1668 1713 1738 CLXXXIV.

478 1809 655 1885 Quod
679 1808 998 1893 praedicta
1000 1810 1358 1871 conveniunt
1379 1810 1561 1873 etiam
1589 1811 1735 1871 aliis
1760 1811 2191 1889 spiritualibus

863 1888 1244 1972 substantiis,
1275 1898 1438 1960 siout
1466 1893 1800 1960 animabus.

403 2031 543 2101 Quia
587 2046 715 2088 vero
742 2030 900 2085 homo
941 2030 998 2086 in
1027 2038 1225 2087 natura
1256 2028 1612 2086 intellectuali
1654 2046 1779 2087 cum
1813 2031 2033 2103 Angelis
2060 2038 2335 2103 convenit,

327 2122 388 2177 in
421 2120 621 2193 quibus
661 2120 829 2175 etiam
873 2127 1054 2191 potest
1083 2135 1201 2175 esse
1228 2128 1514 2191 peccatum
1540 2119 1684 2176 sicut
1726 2128 1781 2176 et
1810 2119 1863 2175 in
1906 2119 2231 2191 hominibus,
2280 2136 2339 2181 ut

327 2227 495 2283 supra
534 2210 738 2265 dictum
779 2218 882 2276 est,
930 2198 1292 2281 quaecumque
1327 2208 1478 2265 dicta
1524 2215 1652 2265 sunt
1694 2209 1762 2265 de
1810 2226 1991 2282 poena,
2033 2212 2115 2267 vel
2167 2213 2341 2285 gloria
2376 2210 2380 2214 ’

329 2300 655 2368 animarum,
686 2298 1036 2369 intelligenda
1061 2297 1229 2353 etiam
1269 2304 1395 2353 sunt
1441 2297 1509 2353 de
1550 2298 1722 2370 gloria
1750 2298 2038 2367 bonorum,
2084 2309 2139 2358 et
2178 2296 2338 2375 poena

327 2388 596 2447 malorum
634 2386 952 2459 angelorum
984 2402 997 2443 ε
1028 2387 1131 2442 hoc
1160 2392 1343 2442 tamen
1372 2386 1549 2442 solum
1574 2386 1716 2444 inter
1746 2387 1991 2445 homines
2019 2397 2075 2445 et
2103 2394 2339 2465 Angelos

329 2477 534 2543 differt,
560 2476 704 2549 quod
741 2474 1212 2530 confirmationem
1236 2474 1534 2531 voluntatis
1558 2475 1612 2529 in
1635 2476 1796 2545 bonu,
1832 2483 1886 2532 et
1916 2477 2338 2538 obstinationem

329 2565 388 2623 in
415 2565 574 2633 mam,
607 2566 803 2621 animae
826 2563 1048 2637 quidem
1084 2563 1338 2621 humanae
1375 2563 1577 2621 habent
1603 2581 1727 2620 cum
1759 2582 1789 2621 a
1818 2582 2047 2639 corpore
2074 2584 2339 2642 separan-

329 2661 442 2723 tur,
473 2656 614 2712 sicut
641 2671 805 2727 supra
839 2654 1048 2711 dictum
1087 2659 1170 2709 est
1204 2670 1218 2708 ε
1246 2652 1435 2724 Angeli
1463 2670 1592 2709 vero
1636 2656 1853 2725 quando
1884 2650 2058 2728 primo
2086 2675 2212 2715 cum
2237 2678 2339 2718 vo·-

321 2746 547 2811 ,luntate
575 2743 869 2799 deliberata
900 2741 1004 2797 sibi
1046 2741 1208 2797 finem
1239 2743 1649 2814 praestituerunt
1678 2742 1759 2797 vel
1791 2744 1983 2813 Deum,
2019 2746 2102 2801 vel
2134 2748 2339 2821 aliquid
2410 2806 2415 2812 ,

325 2840 600 2898 creatum,
628 2838 684 2887 et
705 2848 768 2887 ex
799 2838 929 2888 tunc
957 2831 1124 2899 beati,
1149 2829 1234 2885 vel
1261 2830 1449 2885 miseri
1471 2828 1599 2883 facti
1626 2835 1772 2884 sunt.
1801 2828 1862 2885 I'n
1887 2832 2171 2890 animabus
2196 2838 2339 2892 enim

321 2920 584 2987 humanis
607 2918 942 2975 mutabilitas
965 2936 1084 2975 esse
1104 2924 1286 2993 potest
1312 2933 1416 2972 non
1446 2916 1620 2973 solum
1645 2934 1711 2971 ex
1737 2916 1989 2987 libertate
2019 2918 2335 2991 'volunt-ati&

327 3010 430 3070 sed
457 3010 624 3068 etiam
651 3027 718 3065 ex
745 3009 1114 3065 mutabilitate
1134 3008 1378 3081 corporis
1406 3022 1419 3061 ι
1448 3005 1505 3061 in
1530 3005 1751 3077 Angelis
1780 3022 1909 3062 vero
1934 3023 1999 3063 ex
2026 3008 2140 3065 sola
2172 3011 2340 3067 liber-

317 3107 449 3167 'tate
480 3100 712 3156 arbitrii.
740 3099 809 3153 Et
853 3099 974 3154 ideo
1004 3096 1196 3169 Angeli
1226 3112 1293 3151 ex
1334 3096 1512 3168 prima
1540 3094 1807 3150 electione
1837 3095 2339 3157 immutabilitatem

313 3194 758 3265 consequuntur,
807 3188 1004 3243 animae
1046 3201 1176 3252 vero
1224 3201 1331 3240 non
1377 3183 1481 3240 nisi
1528 3200 1653 3239 cum
1700 3183 1903 3239 fuerint
1949 3201 1980 3241 a
2022 3189 2342 3260 corporibus

328 3285 533 3334 exutae.
561 3276 644 3334 Ad
670 3275 1063 3333 ostendendum
1092 3274 1256 3346 igitur
1280 3275 1775 3329 remunerationem
1799 3272 2084 3343 bonorum,
2117 3278 2168 3332 in
2193 3280 2344 3351 Sym·

310 3366 456 3424 -bolo
491 3366 615 3422 fidei
657 3364 858 3421 dicitur
887 3364 1104 3422 :Vitam
1132 3370 1408 3418 cateruam.
1442 3362 1575 3433 Quae
1605 3361 1826 3434 quidem
1869 3377 1975 3419 non
2005 3371 2088 3423 est.
2133 3364 2342 3439 intelli-

321 3450 508 3529 'genda
531 3464 738 3512 aeterna
762 3453 938 3509 solum
966 3459 1186 3526 propter
1211 3450 1573 3519 durationem,
1601 3451 1696 3506 sed
1722 3452 1897 3523 magis
1926 3463 2146 3525 propter
2174 3452 2342 3511 aeter-

327 3546 521 3602 nitatis
554 3541 888 3600 fruitionem.
921 3542 1023 3599 Sed
1066 3541 1196 3614 quia
1221 3541 1370 3596 ‘circa
1399 3540 1503 3595 hoc
1528 3542 1695 3596 etiam
1733 3540 1841 3597 alia
1872 3540 2043 3599 multa
2072 3540 2342 3601 credenda

315 3626 643 3700 occurrunt,
676 3648 802 3705 quae
831 3632 980 3687 dicta
1015 3637 1144 3687 sunt
1193 3629 1261 3684 de
1309 3629 1932 3702 poenismdamnatorum
1967 3640 2043 3688 ‚et
2081 3632 2153 3687 de'
2193 3633 2344 3688 finali

225 3734 240 3747 ·
311 3731 478 3803 ‘statu
506 3722 714 3789 mundi,
744 3721 1003 3776 utomnia
1021 3720 1111 3775 hic
1129 3734 1315 3792 compi
1319 3718 1737 3785 ehenderentur
1762 3721 1819 3775 in
1841 3722 2097 3793 Symbolo
2123 3720 2345 3777 Patrum

315 3814 568 3885 ⁴positum
595 3817 714 3867 est·.
742 3810 922 3869 Vitam
951 3809 1132 3881 futuri
1158 3808 1356 3865 saeculi.
1391 3808 1654 3866 Futurum
1685 3812 1830 3864 enim
1872 3811 2134 3868 saeculum
2160 3812 2345 3868 omnia

324 3900 645 3975 hujusmodi
674 3898 1106 3998 comprehendit.

867 4016 918 4063 S.
953 4016 1108 4065 Tuon.
1143 4014 1228 4069 AQ.
1265 4014 1528 4063 opuscula.
1552 4012 1671 4063 -1.
1703 4008 1817 4061 -9
1890 3996 1897 4006 ’
