2850 4517
820 306 865 362 1.
896 334 976 347 —
1004 306 1405 365 oourhnmum'
1456 310 1844 365 'rnitonoem‘
2067 324 2072 327 ·
2205 302 2322 365 143

306 435 364 491 in
391 432 635 501 tertium,
661 432 806 490 sicut
836 433 1108 493 eiementa
1132 435 1190 492 in
1216 451 1419 508 corpus
1457 436 1718 494 mistum:
1748 437 1868 495 haec
1901 428 2090 495 'autem
2131 435 2318 493 omnia

308 530 559 580 removet
586 520 783 579 divina
810 523 1249 581 immutabilitas.
1277 527 1400 582 Non
1438 524 1776 582 immutabile
1822 530 1925 593 est,
1949 540 2126 599 neque
2168 524 2315 598 quod

306 611 363 667 in
384 610 622 667 alterum
645 613 1010 684 convertitur,
1034 629 1214 687 neque
1247 614 1304 670 in
1337 614 1489 687 'quod
1519 614 1753 670 aiterum
1793 614 2071 671 conveniri
2109 620 2315 686 potest.

306 700 443 757 Cum
462 705 593 772 er'go
622 708 819 758 natura
846 700 1033 758 divina
1057 702 1112 757 in
1142 718 1201 759 se
1222 702 1294 759 sit
1320 701 1750 776 perfecta,nul{o
1779 702 1940 759 modo
1965 708 2313 775 potestesse,

306 790 455 862 quod
480 788 641 845 simul
671 804 795 845 cum
818 789 1004 863 aliqua
1028 798 1227 849 natura
1263 791 1319 847 in
1339 806 1505 847 unam
1531 796 1784 847 naturam
1829 792 2142 848 conveniat.
2170 792 2319 849 Rur-

307 887 449 945 sum,
481 878 529 933 si
554 878 679 950 quis
725 892 909 935 rerum
945 878 1193 937 ordinem
1230 879 1560 945 consideret,
1595 878 1805 936 additio
1843 879 2066 951 maioris
2101 881 2320 953 perfec-

308 966 475 1022 tionis
495 965 673 1022 variat
700 971 915 1023 naturae
950 967 1210 1040 speciem.
1234 967 1477 1025 Alterius
1506 968 1653 1023 enim
1693 967 1897 1041 speciei
1945 973 2050 1038 est,
2067 964 2226 1041 quod
2261 976 2319 1025 et

306 1054 446 1111 vivit
472 1061 705 1123 tantum,
739 1058 801 1111 ut
829 1054 1035 1128 planta,
1063 1072 1237 1129 quam
1257 1057 1405 1131 quod
1434 1065 1519 1113 est
1554 1061 1787 1113 tantum.
1811 1055 1968 1126 Quod
2009 1065 2194 1114 autem
2233 1063 2319 1113 est

303 1149 360 1199 et
383 1144 545 1211 vivit,
572 1149 630 1200 et
652 1144 843 1215 sentit,
870 1150 931 1200 ut
956 1144 1177 1211 animai,
1205 1152 1291 1203 est
1314 1144 1542 1202 alterius
1569 1144 1772 1217 speciei
1797 1160 1963 1217 quam
1987 1145 2132 1218 quod
2158 1150 2318 1201 estet

303 1231 445 1288 vivit
468 1236 705 1301 tantum,
737 1239 799 1289 ut
826 1232 1031 1305 planta.
1050 1235 1209 1305 Item,
1240 1234 1386 1307 quod
1410 1241 1516 1300 est,
1541 1234 1698 1301 vivit,
1728 1234 1912 1302 sentit,
1941 1239 1997 1289 et
2028 1233 2316 1305 intelligit,

302 1330 365 1377 ut
390 1320 571 1389 hom0,
606 1329 691 1378 est
719 1322 946 1379 alterius
970 1323 1194 1394 speciei,
1222 1338 1389 1397 quam
1416 1322 1565 1396 quod
1593 1327 1697 1391 est,
1729 1320 1866 1379 vivit
1893 1330 1950 1378 et
1991 1323 2162 1379 se‘ntit
2187 1329 2318 1378 tan-

303 1418 447 1477 tum,
474 1415 536 1466 ut
575 1410 777 1467 animal
814 1410 1054 1469 brutum.
1084 1412 1140 1468 Si
1179 1411 1349 1483 igitur
1390 1411 1484 1469 illa
1520 1420 1736 1479 natura,
1769 1422 1896 1484 quae
1933 1412 2155 1485 ponitur
2193 1426 2316 1467 esse

301 1497 526 1568 Christi,
556 1514 722 1572 supra
753 1498 875 1557 haec
907 1500 1089 1557 omnia
1134 1499 1327 1557 habuit
1367 1499 1514 1574 quod
1560 1501 1808 1558 divinum
1835 1506 1938 1568 est,
1971 1514 2316 1574 consequens

300 1594 387 1659 est
418 1577 565 1659 quod
591 1588 685 1645 illa
709 1597 905 1645 natura
929 1588 1156 1645 alterius
1180 1588 1345 1645 fuerit
1369 1588 1575 1661 speciei
1598 1606 1629 1645 a
1659 1595 1857 1646 natura
1879 1589 2138 1660 humana,
2170 1590 2316 1645 sicut

298 1681 505 1733 natura
539 1676 778 1734 humana
819 1693 853 1733 a
899 1683 1097 1734 natura
1139 1676 1286 1733 bruti
1328 1677 1602 1756 animane.
1633 1679 1825 1751 Neque
1854 1678 2103 1735 Christus
2145 1678 2315 1748 igitur

296 1763 406 1821 fuit
433 1764 597 1822 homo
621 1766 869 1839 ejusdem
890 1766 1116 1839 speciei,
1148 1766 1297 1838 quod
1335 1765 1535 1822 salsum
1573 1782 1694 1823 esee
1733 1767 2039 1823 ostenditur
2078 1783 2142 1823 ex
2185 1766 2309 1834 hoc,
2391 1788 2401 1798 ·

295 1853 452 1925 quod
478 1855 551 1911 ab
579 1853 887 1909 hominibus
921 1854 1223 1911 secundum
1251 1868 1473 1910 carnem
1501 1854 1818 1925 progenitus
1839 1853 1962 1921 fuit,
1992 1855 2136 1911 sicut
2169 1855 2316 1911 Mat-

294 1943 487 1999 thaeus
512 1941 755 1998 ostendit
786 1942 839 1997 in
874 1940 1144 2013 principio
1178 1940 1460 2013 Evangelii
1503 1942 1589 1997 sui
1628 1942 1816 1998 dicens
1847 1957 1860 1997 t
1892 1941 2054 1997 Liber
2083 1958 2316 2014 qenero-

298 2030 471 2087 tiom's
488 2030 620 2087 Iesu
644 2027 855 2087 Christi
878 2029 988 2102 filii
1011 2029 1211 2095 David,
1234 2030 1341 2101 filii
1365 2029 1664 2118 Abraham.

970 2200 976 2209 ’
1016 2202 1300 2272 CAPUT
1346 2202 1600 2273 CCVII.
1629 2204 1650 2219 ⁵

355 2344 582 2410 Contra
606 2362 863 2409 errorem
886 2345 1213 2409 Manichaei
1238 2344 1492 2409 dicentis
1526 2341 1836 2409 Christum
1857 2362 1976 2407 non
1997 2336 2274 2409 habuisse

633 2447 642 2455 ·
760 2452 965 2497 verum
992 2434 1854 2517 corpur,·sedplcantascicum.

376 2568 528 2625 Sicut
561 2574 747 2626 autem
790 2568 1051 2625 Photinus
1084 2570 1373 2627 evacuavit
1410 2569 1805 2627 incarnationis
1843 2569 2188 2642 mysterium,
2221 2567 2312 2623 di-

304 2658 496 2715 vinam.
538 2666 789 2714 naturam
827 2675 859 2714 a
900 2658 1113 2715 Christo
1156 2657 1470 2724 auferendO,
1511 2658 1592 2713 sic
1635 2656 1970 2713 Manichaeus
2015 2656 2313 2713 auferendo

308 2747 621 2803 humanam.
638 2745 779 2816 Quia
806 2747 951 2803 enim
980 2744 1217 2820 ponebat
1246 2751 1421 2800 totam
1450 2753 1759 2801 creaturam
1787 2760 2107 2817 corpoream
2131 2761 2164 2801 a
2188 2744 2314 2799 dia-

307 2834 430 2891 bolo
450 2835 619 2891 fuisse
646 2842 909 2902 creatam,
941 2849 1043 2890 nec
1079 2840 1202 2905 erat,
1239 2831 1570 2887 conveniens
1596 2840 1658 2885 ut
1697 2830 1822 2886 boni
1852 2832 1953 2886 Dei
1983 2831 2126 2887 filius
2151 2846 2314 2885 assu-

307 2931 481 2981 meret
531 2922 733 2980 diaboli
785 2929 1119 2989 creaturam,
1160 2920 1284 2976 ideo
1328 2917 1516 2991 posuit
1565 2908 1842 2973 Christum
1898 2933 2004 2973 non
2054 2917 2314 2973 habuisse

305 3028 493 3071 veram
522 3028 762 3081 carnem,
793 3014 889 3070 sed
917 3010 1317 3085 phantasticam
1346 3012 1578 3073 tantum,
1606 3010 1664 3061 et
1687 3006 1868 3061 omnia
1894 3022 2018 3079 quae
2047 3006 2104 3063 in
2127 3006 2315 3062 Evan-

306 3099 448 3174 gelio
473 3101 543 3157 de
571 3102 789 3157 Christo
810 3106 1101 3157 narrantur
1144 3098 1211 3155 ad
1253 3097 1546 3154 humanam
1583 3102 1836 3151 naturam
1877 3096 2226 3165 pertinentia,
2257 3094 2312 3152 in

306 3191 613 3264 phantasia,
642 3197 696 3246 et
731 3206 835 3246 non
875 3190 929 3244 in
966 3190 1198 3245 veritate
1237 3188 1379 3243 facta
1420 3186 1590 3243 fuisse
1633 3183 1933 3241 asserebat.
1960 3185 2090 3243 Haec
2127 3191 2312 3241 autem

309 3282 506 3353 positio
534 3279 823 3335 manifeste
848 3294 1021 3335 sacrae
1048 3278 1334 3350 scripturae
1358 3275 1702 3341 contradicit,
1723 3288 1848 3347 quae
1868 3273 2141 3330 Christum
2171 3290 2312 3330 asse-

310 3372 377 3426 rit
406 3370 477 3426 de
508 3368 733 3441 Virgine
767 3376 973 3434 natum,
1001 3368 1405 3435 circumcisum,
1451 3363 1727 3430 esuriisse,
1760 3363 2080 3446 comedisse,
2114 3370 2171 3419 et
2204 3362 2314 3419 alia

309 3457 615 3531 pertulisse,
640 3474 767 3531 quat
794 3456 1067 3531 pertinent
1092 3455 1436 3513 adhumanae
1459 3454 1642 3510 carnis
1671 3450 2118 3512 naturam.Falsa
2146 3451 2313 3522 igitur

310 3556 451 3604 esset
492 3546 914 3619 Evangeliorum
953 3546 1227 3621 scriptura
1272 3545 1392 3600 haec
1429 3558 1658 3600 narrans
1698 3542 1768 3599 de
1808 3541 2044 3599 Christ0.
2075 3541 2306 3606 RursuS,

311 3635 423 3709 ipse
445 3637 694 3693 Christus
718 3636 787 3693 de
806 3652 867 3693 se
891 3636 1026 3691 dicit
1060 3652 1072 3689 :
1099 3635 1167 3690 In
1192 3634 1285 3690 hoc
1308 3642 1468 3691 natus
1498 3640 1700 3699 sum,et
1721 3632 1792 3689 ad
1815 3634 1906 3688 hoc
1931 3630 2053 3687 veni
2077 3630 2138 3684 in
2161 3643 2311 3685 mun·

312 3724 453 3791 dum,
482 3732 545 3783 ut
570 3724 925 3783 testimonium
948 3723 1247 3798 perhibeam
1278 3712 1522 3779 veritati.
1548 3724 1668 3779 Non
1711 3722 1904 3778 suisset
1942 3722 2129 3803 autem
2158 3718 2310 3774 veri-

315 3816 441 3872 tatis
462 3816 647 3886 testie,
672 3818 765 3873 sed
795 3815 968 3888 magis
996 3814 1272 3884 falsitatiS,
1302 3814 1347 3871 si
1377 3814 1430 3868 in
1459 3829 1518 3869 se
1541 3813 1968 3869 demonstrasset
2009 3806 2156 3882 quod
2199 3822 2308 3863 non

292 3912 446 3975 erat,
474 3906 782 3978 praesertim
809 3920 933 3963 cum
962 3902 1275 3979 praedixerit
1301 3919 1359 3960 se
1379 3916 1666 3975 passurum
1695 3914 1820 3974 quae
1843 3900 1962 3957 sine
1985 3912 2116 3957 vera
2143 3912 2309 3955 carne
