2850 4517
659 396 745 450 ne·
770 420 853 435 —
892 394 1275 449 memmiae
1316 397 1560 448 comm
1601 403 1857 450 eRAEcos
2024 408 2030 415 ·
2135 379 2256 449 '225

254 522 347 597 qui
380 522 469 577 est
492 526 677 577 motus
712 519 787 577 ab
812 519 1111 577 intrinseco
1151 518 1421 595 principio
1455 518 1775 593 procedens,
1809 517 2033 593 spiritus
2071 533 2270 578 nomen

254 612 461 685 accepit
506 624 521 667 ε
556 608 705 667 unde
740 608 1149 677 convenienter,
1181 608 1484 666 secundum
1511 603 1660 681 quod
1686 607 1876 665 divina
1901 606 2156 665 humanis
2189 610 2271 665 si-

256 699 497 774 gnificari
532 705 782 773 possunt,
828 698 946 771 ipse
991 698 1211 756 divinus
1252 710 1405 755 amor
1463 690 1766 771 procedens
1807 696 2032 770 spiritus
2076 714 2269 755 nomen

257 788 482 863 accepit.
510 786 621 846 Sed
647 788 703 845 in
730 788 887 845 nobis
919 802 1074 867 amor
1102 804 1169 845 ex
1192 786 1397 862 duplici
1441 802 1608 845 causa
1637 786 1906 862 procedit,
1943 790 2273 863 quandoque

256 880 473 953 quidem
494 891 563 933 ex
580 889 844 950 corporea
868 884 925 933 et
952 876 1221 935 materiali
1246 884 1465 944 natura,
1495 889 1620 951 quae
1644 886 1728 935 est
1754 888 1908 935 amor
1935 878 2270 945 immundus,

257 970 381 1045 quia
410 982 507 1041 per
532 980 659 1023 eum
684 966 893 1039 puritas
917 967 1119 1023 mentis
1143 965 1397 1025 turbatur
1427 984 1441 1022 z
1475 967 1806 1041 quandoque
1837 970 2024 1025 autem
2049 986 2117 1026 ex
2154 969 2272 1047 ipsa

258 1058 589 1132 proprietate
636 1064 853 1113 naturae
892 1054 1230 1129 spiritualis,
1277 1058 1421 1113 sicut
1459 1072 1586 1113 cum
1623 1060 1876 1114 amamus
1909 1056 2273 1130 intelligibilia

256 1149 415 1215 bona,
449 1152 507 1204 et
544 1160 670 1220 quae
698 1144 897 1203 rationi
924 1144 1281 1217 conveniunt,
1324 1154 1380 1202 et
1407 1142 1500 1202 hic
1527 1153 1612 1203 est
1642 1158 1794 1203 amor
1823 1161 2012 1221 purus·
2052 1146 2116 1204 In
2160 1148 2274 1205 Deo

256 1244 437 1295 autem
465 1249 620 1293 amor
640 1234 943 1291 materialis
970 1234 1148 1301 locum
1178 1250 1284 1291 non
1312 1234 1500 1302 habet,
1527 1235 1915 1292 convenienter
1938 1235 2105 1309 igitur
2134 1253 2276 1294 amo·

256 1340 374 1384 rem
399 1324 571 1397 ipsius
600 1336 709 1382 non
746 1323 924 1381 solum
953 1323 1228 1397 spiritum,
1269 1324 1363 1380 sed
1394 1320 1660 1397 Spiritum
1699 1326 1958 1381 Sanctum
1987 1341 2272 1393 vocamus,

255 1422 319 1471 ut
345 1430 443 1488 per
482 1413 587 1471 hoc
618 1413 766 1487 quod
794 1412 1000 1471 dicitur
1027 1419 1271 1481 sanctus,
1322 1414 1442 1486 ejus
1469 1412 1683 1486 puritas
1711 1412 2068 1487 exprimatur.
2097 1412 2275 1472 Mani·

256 1505 455 1562 festum
474 1506 782 1570 astantem,
808 1501 957 1575 quod
978 1499 1110 1558 nihil
1135 1514 1321 1559 amare
1346 1516 1635 1575 possumus
1655 1499 1984 1574 intelligibili
2004 1509 2060 1558 et
2083 1511 2274 1561 sancto

258 1606 461 1661 amore,
494 1590 597 1649 nisi
620 1590 769 1665 quod
799 1599 929 1648 actu
957 1605 1053 1663 per
1080 1590 1421 1648 intellectum
1453 1588 1812 1665 concipimus.
1845 1590 2142 1667 conceptio
2171 1610 2276 1651 au-

258 1692 370 1741 tem
396 1679 709 1739 intellectus
750 1681 837 1737 est
880 1678 1131 1748 verbum,
1181 1680 1325 1736 unde
1372 1684 1591 1754 oportet
1637 1678 1785 1753 quod
1829 1696 1982 1739 amor
2027 1697 2062 1738 a
2105 1682 2275 1741 verbo

257 1770 489 1829 oriatur.
527 1769 768 1826 Verbum
796 1773 985 1827 autem
1021 1766 1124 1825 Dei
1162 1768 1395 1825 dicimus
1443 1781 1564 1825 esse
1606 1763 1824 1840 Filium,
1863 1784 1930 1826 ex
1971 1785 2080 1843 quo
2121 1778 2276 1845 patet

255 1860 523 1933 Spiritum
566 1860 827 1916 Sanctum
864 1872 987 1915 esse
1014 1871 1049 1915 a
1084 1856 1241 1914 Filio.
1272 1857 1428 1916 Sicut
1469 1867 1656 1917 autem
1699 1858 1945 1915 divinum
1972 1859 2276 1933 intelligere

255 1956 346 2007 est
382 1945 671 2025 ejusesse,
702 1947 782 2003 ita
820 1948 991 2005 etiam
1016 1959 1202 2004 amare
1231 1944 1328 2004 Dei
1372 1951 1458 2002 est
1491 1948 1612 2019 ejus
1651 1959 1772 2003 esse
1818 1964 1832 2004 z
1863 1952 1919 2003 et
1945 1948 2090 2005 sicut
2130 1949 2276 2006 Deus

256 2050 480 2110 semper
506 2040 635 2093 actu
675 2035 946 2109 intelligit,
992 2044 1051 2093 et
1090 2036 1273 2093 omnia
1316 2034 1670 2107 intelligendo
1715 2034 1954 2108 seipsum
1998 2030 2272 2109 intelligit,

254 2125 341 2185 ita
370 2126 538 2181 etiam
567 2140 627 2181 se
651 2131 819 2192 amat,
850 2133 905 2181 et
931 2124 1114 2181 omnia
1140 2131 1290 2181 amat
1318 2140 1476 2181 suam
1509 2122 1812 2181 bonitatem
1845 2125 2102 2182 amando.
2124 2124 2279 2183 Sicut

256 2230 392 2287 ergo
432 2213 531 2270 Dei
569 2212 736 2282 Flius,
769 2213 862 2286 qui
892 2219 977 2270 est
1002 2213 1243 2270 Verbum
1272 2213 1394 2281 Dei,
1433 2210 1740 2269 subsistens
1767 2218 1852 2269 est
1880 2213 1936 2269 in
1955 2220 2164 2271 natura
2188 2215 2278 2271 di-

254 2305 393 2367 vina
424 2309 481 2359 et
504 2310 808 2359 coaeternus
834 2302 1005 2370 Patri,
1039 2290 1206 2376 atque
1236 2302 1510 2376 perfectus
1537 2307 1594 2359 et
1625 2301 1836 2372 unione,
1866 2302 1946 2359 ita
1969 2304 2136 2360 etiam
2160 2303 2280 2361 haec

255 2391 449 2450 omnia
477 2392 545 2449 de
566 2392 772 2465 Spiritu
799 2392 1001 2449 Sancto
1028 2391 1277 2449 confiteri
1314 2396 1554 2465 oportet.
1581 2390 1666 2447 Ex
1683 2391 1790 2449 hoo
1815 2400 2001 2449 autem
2023 2386 2280 2466 colligere

256 2496 571 2556 possumuS,
603 2480 753 2554 quod
798 2496 924 2537 cum
954 2496 1113 2537 omne
1138 2480 1282 2555 quod
1310 2480 1561 2537 subsistit
1589 2480 1646 2537 in
1687 2488 1884 2539 natura
1919 2480 2276 2555 intelligente,

258 2571 412 2644 apud
436 2582 533 2627 nes
556 2584 790 2643 persona
817 2570 1054 2639 dicatur,
1078 2570 1222 2645 apud
1243 2567 1469 2627 Graecos
1495 2574 1682 2627 autem
1699 2569 2030 2645 hypostasis,
2057 2588 2282 2629 necesse

256 2666 351 2717 est
372 2658 557 2715 dicere
580 2658 729 2733 quod
748 2658 987 2717 Verbum
1014 2658 1136 2727 Dei,
1168 2658 1316 2731 quod
1345 2658 1518 2715 filium
1541 2660 1903 2727 nominamus,
1933 2661 2006 2716 sit
2028 2660 2283 2733 quaedam

254 2748 599 2823 hypostasis,
632 2762 730 2804 seu
768 2761 1019 2822 persona,
1050 2754 1108 2805 et
1148 2746 1295 2803 idem
1322 2743 1392 2803 de
1429 2746 1636 2819 Spiritu
1666 2747 1868 2804 Sancto
1897 2742 2008 2804 dici
2044 2752 2280 2820 oportet.

256 2834 419 2895 Nulli
442 2842 629 2893 autem
654 2841 739 2892 est
766 2835 1010 2905 dubium,
1040 2836 1174 2911 quin
1211 2836 1381 2902 Deus,
1409 2850 1444 2892 a
1471 2850 1580 2908 quo
1608 2835 1836 2891 verbum
1881 2843 1937 2898 et
1971 2851 2125 2892 amor
2153 2853 2285 2909 pro-

254 2926 439 2993 cedit,
470 2924 546 2981 sit
582 2938 671 2981 res
696 2924 1018 2994 subsistens,
1046 2932 1111 2983 ut
1138 2924 1307 2982 etiam
1332 2924 1440 2981 dici
1480 2923 1652 2997 possit
1678 2923 2010 2997 hypostasis,
2041 2922 2127 2981 vel
2156 2941 2287 2999 per·-

257 3028 427 3073 sona.
457 3014 529 3070 Et
558 3028 654 3088 per
687 3014 833 3072 hunc
870 3014 1097 3073 modum
1132 3013 1522 3071 convenienter
1556 3012 1808 3085 ponimus
1851 3012 1909 3068 in
1945 3010 2145 3069 divinis
2175 3019 2289 3071 tres

256 3116 557 3179 personas,
588 3101 799 3161 scilicet
834 3117 1127 3177 personam
1172 3102 1371 3171 Patris,
1400 3112 1706 3175 'personam
1741 3100 1882 3168 Filii,
1915 3107 1971 3158 et
1999 3118 2289 3175 personam

258 3191 517 3265 Spiritus
554 3192 763 3251 Sancti.
810 3194 923 3251 Has
968 3198 1154 3251 autern
1198 3194 1309 3250 tres
1350 3204 1630 3265 personas,
1685 3188 1773 3246 vel
1810 3188 2137 3265 hypostases
2181 3206 2289 3248 non

259 3279 513 3337 dicimus
550 3295 671 3336 esse
706 3296 805 3355 per
842 3280 1138 3338 essentiam
1175 3280 1443 3349 diversae,
1476 3280 1608 3355 quia
1647 3282 1711 3335 ut
1751 3278 1961 3336 dictum
2007 3286 2112 3347 est,
2145 3280 2290 3336 sicut

258 3366 585 3439 intelligere
613 3374 669 3425 et
696 3382 885 3426 amare
913 3370 1013 3427 Dei
1042 3375 1130 3427 est
1176 3384 1295 3442 ejus
1322 3384 1476 3437 esse,
1517 3363 1865 3427 ita‘verbum
1893 3371 1950 3424 et
1989 3382 2142 3424 amor
2175 3368 2296 3439 ejus

259 3463 406 3515 sunt
431 3455 552 3529 ipsa
586 3458 824 3515 essentia
851 3450 975 3515 Dei.
1002 3457 1283 3533 Quidquid
1326 3460 1514 3515 autem
1541 3454 1610 3513 de
1637 3456 1752 3514 Deo
1781 3454 2029 3515 absolute
2067 3454 2291 3525 dicitur,

258 3560 386 3604 non
411 3550 495 3601 est
528 3542 678 3602 aliud
706 3561 876 3620 quam
898 3543 1000 3606 Dei
1026 3547 1285 3604 essentia.
1318 3546 1444 3605 Non
1471 3545 1618 3603 enim
1643 3552 1727 3603 est
1752 3546 1898 3605 Deus
1929 3560 2176 3618 magnuS,
2207 3542 2298 3601 vel

258 3640 492 3709 potens,
522 3633 612 3693 vel
637 3634 1281 3704 bonusaccidentaliter,
1307 3634 1402 3692 sed
1429 3650 1526 3707 per
1549 3636 1846 3693 essentiam
1870 3650 2026 3692 suam
2056 3651 2070 3690 t
2104 3639 2159 3689 et
2186 3636 2299 3689 tres

256 3737 563 3799 personas,
611 3724 697 3782 vel
742 3722 1073 3799 hypostases
1106 3740 1216 3781 non
1256 3722 1492 3781 dicimus
1532 3723 1590 3779 in
1629 3723 1832 3781 divinis
1867 3724 2158 3780 distinctas
2204 3732 2302 3793 per

254 3811 491 3885 aliquid
536 3812 870 3882 absolutum,
902 3816 999 3871 sed
1042 3830 1141 3888 per
1178 3812 1325 3871 solas
1365 3812 1660 3871 relationes
1700 3828 1828 3887 quae
1855 3826 1927 3869 ex
1956 3806 2303 3884 processione

254 3900 435 3960 verbi
464 3909 523 3958 et
549 3903 756 3960 amoris
782 3904 1129 3977 proveniunt.
1159 3902 1229 3961 Bt
1266 3902 1397 3978 quia
1424 3902 1830 3978 processionem
1858 3901 2008 3958 verbi
2049 3902 2306 3957 nomina-³

250 4004 407 4053 mus
440 3992 876 4063 generationem,
916 4008 985 4049 ex
1024 3992 1376 4065 generatione
1420 4000 1605 4051 autem
1645 3991 1975 4065 proveniunt
2009 3986 2307 4049 relationes

800 4107 855 4159 s.
887 4108 1045 4166 Tuon.
1078 4102 1167 4169 An.
1200 4110 1468 4163 Oruscuu.
1490 4132 1554 4149 —
1575 4108 1613 4163 1.
1642 4130 1707 4148 -
1729 4102 1788 4161 ¹5
