2850 4517
544 373 662 433 498
1021 391 1074 438 s.
1117 389 1355 435 ‘rnouAE
1395 389 1723 441 Aomm'rrs
1764 389 2077 435 oruscnm

545 505 782 580 Cyrinus
809 506 945 564 dicit
985 506 1042 563 in
1082 507 1179 564 lib.
1219 505 1624 565 Thesaurorum
1656 523 1670 562 ε
1717 527 1743 560 α
1787 505 2017 577 Quando
2055 503 2296 579 Spiritus
2337 509 2572 564 sanctus

514 588 603 648 *in
659 595 815 650 nobis
847 593 1160 662 effunditur,
1193 596 1563 668 configuratos
1603 596 1945 652 demonstrat
1980 610 2077 651 nos
2119 595 2233 650 Deo
2280 610 2294 650 τ
2340 594 2572 666 profluit

545 683 694 739 enim
735 700 768 740 a
808 685 969 741 Patre
1010 690 1066 741 et
1092 683 1250 742 Filio.
1301 704 1329 738 r
1371 685 1452 741 Ex
1485 701 1594 758 quo
1640 685 1809 742 etiam
1851 682 2104 750 habetur,
2136 682 2285 756 quod
2327 683 2573 756 Spiritus

546 781 771 830 sanctus
799 773 870 830 ab
895 778 1103 832 aeterno
1131 779 1215 830 est
1244 787 1276 830 a
1299 773 1437 830 Filio
1464 781 1727 848 tanquam
1763 772 1835 830 ab
1860 772 1981 846 ipso
2008 771 2306 829 essentiam
2330 771 2569 829 habens.

745 945 902 1009 Item
928 943 1092 1026 quod
1114 945 1326 1011 Filius
1350 945 1698 1026 deoriyiuat
1721 915 2033 1026 Spiritum
2057 948 2360 1008 sanctum.

617 1067 696 1144 i'3x
726 1087 1149 1145 auctoritatibus
1171 1088 1488 1145 eorumdem
1516 1088 1683 1146 etiam
1700 1087 1969 1155 habetur,
1997 1087 2143 1162 quod
2173 1087 2345 1143 Filius
2378 1087 2573 1144 deori-

549 1177 702 1248 ginat
746 1177 1010 1250 Spiritum
1051 1186 1322 1235 sanctum.
1367 1177 1516 1234 Dicit
1543 1178 1691 1234 enim
1728 1177 2059 1234 Athanasius
2086 1177 2143 1232 in
2172 1190 2426 1233 sermone
2463 1177 2572 1233 Ni-

549 1266 687 1324 caeni
717 1266 956 1335 concilii,
994 1267 1142 1340 quod
1171 1268 1286 1338 ipse
1315 1265 1485 1322 Filius
1511 1282 1579 1323 ex
1604 1282 1664 1322 se
1690 1265 2014 1322 naturaliter
2041 1270 2097 1321 et
2127 1264 2570 1323 coessentialiter

553 1364 613 1412 ut
642 1361 726 1412 est
753 1357 921 1423 Deus,
951 1355 1260 1426 deoriginat
1287 1354 1546 1429 spirando
1568 1354 1843 1428 spiritum.
1869 1352 1939 1409 Et
1960 1354 2017 1408 in
2044 1351 2274 1426 epistola
2298 1354 2369 1410 ad
2398 1354 2571 1410 Sera-

549 1444 768 1516 pionem
803 1443 959 1511 dicit,
1000 1444 1148 1516 quod
1189 1443 1360 1500 Filius
1387 1446 1443 1500 in
1476 1442 1672 1516 spiritu
1698 1458 1731 1500 a
1766 1441 2196 1515 se'deoriginato
2237 1441 2571 1500 naturaliter

550 1537 810 1604 operatur
839 1531 1190 1605 tanquam-in
1221 1547 1321 1589 sua
1347 1531 1569 1606 propria
1604 1532 1829 1599 virtute,
1871 1531 2019 1604 quod
2049 1545 2155 1587 non
2185 1530 2405 1588 videtur
2428 1547 2567 1587 con-

550 1618 834 1676 venienter
862 1620 931 1676 ad
965 1620 1321 1694 temporalem
1351 1620 1757 1695 processionem
1793 1636 1953 1694 posse
1991 1619 2155 1677 trahi.
2197 1620 2338 1678 Nam
2368 1619 2440 1676 ab
2472 1619 2565 1677 illo

552 1708 926 1782 deoriginatur
960 1709 1180 1783 aliquis,
1219 1725 1253 1767 a
1297 1726 1410 1784 quo
1449 1709 1617 1768 habet
1642 1725 1801 1766 suum
1836 1725 1978 1782 esse.
2021 1709 2378 1788 Deoriginare
2418 1708 2569 1766 enim

553 1803 638 1852 est
664 1798 931 1870 originem
956 1797 1120 1855 alicui
1145 1798 1297 1855 dare.

898 1967 1078 2043 Quod
1101 1966 1316 2044 Filius
1341 1972 1431 2031 est
1458 1971 1671 2031 auctor
1697 1965 1979 2047 Spiritus
2002 1965 2224 2029 sancti.

621 2099 868 2173 Habetu‘r
909 2109 1080 2166 etiam
1118 2124 1151 2166 a
1193 2109 1473 2182 praedictis
1507 2108 1831 2165 Doctoribus
1868 2106 2017 2181 quod
2057 2106 2227 2163 Filius
2262 2106 2337 2162 sit
2372 2114 2569 2164 auctor

551 2196 788 2270 Spiritus
810 2199 1008 2255 sancti.
1040 2197 1186 2254 Dicit
1211 2198 1355 2255 enim
1373 2197 1707 2255 Athanasius
1729 2198 1785 2254 in
1812 2197 2045 2278 epistola
2074 2197 2144 2254 ad
2168 2195 2523 2269 Serapionem
2548 2213 2569 2253 z

556 2305 583 2338 α
629 2287 922 2358 Apostolus
949 2302 1075 2360 quae
1104 2287 1158 2342 in
1199 2303 1265 2344 eo
1292 2293 1551 2360 operatur
1583 2286 1811 2360 spiritus
1846 2294 1904 2343 et
1938 2283 2125 2353 efficit,
2169 2284 2308 2341 Filio
2349 2284 2575 2352 auctori

555 2374 674 2445 ejus
715 2374 968 2432 attribuit
1012 2391 1026 2428 ι
1069 2375 1212 2450 sicut
1249 2382 1306 2431 et
1339 2375 1483 2430 filius
1515 2389 1640 2448 quae
1666 2377 1783 2449 ipse
1827 2373 1963 2431 facit
1986 2389 2172 2447 opera,
2203 2389 2306 2440 suo
2350 2373 2573 2430 auctori

553 2461 669 2518 Deo
701 2462 848 2516 Patri
885 2461 1160 2516 attribuit.
1195 2480 1224 2514 »
1253 2462 1569 2520 Auctoritas
1599 2469 1783 2520 autem
1810 2463 1867 2519 in
1895 2462 2093 2518 divinis
2118 2461 2370 2520 Personis
2402 2462 2577 2526 unius

555 2548 627 2605 ad
667 2547 894 2606 alteram
931 2564 1041 2605 non
1075 2553 1179 2620 est,
1213 2548 1317 2606 nisi
1344 2550 1648 2607 secundum
1684 2551 1828 2624 quod
1862 2549 2193 2610 aeternaliter
2228 2565 2338 2606 una
2375 2555 2464 2605 est
2494 2550 2575 2606 ab

445 2708 450 2713 ⁸
557 2635 686 2696 alia.
717 2636 816 2694 Est
843 2653 974 2710 ergo
1001 2637 1236 2711 Spiritus
1263 2646 1490 2697 sanctus
1516 2639 1853 2698 aeternaliter
1880 2656 1911 2696 a
1932 2639 2092 2731 Filio.

594 2791 601 2798 “
655 2886 663 2892 ,
739 2809 896 2892 Item
920 2809 1083 2890 quod
1109 2808 1322 2872 Filius
1347 2813 1439 2873 est
1454 2808 1833 2890 principium
1858 2807 2142 2888 Spiritus
2160 2807 2380 2872 rama.

623 2951 870 3010 Habetur
892 2951 1057 3007 etiam
1080 2951 1135 3006 in
1163 2951 1445 3026 praedictis
1473 2951 1915 3018 auctoritatibus,
1944 2951 2091 3024 quod
2120 2949 2291 3007 Filius
2314 2950 2387 3006 sit
2409 2949 2577 3024 prin-

553 3041 760 3115 cipium
799 3039 1032 3112 Spiritus
1071 3040 1269 3098 sancti.
1314 3041 1463 3118 Dicit
1488 3041 1633 3098 enim
1672 3041 1904 3114 Gregor.
1933 3040 2311 3097 Nazianzenus
2346 3037 2405 3094 in
2442 3054 2577 3096 ser-

554 3143 717 3186 mone
756 3127 974 3184 coneilii
1014 3128 1601 3202 Constantinopolitani
1652 3146 1667 3186 :
1708 3147 1740 3184 ιι
1787 3127 2173 3186 Necessarium
2213 3133 2301 3184 est
2341 3126 2577 3185 credere

555 3221 806 3275 sanctam
846 3213 1188 3284 Trinitatem,
1232 3217 1453 3274 Patrem
1483 3216 1695 3274 scilicet
1735 3216 1853 3274 sine
1882 3214 2170 3289 principio,
2200 3213 2397 3271 Filium
2434 3230 2575 3271 vero

552 3303 884 3378 principium
912 3318 943 3360 a
972 3306 1132 3364 Patre
1159 3302 1448 3378 principio,
1473 3306 1740 3380 Spiritum
1766 3313 1954 3363 autem
1974 3311 2230 3363 sanctum
2256 3318 2384 3359 cum
2410 3302 2575 3376 prin-

553 3393 700 3467 cipio
736 3393 878 3450 Filio
905 3409 1074 3450 unum
1115 3395 1290 3451 Deum
1317 3409 1442 3452 esse
1477 3411 1575 3469 per
1603 3395 1807 3454 omnia.
1842 3414 1869 3448 ι
1907 3396 2071 3453 Pater
2112 3400 2301 3452 autem
2328 3407 2433 3466 per
2464 3391 2577 3449 hoc

555 3489 642 3539 est
675 3481 1004 3556 principium
1037 3480 1177 3548 Filii,
1211 3482 1358 3557 quod
1397 3483 1567 3541 Filius
1604 3491 1689 3542 est
1718 3484 1788 3542 ab
1822 3499 1889 3541 eo
1927 3483 2287 3543 aeternaliter.
2330 3481 2575 3554 Spiritus

555 3587 687 3644 ergo
712 3576 936 3628 sanctus
961 3569 1296 3628 aeternaliter
1319 3577 1405 3628 est
1431 3588 1464 3629 a
1488 3571 1647 3631 Filio.

857 3737 1014 3807 Item
1040 3742 1202 3824 quod
1227 3743 1438 3808 Filius
1463 3743 1551 3808 sit
1572 3746 1715 3823 som
1735 3741 2017 3825 Spiritus
2040 3740 2267 3806 sancti.

626 3883 886 3941 liabetur.
911 3885 1079 3942 etiam
1115 3902 1181 3942 ex
1222 3886 1646 3970 auctoritatibus
1686 3900 1895 3953 eorum,
1937 3869 2084 3957 quod
2121 3881 2294 3938 Filius
2332 3879 2409 3937 sit
2450 3881 2573 3938 fons

559 3967 796 4058 Spiritus
821 3974 1022 4052 sancti,
1041 3975 1188 4044 Dicit
1210 3975 1355 4049 enim
1373 3975 1707 4042 Athanasius
1734 3975 1793 4032 in
1807 3988 2058 4032 sermone
2074 3970 2290 4032 Nicaeni
2309 3969 2531 4028 concilii
2550 3985 2567 4026 t
