2850 4517
679 348 769 407 tv.
794 376 875 389 —
900 360 981 405 nn
1020 348 1444 406 Priamei-town
1485 329 1653 404 ‘v'rrAE
1707 361 2083 409 srnurnms
2268 342 2386 409 317

370 480 677 553 posuimus,
705 476 812 535 Sed
836 476 1189 534 inveniuntur
1211 476 1480 545 nonnulli,
1512 477 1608 551 qui
1633 486 1900 551 quantum
1934 479 2003 536 ad
2031 480 2386 554 superaddita

366 568 517 625 hunc
544 566 793 624 ordinem
831 564 1143 623 dilectionis
1182 574 1522 640 pervertunt,
1558 566 1701 623 sicut
1729 557 1856 625 cum
1892 576 2114 641 propter
2151 569 2384 627 salutem

367 656 458 715 vel
493 654 917 713 delectationem
940 654 1187 727 corporis
1219 655 1423 712 bonum
1449 655 1674 713 virtutis
1701 663 1798 713 aut
1823 658 2068 715 scientiae
2093 658 2252 714 multi
2283 658 2386 715 ab·

365 745 593 818 jiciunt.
635 744 957 817 Rursusque
998 750 1222 816 propter
1258 744 1534 801 exteriora
1573 744 1716 802 bona
1753 745 2143 818 conquirenda,
2187 763 2385 820 corpus
2460 789 2466 796 .

368 835 530 893 suum
563 831 823 906 periculis
847 840 905 889 et
936 830 1213 889 laboribus
1253 831 1633 890 immoderatis
1660 840 1955 906 exponunt,
2004 850 2238 907 quorum
2276 850 2384 891 non

368 928 455 980 est
486 928 638 980 recta
674 920 917 988 dilectio,
949 921 1135 987 imme,
1170 924 1230 977 ut
1258 920 1493 994 amplius
1521 921 1720 989 dicam,
1753 938 1855 979 nec
1897 938 2028 979 vere
2055 924 2149 979 isti
2177 922 2386 996 seipsos

369 1011 597 1083 diligere
619 1008 1064 1083 comprobantur.
1091 1008 1207 1065 Hoc
1230 1009 1376 1065 enim
1401 1010 1637 1065 maxime
1661 1010 1879 1066 videtur
1903 1026 2022 1067 esse
2051 1012 2386 1085 unumquod-

370 1115 497 1173 que,
530 1099 676 1173 quod
706 1103 791 1155 est
834 1098 1037 1169 inipso
1064 1097 1419 1170 praecipuum.
1452 1098 1608 1155 Unde
1650 1106 1704 1154 et
1740 1098 2024 1156 civitatem
2052 1099 2259 1173 aliquid
2298 1100 2386 1157 fa-

369 1204 497 1245 cere
532 1186 781 1256 dicimus,
814 1186 1036 1260 quando
1078 1185 1135 1243 id
1172 1186 1382 1244 faciunt
1418 1186 1694 1260 principes
1732 1187 1994 1245 civitatis.
2039 1188 2384 1247 Manifestum

370 1283 455 1334 est
483 1278 647 1345 enim,
688 1274 834 1349 quod
863 1275 1200 1348 praecipuum
1228 1275 1283 1331 in
1324 1274 1544 1332 homine
1573 1282 1658 1332 est
1686 1276 1889 1345 anima,
1931 1286 1987 1335 et
2016 1278 2159 1334 inter
2188 1279 2384 1335 animae

369 1373 557 1441 partes
613 1366 729 1422 sive
770 1371 1094 1437 potestateS,
1141 1364 1283 1421 ratio
1321 1364 1438 1421 sive
1480 1364 1810 1422 intellectus,
1855 1366 1964 1435 Qui
2009 1382 2138 1439 ergo
2182 1368 2384 1423 bonum

372 1452 654 1511 rationalis
698 1452 895 1516 animae
936 1450 1235 1508 contemnit
1264 1450 1537 1508 inhaerens
1577 1450 1737 1509 bonis
1782 1454 2028 1526 corporis
2069 1452 2155 1511 vel
2185 1456 2384 1512 animae

371 1543 668 1609 sensitivae,
704 1540 1057 1598 manifestum
1094 1548 1197 1609 est,
1230 1540 1377 1613 quod
1414 1555 1524 1596 non
1551 1556 1682 1597 vere
1717 1540 1962 1614 seipsum.
1998 1542 2196 1615 diligit,
2243 1545 2382 1600 unde

372 1633 505 1689 etin
528 1631 727 1688 Psalm.
745 1646 805 1699 x,
824 1630 1027 1686 dicitur
1053 1646 1066 1685 ε
1096 1628 1205 1695 Qui
1222 1628 1401 1701 diliqit
1420 1628 1786 1705 iniquitatem,
1810 1630 1924 1687 odit
1941 1631 2181 1689 animam
2203 1648 2374 1689 suam.

370 1723 463 1780 Sic
511 1736 641 1793 ergo
689 1718 969 1775 rectitudo
1013 1719 1163 1774 circa
1208 1716 1556 1773 dilectionem
1583 1716 1838 1790 'proximi
1879 1720 2204 1789 instituitur,
2259 1738 2384 1777 cum

328 1806 333 1820 '
370 1809 686 1885 pra->cipitur
713 1807 895 1877 alicui,
928 1806 1073 1881 quod
1099 1804 1409 1879 proximum
1437 1805 1630 1877 diligat
1659 1806 1803 1863 sicut
1839 1808 2099 1880 seipsum,
2142 1815 2204 1865 ut
2231 1810 2405 1866 scili-'

370 1906 480 1967 cet,
510 1913 575 1955 eo
602 1898 791 1955 ordine
818 1897 962 1957 bona
988 1893 1253 1969 proximis
1275 1900 1446 1967 optet,
1477 1894 1586 1966 quo
1611 1894 1716 1951 sibi
1743 1900 1935 1967 optare
1963 1896 2143 1963 debet,
2175 1898 2382 1969 praeci-

373 2003 481 2061 pue
526 1986 747 2060 quidem
773 1983 1083 2059 spiritualia
1109 1982 1271 2050 bona,
1304 1982 1502 2039 deinde
1548 1982 1691 2039 hona
1720 1980 1994 2056 corpori&
2041 1984 2208 2041 etiam
2259 2002 2386 2059 quae

370 2078 429 2133 in
458 2074 817 2132 exterioribus
846 2074 1003 2130 honis
1040 2072 1367 2131 consistunt.
1393 2072 1450 2129 Si
1495 2072 1620 2144 quis
1655 2086 1786 2128 vero
1829 2072 2076 2145 proximo
2113 2071 2256 2131 hona
2284 2092 2385 2131 exa

370 2160 587 2223 teriora
614 2168 767 2237 optet
793 2168 987 2221 contra
1026 2156 1262 2218 salutem
1302 2160 1568 2233 corporiS,
1616 2165 1712 2217 aut
1737 2158 1880 2217 bona
1912 2162 2158 2234 corporis
2193 2170 2386 2220 contra

372 2254 605 2311 salutem
642 2253 861 2319 animae‚
906 2266 1015 2307 non
1050 2262 1179 2307 eum
1221 2248 1401 2321 diligit
1439 2248 1583 2307 sicut
1627 2249 1889 2322 seipsum.
1933 2250 2119 2307 Tertio
2159 2267 2290 2308 vero
2319 2268 2387 2309 ex

373 2342 638 2416 praedicto
668 2340 830 2404 modo
856 2338 1197 2414 praecipitur,
1230 2346 1295 2395 ut
1317 2339 1391 2395 sit
1418 2335 1611 2395 sancta
1637 2338 1869 2411 proximi
1899 2338 2140 2397 dilectio.
2172 2341 2385 2397 Dicitur

372 2432 521 2488 enim
549 2430 1057 2505 aliquid-sanctum,
1090 2443 1157 2486 ex
1184 2444 1249 2485 eo
1294 2428 1441 2502 quod
1485 2428 1772 2496 ordinatur
1798 2428 1867 2486 ad
1912 2430 2284 2499 Deum,'nnde
2330 2437 2386 2487 et

374 2521 547 2579 altare
574 2526 828 2578 sanctum
867 2518 1089 2589 dicitur,
1120 2518 1252 2591 quia
1279 2518 1395 2574 Deo
1422 2523 1510 2575 est
1537 2514 1801 2587 dicatum,
1843 2514 1900 2577 et
1939 2518 2048 2575 alia
2075 2517 2386 2593 hujusmodi

374 2626 501 2684 quae
528 2610 713 2668 divino
753 2602 1059 2667 ministerio
1090 2606 1494 2679 mancipantur.
1537 2605 1701 2677 'Quod
1743 2615 1930 2664 autem
1973 2607 2174 2681 aliquis
2219 2608 2387 2666 alium

372 2697 571 2771 diligat
609 2699 753 2755 sicut
778 2698 1036 2770 seipsum,
1079 2708 1147 2752 ex
1172 2696 1279 2751 hoc
1312 2695 1600 2765 contingit,
1639 2696 1788 2767 quod
1817 2697 2254 2755 communionem
2280 2699 2386 2754 ali-

374 2800 545 2861 quam
590 2786 660 2843 ad
702 2787 935 2845 invicem
974 2784 1179 2843 habent
1223 2784 1325 2839 :in
1354 2779 1623 2856 quantum
1651 2781 1796 2838 enim
1841 2778 2028 2855 'aliqua
2073 2783 2182 2840 duo
2223 2786 2386 2841 simul

372 2874 728 2943 conveniunt,
760 2874 1174 2932 considerantur
1223 2870 1383 2944 quasi
1433 2883 1620 2935 unum,
1653 2874 1710 2923 et
1751 2868 1834 2925 sic
1879 2885 2047 2925 unum
2095 2886 2283 2927 eorum
2329 2889 2388 2929 se

370 2962 543 3025 habet
572 2962 642 3019 ad
672 2960 905 3019 alterum
942 2962 1086 3024 sieut
1108 2958 1183 3018 ad
1216 2959 1478 3031 seipsum.
1503 2957 1782 3029 Contingit
1809 2957 1955 3013 enim
1985 2956 2198 3031 aliquos
2226 2960 2384 3030 du03,

374 3050 752 3125 multipliciter
779 3050 1093 3107 convenire.
1140 3048 1480 3106 Conveniunt
1517 3045 1662 3102 enim
1700 3045 1870 3118 aliqui
1918 3045 2154 3105 naturali
2185 3054 2390 3106 con've-

374 3140 584 3196 nientia
626 3137 923 3196 secundum
964 3138 1373 3211 generationem
1420 3134 1714 3202 carnalem,
1757 3141 1892 3207 puta
1938 3136 2032 3209 qui
2079 3153 2145 3193 ex
2184 3136 2390 3193 eisdem

374 3226 697 3301 parentibus
732 3228 1003 3295 oriuntur,
1044 3226 1138 3285 alii
1184 3240 1314 3285 vero
1360 3220 1694 3283 conveniunt
1719 3223 2102 3281 convenientia
2149 3226 2388 3298 quadam

374 3316 547 3383 civili,
591 3324 731 3389 puta
764 3317 1065 3389 quia.sunt
1090 3314 1337 3388 ejusdem
1380 3311 1626 3369 civitatis
1642 3311 1954 3383 ,municipes
1988 3318 2044 3369 et
2068 3313 2172 3369 sub
2199 3314 2390 3371 eodem

374 3402 623 3479 principe
649 3411 705 3461 et
735 3403 943 3459 eisdem
966 3402 1175 3473 legibus
1194 3402 1589 3475 gubernantur.
1620 3398 1688 3466 Et
1711 3399 2014 3455 secundum
2039 3402 2390 3474 unumquod-

310 3502 320 3509 ·
372 3508 486 3565 que
532 3487 773 3549 officium
811 3492 901 3549 vel
938 3492 1382 3563 negotiationem,
1429 3490 1614 3563 aliqua
1650 3488 2052 3557 convenientia,
2101 3489 2189 3545 vel
2235 3504 2391 3545 com-

374 3579 677 3637 municatio
696 3580 1005 3651 invenitur,
1035 3581 1177 3637 sicut
1205 3579 1301 3653 qui
1329 3585 1460 3635 sunt
1485 3578 1622 3636 socii
1651 3578 1712 3635 in
1743 3576 2095 3650 negotiando,
2127 3577 2214 3635 vel
2243 3579 2392 3633 mili-

374 3670 566 3735 tando,
588 3667 677 3724 vel
696 3668 878 3725 fabrili
900 3668 1081 3726 officio
1097 3684 1193 3725 seu
1218 3666 1472 3740 artificio,
1493 3675 1590 3725 aut
1614 3668 1671 3725 in
1689 3683 2038 3742 quocumque
2056 3666 2388 3740 hujusmodi.

372 3757 446 3815 Et
480 3756 795 3829 hujusmodi
842 3758 1069 3830 quidem
1104 3746 1479 3829 proximorum
1525 3756 1846 3815 dilectiones
1887 3758 2130 3813 honestae
2171 3756 2392 3831 quidem

374 3852 434 3903 et
461 3851 630 3905 rectae
649 3854 883 3919 possunt
904 3862 1049 3917 esse,
1073 3846 1310 3909 sednon
1334 3860 1401 3902 ex
1424 3844 1532 3903 hoc
1559 3852 1764 3903 sanctae
1791 3846 2069 3913 dicuntur,
2091 3846 2188 3901 sed
2217 3848 2393 3903 solum

372 3951 447 3993 ex
472 3934 579 3992 hoc
600 3935 757 4008 ‘quod
784 3935 1009 3994 dilectio
1036 3934 1269 4010 proximi
1294 3932 1578 3993 ordinatur
1605 3934 1668 3991 in
1693 3934 1868 3991 Deum
1901 3950 1918 3991 z
1947 3932 2262 3992 sicutenim
2289 3934 2393 3993 ho-
