2850 4517
896 325 943 369 1.
974 340 1056 357 -
1081 308 1484 371 contemnum
1517 312 1900 373 'ranonoarffl
2291 294 2400 379 1⁹71

392 435 640 505 Mariam,
669 435 829 492 donee
848 436 1061 509 peperit
1086 436 1260 508 filium
1280 445 1438 493 suum
1458 438 1898 513 primoqenitum,
1919 444 2078 514 quasi
2109 449 2405 516 postquam

392 526 606 599 peperit
640 523 938 593 Christum,
970 539 1095 582 eam
1119 528 1459 599 cognoverit,
1493 528 1642 601 quia,
1681 528 1857 596 donee,
1903 530 1956 585 in
1987 530 2092 587 hoc
2137 531 2257 589 loco
2298 547 2404 588 non

390 614 669 687 significat
691 621 907 686 tempus
944 615 1177 683 finitum,
1204 615 1303 671 sed
1327 616 1830 674 indeterminatum.
1863 618 1960 674 Est
1995 621 2141 677 enim
2168 637 2405 677 consue-

391 703 527 760 tudo
556 716 730 761 sacrae
769 703 1087 776 Scripturae,
1118 708 1178 759 ut
1218 720 1389 777 usque
1418 709 1552 761 tunc
1591 706 1907 779 specialiter
1944 715 2155 765 asserat
2195 710 2402 783 aliquid

394 790 621 857 factum,
670 789 759 845 vel
800 805 908 846 non
953 789 1181 859 factum,
1227 807 1515 864 quousque
1555 792 1611 864 in
1654 793 1882 849 dubium
1932 801 2150 867 poterat
2197 798 2402 853 venii-e.

390 880 545 937 Sicut
578 878 780 937 dicitur
803 878 859 935 in
891 880 1031 937 Psal.
1072 896 1169 937 mx
1203 898 1216 935 z
1248 880 1375 937 Sede
1402 898 1439 937 a
1466 880 1672 937 dextris
1693 882 1840 949 meis,
1874 882 2035 938 donec
2066 900 2263 956 ponam
2288 883 2405 941 ini-

394 969 551 1025 mices
592 975 709 1026 tuos
734 968 1013 1027 scabellum
1034 969 1230 1043 pedum
1273 977 1510 1028 tuorum.
1541 970 1781 1027 Dubium
1809 972 1955 1027 enim
1993 988 2114 1029 esse
2160 981 2402 1045 poterat,
2478 1000 2484 1006 ·

393 1074 462 1113 an
492 1058 743 1114 Christus
767 1058 985 1116 sederet
1012 1059 1081 1115 ad
1112 1059 1395 1117 dexteram
1422 1060 1544 1126 Dei,
1576 1060 1841 1133 quamdiu
1872 1076 1977 1117 non
2007 1061 2329 1119 viderentur
2356 1063 2406 1118 ei

393 1148 602 1203 inimici
631 1163 751 1203 esse
775 1148 1030 1220 subjecti,
1058 1148 1205 1222 quod
1230 1155 1524 1221 postquam
1551 1148 1870 1217 innotuerit,
1900 1148 2080 1205 nullus
2102 1151 2407 1208 remanebit

392 1235 681 1292 dubitandi
723 1236 895 1292 locus.
930 1236 1196 1294 Similiter
1232 1238 1401 1294 etiam
1447 1237 1672 1293 dubium
1714 1254 1835 1294 esse
1879 1245 2118 1312 poterat,
2160 1255 2230 1295 an
2278 1248 2406 1296 anto

390 1332 613 1399 partum
636 1324 732 1381 filii
761 1326 862 1382 Dei
887 1326 1089 1400 loseph
1115 1327 1343 1384 Mariam
1371 1327 1711 1398 cognoverit.
1743 1327 1898 1385 Unde
1927 1328 2031 1384 hoc
2055 1328 2406 1401 Evangelista

392 1429 675 1471 removere
696 1416 913 1473 curavit
940 1416 1098 1489 quasi
1126 1415 1491 1473 indubitabile
1515 1416 1852 1489 relinquenS,
1885 1416 2014 1491 quia
2039 1426 2163 1489 post
2186 1427 2406 1491 partum

390 1520 499 1561 non
527 1503 633 1561 fuit
660 1506 901 1577 cognita.
926 1507 1043 1563 Nec
1080 1506 1250 1562 etiam
1287 1507 1337 1561 ei
1370 1506 1704 1578 suffragatur
1738 1506 1886 1579 quod
1923 1506 2174 1564 Christus
2202 1508 2406 1563 dicitur

390 1596 511 1665 ejus
550 1595 967 1668 primogenitae,
1004 1596 1163 1669 quasi
1205 1602 1330 1669 post
1370 1596 1548 1669 ipsum
1591 1594 1728 1651 alios
1765 1595 2015 1667 genuerit
2055 1595 2217 1652 filice.
2255 1595 2406 1653 Solet

388 1682 539 1739 enim
582 1684 637 1738 in
667 1684 949 1757 Scriptura
978 1684 1375 1756 primogenitus
1415 1684 1528 1738 dici
1569 1690 1698 1741 ante
1728 1699 1892 1755 quem
1938 1684 2130 1759 nullus·
2164 1686 2402 1755 genium,

385 1772 563 1828 etiam
586 1773 633 1826 si
661 1780 785 1844 post
820 1774 1001 1844 ipsum
1031 1772 1213 1828 nullus
1240 1779 1530 1844 sequatur,
1553 1772 1698 1827 sicut
1737 1779 1889 1843 patet
1917 1771 1985 1828 de
2030 1773 2409 1845 primogenitis

383 1862 486 1935 qui
535 1861 837 1915 secundum
876 1860 1054 1930 legem
1090 1860 1578 1917 sanctificabantur
1621 1860 1883 1925 Domine,
1925 1867 1982 1931 et
2021 1860 2408 1916 Sacerdotibus

378 1947 783 2005 offerebantur.
814 1949 931 2004 Nec
972 1948 1141 2003 etiam
1178 1948 1228 2002 ei
1270 1948 1620 2017 suffragatur,
1654 1944 1802 2018 quod
1829 1948 1880 2000 in
1905 1947 2201 2019 Evangelio
2239 1948 2408 2021 aliqui

381 2039 654 2095 dicuntur
680 2036 893 2093 fratres
935 2036 1137 2094 Christi
1178 2034 1365 2103 fuisse,
1410 2036 1569 2108 quasi
1611 2044 1791 2091 mater
1817 2036 1936 2107 ejus
1982 2035 2118 2093 alios
2157 2035 2409 2093 habuerit

384 2126 555 2183 filios·
579 2124 729 2182 Solet
748 2126 895 2181 enim
923 2125 1207 2197 Scriptura
1230 2124 1431 2180 fratres
1451 2123 1634 2179 dicere
1659 2138 1868 2191 omneS,
1893 2124 2136 2197 quisunt
2163 2125 2409 2197 ejusdem

340 2225 347 2229 '
384 2215 753 2288 cognationiS,
784 2214 927 2270 sicut
971 2212 1249 2271 Abraham
1280 2212 1419 2269 Loth
1449 2228 1608 2268 suum
1651 2211 1877 2269 fratrem
1915 2214 2238 2273 nominavit.
2283 2219 2406 2269 cum

388 2312 578 2371 tamen
606 2310 756 2361 esset
797 2318 965 2376 nepos
990 2304 1128 2375 ejus·
1160 2302 1227 2359 Et
1264 2301 1566 2358 secundum
1592 2301 1693 2357 hoc
1730 2310 1958 2375 nepotes
1984 2303 2192 2370 Marias,
2220 2308 2276 2358 et
2314 2302 2405 2358 alii

389 2396 513 2469 ejus
542 2392 933 2466 consanguinei
961 2392 1161 2447 fratres
1189 2388 1391 2448 Christi
1422 2390 1700 2459 dicuntur,
1728 2398 1786 2446 et
1814 2391 1984 2447 etiam
2011 2392 2406 2463 consanguinei

387 2483 610 2556 loseph,
642 2483 737 2555 qui
762 2488 922 2555 pater
946 2481 1148 2539 Christi
1183 2480 1506 2555 putabatur.
1533 2481 1602 2537 Et
1639 2481 1762 2537 ideo
1793 2481 1846 2537 in
1875 2480 2134 2555 Symbolo
2158 2481 2365 2537 dicitur
2391 2496 2403 2533 :

394 2574 499 2641 Qui
545 2580 705 2630 natus
746 2578 824 2627 est
868 2572 930 2627 de
975 2570 1199 2645 Virqt'ne
1244 2569 1436 2629 Maria
1485 2588 1499 2625 :
1549 2585 1674 2643 quae
1720 2569 1945 2643 quidem
1991 2571 2148 2642 virgo
2198 2568 2406 2623 dicitur

391 2662 663 2729 absolute,
690 2676 817 2735 quae
842 2667 899 2717 et
938 2668 1068 2718 ante
1092 2666 1331 2733 partum,
1358 2666 1415 2714 et
1448 2659 1504 2713 in
1543 2666 1726 2730 partu,
1760 2664 1816 2712 et
1853 2666 1978 2729 post
2001 2665 2222 2729 partum
2250 2657 2407 2725 virgo

340 2747 347 2755 “
388 2752 713 2823 permansit.
756 2750 827 2805 Et
863 2750 1089 2822 quidem
1134 2747 1282 2820 quod
1319 2751 1448 2802 ante
1485 2754 1726 2815 partum,
1774 2750 1982 2815 etpost
2027 2751 2248 2817 partum
2287 2745 2408 2813 ejus

388 2841 697 2915 virginitati
722 2840 1046 2912 derogatum
1075 2850 1183 2891 non
1211 2834 1396 2897 fuerit,
1427 2837 1564 2887 satis
1581 2833 1698 2902 jam
1727 2830 1938 2887 dictum
1963 2838 2068 2885 est.
2093 2831 2202 2887 Sed
2227 2830 2406 2887 necin

390 2939 554 3003 partu
601 2930 720 3000 ejus
745 2928 1037 2999 virginitas
1079 2922 1181 2980 fuit
1208 2920 1436 2979 violata.
1463 2919 1674 2990 Corpus
1706 2917 1852 2972 enim
1892 2917 2118 2982 Christi,
2146 2916 2294 2988 quod
2337 2919 2405 2973 ad

391 3018 693 3091 discipulos
708 3018 895 3090 januis
917 3014 1121 3074 clausis
1148 3009 1396 3078 intravit,
1423 3008 1602 3081 potuit
1630 3005 1823 3062 eadem
1850 3010 2128 3079 potestate
2155 3005 2224 3084 de
2249 3013 2407 3063 utero

391 3108 579 3163 clauso
608 3106 804 3163 matris
842 3105 1012 3161 exire.
1041 3103 1161 3160 Non
1192 3099 1338 3157 enim
1365 3096 1597 3153 decebat
1635 3103 1696 3151 ut
1723 3094 2095 3165 integritatem
2133 3094 2406 3150 nascendo

392 3196 642 3265 tolleret,
682 3196 778 3271 qui
824 3194 894 3253 ad
936 3194 1042 3251 hoc
1070 3189 1416 3257 nascebatur,
1453 3193 1512 3243 ut
1540 3191 1798 3257 corrupta
1845 3183 1900 3239 in
1929 3182 2198 3255 integrum
2227 3183 2406 3241 refor-

394 3292 592 3345 maret.

1047 3398 1330 3468 CAPUT
1394 3393 1749 3465 CCXXVI.

816 3536 912 3600 De
938 3532 1262 3613 defectibus
1288 3529 1618 3609 assumptis
1646 3544 1686 3591 a
1713 3525 1975 3591 Christo.

464 3645 519 3703 Si
550 3650 741 3703 autem
760 3639 1089 3699 conveniens
1113 3638 1235 3706 fuit,
1268 3642 1327 3695 ut
1348 3636 1492 3692 filius
1517 3635 1616 3693 Dei
1634 3644 1883 3691 naturam
1915 3646 2196 3689 assumens
2222 3630 2404 3689 huma-

398 3746 524 3789 nam
570 3738 794 3806 propter
848 3728 1144 3786 humanam
1198 3725 1466 3793 salutem,
1523 3724 1581 3779 in
1627 3728 1824 3779 natura
1878 3724 2156 3793 assumpta
2208 3718 2402 3776 salutis

401 3821 652 3881 humanae
681 3821 847 3877 finem
878 3818 1191 3876 ostenderet
1227 3832 1322 3889 per
1347 3813 1541 3887 gratiae
1565 3818 1620 3867 ct
1657 3811 1940 3883 sapientiae
1970 3808 2356 3883 perfectionem
2395 3847 2400 3850 «

404 3911 481 3975 ita
508 3912 679 3972 etiam
706 3909 1037 3970 conveniens
1060 3906 1182 3977 suit,
1206 3904 1352 3987 quod
1378 3904 1433 3961 in
1460 3904 1696 3960 humana
1720 3908 1913 3957 natura
1931 3908 2213 3977 assumpta
2238 3916 2273 3957 a
2294 3898 2396 3957 Dei
