2850 4517
450 391 571 452 392
928 393 989 465 ει.
1026 403 1259 452 moue.
1301 396 1646 464 neuma-ris·
1668 398 1980 447 croscum

1202 610 1678 717 0'SANCTU8

524 790 687 848 Fides
722 796 807 846 est
833 802 1175 860 summopere
1204 761 1425 850 credere
1459 784 1516 839 in
1536 766 1746 855 Deum,
1779 797 1974 857 panem
2001 788 2254 840 sanctum
2281 783 2469 855 edere,

458 888 515 937 et
537 886 776 935 tractare
804 893 971 933 eum:
997 876 1197 950 jubens
1224 862 1396 929 die'it.
1424 858 1653 939 Sumite,
1683 872 1797 941 Hoc
1825 878 1910 927 est
1933 886 2132 942 corpus
2156 887 2358 929 meum.

526 968 769 1023 Sanctus.
797 964 959 1023 Panis
988 965 1139 1063 prius
1170 951 1434 1027 cernitur,
1466 960 1562 1016 sed
1589 960 1722 1015 dum
1753 968 2128 1022 consecratur
2167 975 2296 1017 caro
2337 966 2470 1016 tunc

459 1052 691 1111 efficitur
718 1052 937 1119 Christi,
972 1052 1057 1108 sic
1094 1039 1339 1107 mutatur
1379 1048 1652 1131 quomodo
1690 1048 2052 1116 convertitur,
2093 1049 2240 1104 Deus
2267 1062 2470 1122 opera-

462 1150 571 1210 tur,
604 1140 869 1199 Dominus
895 1142 1044 1197 Deus
1074 1125 1339 1198 Sabaoth.
1364 1140 1444 1194 De
1471 1138 1598 1209 vino
1627 1136 1879 1199 similiter
1920 1136 1968 1192 si
1995 1136 2069 1192 sit
2093 1136 2488 1206 benedictum,·

461 1240 517 1288 et
551 1239 683 1288 tunc
710 1238 795 1287 est
834 1229 1107 1287 veraciter
1148 1220 1372 1312 sanguis
1398 1224 1602 1283 Christi
1643 1210 1853 1288 dictum
1889 1224 2180 1281 credamus
2219 1241 2468 1283 commu-

463 1322 607 1379 niter
647 1334 857 1388 verum,
884 1324 942 1375 et
977 1330 1085 1374 non
1134 1316 1342 1395 fictum.
1386 1314 1540 1383 Pleni
1567 1299 1696 1371 sunt
1733 1314 1860 1371 coeli
1884 1321 1940 1371 et
1983 1323 2134 1373 terra
2159 1312 2333 1386 gloria
2373 1322 2472 1372 tua

463 1411 705 1467 hosanna
745 1408 804 1463 in
843 1406 1095 1463 excelsis.
1127 1398 1313 1461 Nobis
1335 1401 1739 1459 celebrantibus
1764 1402 1912 1459 istud
1939 1402 2369 1471 Sacramentum,
2414 1409 2472 1461 et

463 1495 678 1554 cunctis
702 1494 953 1557 fidelibus
976 1494 1074 1551 fiat
1096 1492 1510 1553 nutrimentum.
1539 1492 1566 1545 J
1575 1488 1746 1548 udaeis
1768 1490 2090 1565 negantibus
2107 1492 2178 1547 sit
2205 1489 2262 1545 in
2285 1491 2470 1547 detri-

436 1578 728 1643 'mentum.
756 1583 1082 1642 Benedictus
1102 1580 1199 1658 qui
1220 1579 1371 1641 venit
1407 1580 1465 1684 in
1496 1580 1716 1682 nomine
1738 1577 1970 1655 Domini
2003 1577 2280 1635 hosanna
2265 1594 2322 1634 ιιι
2354 1594 2457 1638 ex-

465 1674 649 1734 celsis.

1280 1857 1674 1913 COMMUNIO

539 2004 1001 2077 Quotiescumque
1038 2000 1443 2063 manducabitis
1481 2016 1677 2074 panem
1702 1999 1867 2073 hunc,
1898 2005 1954 2057 et
1985 1998 2216 2057 calicem
2251 1998 2476 2067 bibetis,

471 2102 705 2154 mortem
747 2092 965 2150 Domini
1002 2090 1399 2167 annuntiabitis
1441 2092 1616 2146 donec
1655 2090 1860 2161 veniat.
1899 2089 2112 2162 Itaque,
2147 2088 2482 2162 quicumque

472 2181 885 2243 manducaverit
928 2195 1142 2254 panem,
1183 2177 1507 2237 velfbiberit
1535 2177 2020 2235 calicemDomini
2060 2175 2304 2249 indigne,
2357 2191 2484 2233 reus

404 2282 410 2287 '
475 2271 579 2331 erit
606 2270 851 2345 corporis
870 2275 927 2327 et
950 2267 1229 2343 sanguinis
1254 2266 1493 2345 Domini,
1517 2265 1791 2325 Alleluia.-

1174 2474 1760 2533 -POSTCOMMUNIO

546 2620 657 2679 Fac
683 2635 799 2687 nos,
846 2632 1180 2693 quaesumus,
1216 2616 1478 2685 Domine‚'
1502 2618 1808 2675 divinitatis
1836 2625 1948 2677 tuae
1975 2620 2309 2694 sempiterna
2345 2620 2488 2677 frui-

478 2712 628 2768 tione
666 2708 883 2783 repleri,
925 2723 1091 2784 quam
1122 2705 1347 2780 pretiosi
1373 2708 1620 2780 corporis
1647 2712 1704 2763 et
1744 2709 2024 2780 sanguinis
2053 2709 2134 2766 tui
2169 2708 2488 2783 temporalis

480 2800 757 2874 perceptio
783 2797 1120 2872 praefigurat,
1150 2795 1255 2865 Qui
1298 2795 1443 2854 vivis
1465 2805 1521 2853 et
1556 2811 1756 2868 regnas
1783 2812 1911 2853 cum
1949 2800 2062 2854 Deo
2086 2799 2248 2854 Patre
2276 2799 2332 2854 in
2359 2798 2490 2853 uni-

482 2896 595 2947 tate
634 2887 871 2961 Spiritus
914 2885 1100 2943 Sancti
1135 2884 1300 2953 Deus,
1335 2885 1438 2940 Per
1465 2884 1648 2941 omnia
1689 2885 1890 2942 saecula
1913 2886 2258 2955 saeculorum,
2288 2889 2488 2943 Amen.

598 3078 810 3139 Explicit
832 3076 1116 3137 opusculum
1138 3074 1569 3135 quinqnaoeaeimum
1587 3045 1836 3135 septimiam
1856 3075 1908 3123 S.
1936 3074 2096 3123 raom.
2117 3074 2176 3123 de
2195 3072 2370 3132 aquen.
