2850 4517
547 346 667 417 130
1021 375 1073 418 s.
1116 362 1351 417 monae
1391 362 1720 425 nomm-ris
1759 369 2074 418 oensem

1028 541 1477 634 succubus
1561 574 2071 631 TRACTATUS

1180 736 1465 804 CAPUT
1519 732 1918 801 CLXXXV.

949 878 1045 940 Do
1088 876 1210 954 fide
1250 875 1335 938 ad
1379 874 1812 938 humanitatem
1866 872 2122 937 Christi.

615 1010 757 1079 Quia
792 1024 942 1076 vero,
969 1007 1113 1065 sicut
1137 1009 1193 1064 in
1228 1007 1499 1081 principio
1526 1006 1736 1065 dictum
1773 1015 1877 1073 est,
1907 1004 2209 1062 christiana
2245 1004 2382 1061 fidae
2409 1005 2558 1061 circa

546 1100 656 1154 duo
691 1099 965 1172 praecipue
1006 1106 1278 1167 versatur,
1320 1095 1533 1154 scilicet
1577 1096 1726 1154 circa
1766 1095 2117 1151 divinitatem
2145 1094 2451 1162 Trinitatis,
2503 1102 2561 1150 et

546 1186 697 1242 circa
738 1185 1138 1243 humanitatem
1182 1182 1403 1252 Christi,
1458 1183 1759 1257 praemissis
1796 1180 1886 1237 his
1928 1196 2056 1255 quae
2095 1181 2166 1238 ad
2210 1179 2562 1237 divinitatem

548 1274 843 1345 pertinent,
868 1280 926 1333 et
949 1275 1175 1331 effectus
1196 1273 1335 1347 ejus,
1356 1272 1833 1343 considerandum
1868 1279 2043 1328 restat
2065 1272 2136 1326 de
2163 1269 2250 1325 his
2275 1285 2404 1342 quae
2429 1286 2563 1343 per-

550 1364 727 1419 tinent
773 1363 845 1420 ad
889 1364 1291 1420 humanitatem
1334 1361 1558 1419 Christi.
1600 1362 1670 1417 Et
1697 1362 1847 1434 quia,
1885 1364 1948 1414 ut
1994 1359 2130 1443 dicit
2157 1361 2349 1431 Apost.
2381 1360 2427 1418 Ι.
2485 1358 2560 1415 ad

550 1453 753 1508 Timet.
786 1468 809 1507 1
845 1466 860 1506 ε
890 1452 1141 1511 christus
1164 1452 1319 1509 Iesus
1344 1452 1488 1507 venit
1516 1452 1577 1507 in
1599 1452 1740 1507 hunc
1772 1448 2031 1505 mundum
2059 1454 2351 1519 peccatores
2390 1448 2564 1504 salvos
2589 1454 2594 1459 “

552 1538 750 1611 facere,
779 1540 1221 1611 praemittendum
1248 1539 1467 1595 videtur
1503 1537 1776 1611 quomodo
1801 1536 2102 1591 humanum
2133 1550 2307 1607 genus
2327 1534 2386 1590 in
2427 1551 2564 1607 pec-

554 1632 743 1683 catum
768 1626 979 1696 incidit,
1010 1634 1073 1683 ut
1099 1628 1181 1685 sic
1203 1628 1512 1685 evidentius
1548 1633 1897 1697 agnoscatur,
1924 1623 2200 1699 quomodo
2239 1639 2337 1697 per
2357 1624 2564 1681 Christi

558 1717 951 1775 humanitatem
977 1716 1225 1776 homines
1252 1734 1286 1775 a
1308 1718 1551 1792 peccatis
1579 1716 1901 1773 liberantur.

1168 1907 1454 1977 CAPUT
1507 1906 1933 1976 CLXXXVI.

696 2046 1120 2133 Depo-receptis
1146 2050 1311 2114 datis
1329 2050 1533 2127 primo
1556 2023 1807 2125 homini,
1835 2052 1894 2111 ot
1919 2046 2051 2125 ejus
2067 2047 2452 2127 perfectione.

1296 2140 1365 2200 in
1394 2140 1595 2217 primo
1621 2142 1816 2200 statu.
2115 2145 2124 2153 ·

628 2272 779 2329 Sicut
800 2280 967 2342 supra
994 2269 1203 2325 dictum
1227 2274 1330 2336 est,
1357 2268 1519 2326 homo
1544 2268 1602 2325 in
1625 2269 1709 2326 sui
1735 2268 2047 2327 conditione
2069 2267 2254 2326 taliter
2275 2268 2570 2327 institutus

558 2359 661 2415 fuit
690 2374 723 2415 a
750 2360 883 2424 Dee,
909 2367 972 2414 ut
994 2373 1192 2429 corpus
1214 2358 1436 2413 omnino
1463 2365 1608 2415 esset
1633 2359 1832 2416 animae
1860 2358 2189 2432 subjectum.
2214 2358 2570 2434 Rursumque

556 2448 702 2503 inter
735 2454 921 2519 partes
963 2446 1179 2513 animae,
1211 2445 1496 2503 inferiores
1524 2447 1671 2504 vires
1712 2448 1910 2504 rationi
1952 2447 2159 2521 absque
2203 2448 2570 2521 repugnantia

559 2536 977 2607 subjicerentur,
1027 2542 1083 2591 et
1122 2535 1240 2608 ipsa
1281 2535 1422 2591 ratio
1462 2536 1698 2594 hominis
1719 2543 1866 2594 esset
1906 2537 2020 2593 Deo
2047 2536 2315 2609 subjecta.
2343 2537 2426 2593 Ex
2461 2536 2572 2594 hoe

561 2631 747 2681 autem
771 2624 917 2697 quod
937 2636 1136 2696 corpus
1162 2630 1280 2681 erat
1297 2626 1495 2683 animae
1519 2625 1844 2699 subjectum,
1866 2626 2220 2699 contingebat
2247 2626 2394 2700 quod
2421 2626 2571 2684 nulla

558 2713 741 2788 passio
769 2714 824 2770 in
852 2729 1079 2788 corpore
1106 2722 1291 2788 posset
1320 2715 1587 2785 accidere,
1616 2732 1742 2789 quae
1765 2716 2006 2773 dominio
2030 2717 2229 2774 animae
2250 2730 2415 2789 super
2439 2726 2572 2773 eor-

560 2823 663 2880 pus
688 2810 1017 2880 repugnaret
1047 2820 1064 2861 :
1096 2805 1239 2865 unde
1272 2821 1374 2862 nec
1402 2806 1561 2874 mori,
1589 2819 1691 2862 nec
1734 2806 2022 2863 infirmitas
2047 2806 2102 2862 in
2125 2806 2344 2865 homine
2387 2805 2570 2863 locum

562 2896 818 2955 habebat.
848 2895 931 2952 Ex
951 2895 1289 2969 subjectione
1311 2912 1442 2953 vero
1474 2894 1790 2953 inferiorum
1817 2896 2016 2953 virium
2059 2896 2129 2953 ad
2153 2898 2422 2954 rationem
2448 2901 2571 2953 erat

566 2987 621 3042 in
662 2985 881 3043 homine
926 2985 1237 3043 omnimoda
1285 2986 1486 3042 mentis
1531 2984 1898 3057 tranquilitaS‚
1959 2988 2090 3058 quia
2139 2983 2281 3041 ratio
2327 2984 2570 3042 humana

564 3074 725 3130 nullis
760 3074 1087 3131 inordinatis
1112 3072 1823 3148 passionibus'tui·babatur.
1853 3073 1934 3129 Ex
1975 3072 2078 3129 hoc
2105 3090 2236 3131 vero
2273 3075 2422 3147 quod
2466 3088 2570 3132 vo·-

564 3163 743 3217 luntas
767 3162 1003 3220 hominis
1027 3170 1147 3220 erat
1174 3162 1289 3219 Deo
1320 3162 1586 3235 subjecta,
1619 3163 1780 3219 homo
1804 3162 2076 3219 referebat
2099 3162 2283 3220 omnia
2311 3163 2366 3218 in
2391 3163 2570 3220 Deum

562 3252 705 3305 sicut
729 3250 784 3306 in
812 3246 1064 3307 ultimum
1092 3252 1271 3319 linem,
1299 3252 1353 3306 in
1384 3268 1494 3325 quo
1524 3252 1643 3324 ejus
1664 3252 1900 3324 justitia,
1933 3259 1988 3307 et
2013 3252 2325 3309 innocentia
2352 3252 2572 3309 consis-

563 3340 737 3395 tebat.
762 3340 966 3396 Horum
990 3344 1173 3396 autern
1195 3340 1358 3396 trium
1382 3340 1634 3396 ultimum
1659 3347 1778 3397 erat
1800 3356 1968 3398 causa
1993 3339 2242 3397 aliorum.
2271 3341 2396 3398 Non
2425 3341 2569 3398 enim

564 3430 814 3486 hoc-erat
841 3446 909 3485 ex
954 3437 1148 3485 natura
1176 3430 1438 3503 corporis,
1478 3431 1524 3485 si
1563 3432 1680 3503 ejus
1707 3432 2089 3505 componentia
2130 3431 2565 3500 considerentur,

564 3518 709 3592 quod
751 3520 805 3575 in
853 3536 918 3576 eo
945 3518 1248 3586 dissolutiO,
1298 3521 1415 3576 sive
1458 3536 1819 3594 quaecumque
1863 3521 2042 3594 passio
2091 3522 2220 3578 vilae
2259 3530 2570 3594 repugnans

565 3609 743 3667 locum
772 3626 876 3667 non
901 3609 1147 3676 haberet,
1174 3625 1297 3665 cum
1320 3626 1443 3665 esse
1465 3626 1532 3665 ex
1555 3611 1847 3667 contrariis
1869 3611 2155 3669 elementis
2180 3613 2570 3683 compositum.

562 3696 824 3757 Similiter
849 3700 1015 3756 etiam
1040 3714 1147 3754 non
1173 3705 1291 3754 erat
1320 3716 1387 3753 ex
1413 3709 1608 3755 natura
1636 3702 1850 3769 animae,
1883 3700 2029 3774 quod
2059 3702 2203 3757 vires
2241 3701 2412 3757 etiam
2440 3690 2572 3757 sen·
2642 3761 2652 3773 ,

562 3788 745 3846 sibiles
771 3788 977 3862 absque
1004 3788 1361 3860 repugnantia
1404 3788 1602 3845 rationi
1628 3788 2043 3862 subjicerentur,
2071 3805 2196 3846 cum
2221 3790 2368 3845 vires
2391 3790 2575 3848 sensi-

562 3872 697 3934 biles
725 3878 1048 3936 naturaliter
1071 3884 1393 3936 moveantur
1421 3878 1478 3934 in
1505 3894 1569 3935 ea
1594 3895 1718 3951 quae
1741 3885 1868 3935 sunt
1897 3877 2242 3936 delectabilia
2269 3879 2576 3937 secundum

566 3980 799 4035 sensum,
834 3982 959 4041 quae
982 3966 1262 4025 multoties
1301 3974 1470 4026 reclae
1511 3969 1708 4025 rationi
1740 3962 2064 4041 repugnant.
2096 3967 2228 4026 Erat
2270 3966 2442 4039 igitur
2470 3968 2575 4026 boe
