2850 4517
730 399 800 444 x.
831 413 912 432 -
937 398 1179 444 oon-riu
1219 399 1501 444 annonas
1542 399 1902 445 saracenum
2200 385 2319 446 489

317 519 537 593 cipitur,
563 515 710 591 quod
735 530 844 572 non
868 514 1042 572 solum
1071 515 1152 573 sic
1173 515 1376 572 dicitur
1403 515 1631 588 spiritus
1658 532 1689 573 a
1709 514 1847 572 Filio
1874 517 2013 585 dari,
2045 517 2133 576 vel
2155 519 2317 587 mitti,

317 612 370 666 in
397 615 664 683 quantum
687 605 890 662 donum
913 604 1106 676 gratiae
1132 621 1226 676 per
1250 604 1395 678 quod
1420 605 1658 676 Spiritus
1682 611 1905 662 sanctus
1928 621 2026 662 nos
2050 606 2322 665 inhabitat

316 706 400 757 est
433 713 466 754 a
489 696 644 763 Filio,
677 692 773 750 sed
801 693 857 750 in
885 701 1152 767 quantum
1180 695 1296 767 ipse
1319 693 1557 765 Spiritus
1580 702 1805 760 sanctus
1832 700 1919 750 est
1952 710 1985 752 a
2022 695 2179 752 Filio.
2209 698 2321 753 lm—

317 784 574 859 possibile
608 789 694 841 est
731 783 878 839 enim
918 782 1066 857 quod
1093 781 1297 838 donum
1337 783 1551 854 gratiae,
1596 799 1720 840 cum
1749 783 1822 840 sit
1854 783 2131 857 quoddam
2162 801 2321 842 crea-

318 884 454 942 tum,
485 874 560 930 sit
601 889 670 928 ex
705 872 943 928 essentia
982 871 1124 938 Filii,
1157 870 1253 927 sed
1293 872 1531 943 Spiritus
1567 879 1793 929 sanctus
1827 873 2201 930 coessentialis
2238 887 2322 932 est

320 964 470 1034 Filio,
503 979 673 1036 quare
700 961 770 1017 de
791 961 1029 1018 essentia
1058 960 1177 1017 Filii
1205 961 1323 1018 dari
1355 967 1557 1034 potest,
1588 961 1677 1018 vel
1715 962 1883 1021 mitti.
1924 964 2081 1030 Item,
2114 980 2145 1021 a
2175 963 2321 1020 nullo

318 1057 496 1128 potest
518 1050 658 1117 dari,
685 1049 789 1106 nisi
813 1048 960 1123 quod
985 1050 1106 1122 ejus
1140 1059 1245 1106 est.
1279 1049 1515 1124 Spiritus
1556 1066 1688 1123 ergo
1722 1059 1947 1109 sanctus
1970 1052 2134 1109 datur
2158 1051 2229 1109 ab
2256 1067 2323 1109 eo

317 1141 474 1212 cujus
499 1146 602 1202 est,
633 1137 780 1193 sicut
799 1135 1033 1192 hahetur
1055 1137 1080 1192 1
1101 1136 1326 1194 Joannis
1343 1152 1406 1192 ιν
1428 1153 1443 1192 :
1467 1137 1539 1194 In
1562 1136 1657 1194 hoc
1677 1137 2047 1211 cognoscimus,
2070 1139 2321 1212 qnoniam

316 1228 374 1284 in
416 1243 472 1282 co
491 1241 786 1291 manemus,
819 1230 868 1281 et
897 1224 1004 1296 ipse
1043 1223 1104 1280 in
1135 1223 1304 1290 nobis,
1333 1224 1465 1297 qnia
1500 1225 1565 1280 dc
1604 1225 1808 1298 spirita
1835 1243 1929 1285 suo
1966 1227 2110 1285 dedat
2150 1228 2317 1284 nobis.

316 1317 372 1373 Si
400 1332 529 1388 ergo
555 1315 724 1372 Filius
767 1313 954 1380 mittit,
987 1312 1072 1369 vel
1099 1313 1197 1370 dat
1231 1313 1794 1386 Spiritumsauctum,
1826 1321 2043 1390 oportet
2073 1317 2218 1390 quod
2246 1317 2321 1373 sit

316 1405 540 1477 spiritus
565 1405 702 1476 ejus.
733 1402 814 1457 Ex
849 1401 953 1458 hoc
981 1407 1165 1458 autem
1194 1401 1338 1475 quod
1365 1408 1450 1457 est
1476 1402 1703 1475 spiritus
1722 1405 1861 1477 ejus,
1892 1406 2142 1478 sequitur
2173 1405 2319 1478 quod

318 1493 387 1549 ab
412 1509 478 1549 eo
506 1491 577 1548 sit
603 1490 958 1558 aeternaliter,
984 1498 1046 1546 ut
1085 1492 1501 1564 ostensumjest.
1542 1491 1623 1547 Ex
1662 1491 1768 1548 hoc
1808 1508 1938 1566 ergo
1968 1493 2114 1568 quod
2151 1493 2322 1550 Filius

319 1581 504 1648 mittit,
547 1580 632 1638 vel
669 1581 762 1637 dat
799 1579 1064 1653 Spiritum
1087 1585 1356 1648 sanctum,
1384 1579 1635 1652 sequitur
1678 1580 1824 1653 quod
1864 1583 1935 1640 ab
1976 1598 2043 1639 eo
2068 1581 2321 1638 similiter

317 1670 650 1728 aeternaliter
687 1669 910 1726 existat.

468 1867 644 1944 Quod
668 1864 950 1945 Spiritus
974 1866 1222 1925 sanctus
1249 1861 1475 1942 accipit
1502 1861 1573 1925 dc
1591 1879 1654 1926 co
1682 1861 1848 1944 quod
1872 1866 1959 1926 est
1981 1861 2162 1926 Filii.

384 2024 624 2084 Ulterius
636 2031 821 2090 autem
837 2041 904 2080 ex
919 2024 1248 2081 auctoritate
1263 2039 1437 2081 sacrae
1454 2023 1751 2095 Scripturae
1762 2021 2013 2090 habetur,
2033 2021 2178 2096 quod
2193 2023 2323 2096 Spi-

317 2120 456 2174 ritus
485 2124 707 2173 sanctus
735 2115 970 2187 accipiat
990 2113 1060 2169 de
1087 2128 1152 2170 eo
1177 2114 1321 2187 quod
1347 2122 1431 2170 est
1456 2113 1597 2170 Filii.
1624 2113 1837 2169 Dicitur
1856 2113 2001 2168 enim
2019 2114 2176 2170 Joan.
2203 2128 2319 2168 xv:

319 2208 414 2264 me
461 2222 542 2262 me
582 2203 921 2276 clarificabit,
965 2202 1095 2275 quia
1130 2202 1192 2258 dc
1236 2219 1349 2259 mco
1389 2202 1631 2276 accipiet,
1675 2208 1725 2258 ct
1766 2201 2113 2259 annuntiabit
2157 2201 2319 2257 vobis.

319 2299 708 2353 potestantem
739 2292 939 2366 aliquis
964 2291 1166 2360 dicere,
1199 2291 1346 2365 quod
1385 2291 1514 2347 licet
1554 2291 1791 2364 Spiritus
1828 2296 2051 2347 sanctus
2086 2289 2322 2363 accipiat

297 2385 373 2440 ‚id
401 2383 546 2457 quod
573 2380 834 2449 est'Filii‚
869 2395 976 2437 non
1005 2388 1186 2438 tamen
1217 2379 1419 2453 accipit
1447 2395 1479 2436 a
1505 2377 1662 2436 Filio.
1694 2377 1908 2452 Accipit
1946 2378 2091 2435 enim
2130 2393 2325 2458 essen·-

316 2472 450 2528 tiam
478 2472 656 2529 Patris
684 2487 716 2528 a
745 2472 924 2539 Patre,
958 2485 1082 2543 quae
1108 2469 1330 2545 quidem
1365 2468 1605 2526 essentia
1633 2476 1717 2524 est
1744 2469 1912 2525 etiam
1941 2467 2084 2525 Filii.
2126 2467 2197 2523 Et
2225 2483 2325 2540 pro

317 2567 470 2618 tanto
509 2561 647 2616 dicit
690 2559 860 2615 Filius
888 2560 1033 2632 quod
1077 2560 1146 2616 de
1175 2574 1298 2615 meo
1326 2559 1582 2632 accipiet,
1622 2557 1768 2630 quod
1811 2557 2028 2614 videtur
2066 2555 2221 2612 innui
2256 2573 2325 2614 ex

314 2646 773 2721 consequentibus
799 2648 1014 2701 Domini
1042 2647 1225 2702 verbis
1257 2664 1272 2700 t
1315 2645 1500 2701 subdit
1528 2646 1693 2710 enim,
1725 2646 1883 2719 quasi
1910 2660 1971 2700 se
2000 2659 2275 2716 exponens
2302 2660 2319 2699 ε

316 2736 513 2796 Omnia
546 2723 880 2808 quacumque
925 2733 1074 2789 habet
1119 2733 1307 2798 Pater,
1335 2749 1455 2788 mea
1490 2739 1636 2799 cunt,
1678 2740 1968 2805 propterca
1995 2731 2111 2788 dixi
2157 2732 2321 2799 vobis,

315 2827 444 2901 quia
481 2824 546 2880 dc
578 2840 690 2879 meo
727 2823 949 2895 accipiet
975 2823 1116 2878 :sed
1145 2838 1211 2878 ex
1239 2820 1344 2876 hac
1371 2821 1587 2877 Domini
1616 2821 1955 2894 expositione
1982 2821 2052 2876 de
2078 2822 2323 2877 necessi-

320 2922 434 2972 tate
470 2913 814 2971 concluditur
841 2910 985 2984 quod
1014 2911 1250 2984 Spiritus
1289 2916 1514 2965 sanctus
1560 2925 1591 2965 a
1619 2909 1756 2965 Filio
1788 2907 2047 2981 accipiat.
2090 2909 2148 2965 Si
2177 2907 2322 2964 enim

319 3003 499 3062 omnia
529 3017 653 3076 quae
679 3007 808 3058 sunt
834 2998 1033 3067 Patris,
1064 2995 1192 3056 ‘sunt
1224 2997 1392 3055 etiam
1419 2997 1559 3065 Filii,
1603 3005 1818 3071 oportet
1846 2998 1992 3072 quod
2023 2999 2325 3055 auctoritas

319 3093 497 3150 Patris
530 3091 829 3148 secundum
857 3104 1021 3163 quam
1049 3096 1134 3145 est
1165 3087 1491 3163 principium
1532 3087 1767 3161 Spiritus
1806 3087 2003 3155 sancti,
2047 3087 2120 3144 sit
2156 3087 2324 3143 etiam

319 3182 460 3238 Filii:
496 3181 648 3237 Sicut
685 3194 814 3250 ergo
842 3177 1077 3252 Spiritus
1101 3183 1326 3234 sanctus
1357 3175 1556 3250 accipit
1593 3177 1663 3232 de
1690 3191 1755 3233 eo
1796 3176 1944 3250 quod
1972 3183 2056 3234 est
2083 3177 2265 3233 Patris
2290 3191 2325 3232 a

282 3279 296 3298 ‘
318 3272 499 3336 Patre,
531 3267 610 3325 ita
637 3268 837 3340 accipit
857 3267 926 3323 de
950 3282 1016 3323 eo
1035 3266 1180 3341 quod
1210 3273 1293 3322 est
1315 3265 1441 3322 Filii
1462 3281 1495 3321 a
1516 3264 1652 3320 Filio
1684 3264 1849 3321 :hinc
1872 3266 2121 3338 estquod
2147 3265 2325 3322 Atha-

319 3358 504 3415 nasius
531 3357 664 3412 dicit
691 3355 748 3411 in
773 3354 1001 3427 epistola
1021 3353 1099 3410 ad
1126 3355 1479 3426 Serapionem
1510 3369 1524 3409 z
1554 3372 1581 3406 α
1612 3354 1693 3410 De
1715 3369 1814 3410 sua
1840 3354 2059 3426 propria
2086 3353 2325 3410 essentia

317 3445 582 3521 Spiritum
601 3450 852 3502 sanctum
881 3443 1205 3500 existentem
1231 3444 1408 3498 Deum
1434 3440 1504 3498 de
1522 3457 1583 3498 se
1608 3442 1974 3499 essentialiter
2002 3443 2117 3500 suis
2145 3445 2325 3516 Apos-

322 3535 466 3601 tolis,
497 3540 554 3588 et
579 3548 697 3590 suae
732 3547 948 3605 sponsae
975 3531 1236 3588 Ecclesiae
1262 3530 1687 3602 demonstrando
1719 3531 1967 3589 Christus
2008 3531 2321 3600 affirmavit,

319 3623 400 3680 sic
437 3622 625 3678 dicens
655 3638 671 3677 t
710 3621 790 3677 Dc
814 3637 926 3676 mco
959 3619 1204 3693 accipiet,
1227 3619 1285 3676 id
1311 3627 1418 3691 est,
1444 3620 1515 3676 de
1554 3634 1677 3678 mea
1706 3621 1943 3678 essentia
1966 3619 2135 3683 habet
2165 3628 2224 3677 ut
2252 3622 2325 3678 sit

321 3714 500 3780 Deus;
539 3712 621 3769 sic
657 3727 691 3768 a
719 3726 805 3768 me
831 3710 994 3768 habet
1033 3726 1153 3766 esse
1181 3715 1237 3766 et
1264 3709 1433 3784 loqui.
1470 3728 1497 3761 n
1523 3711 1659 3767 item
1699 3710 1962 3766 Athanas.
1992 3711 2047 3766 in
2074 3725 2325 3767 sermone

319 3801 528 3858 Nicaeni
549 3799 768 3858 concilii
795 3816 809 3856 z
834 3819 860 3854 α
887 3799 1124 3872 Spiritus
1145 3805 1368 3855 sanctus
1392 3798 1661 3871 quidquid
1690 3798 1873 3875 habet,
1900 3799 2121 3856 habeta
2144 3799 2323 3856 Verbo

319 3891 418 3948 Dei
448 3907 499 3946 ι».
528 3891 598 3946 Ει
624 3890 679 3947 in
703 3889 934 3962 epistola
961 3887 1031 3946 ad
1066 3888 1418 3960 Serapionem
1456 3887 1590 3943 dicit
1622 3905 1635 3942 :
1670 3908 1696 3941 α
1724 3888 1961 3962 Spiritus
1988 3894 2211 3946 sanctus
2240 3897 2324 3946 est

320 3977 695 4036 coessentialis
721 3977 878 4045 Filio,
909 3993 944 4035 a
968 3991 1079 4051 quo
1118 3975 1283 4033 habet
1316 3975 1500 4032 omnia
1527 3991 1884 4052 quaecumque
1912 3976 2097 4034 habet.
2134 3995 2161 4031 π
2186 3979 2324 4035 Item
