2850 4517
843 323 890 368 1.
920 335 1001 355 —-
1025 322 1429 372 ceurennum
1479 321 1843 373 rammam
2262 290 2347 372 55

337 431 649 499 rationalis,
678 435 926 512 sequitur
965 438 1110 512 quod
1136 438 1299 497 homo
1319 439 1618 498 seeundum
1643 440 1805 498 aliam
1846 440 2086 499 animam
2114 445 2347 515 ponatur

339 523 394 580 in
427 538 646 594 genere,
672 532 730 581 et
755 527 1056 584 seeundum
1083 527 1280 594 aliam,
1311 530 1551 602 speeiem
1574 529 1837 587 sortiatur
1866 547 1879 586 z
1906 529 2009 588 hoe
2050 535 2233 585 autem
2262 535 2347 584 est

339 610 697 687 impossibile.
751 613 842 672 Sic
881 615 1025 672 enim
1055 633 1121 673 ex
1161 632 1358 690 genere
1387 625 1444 674 et
1484 618 1794 675 differentia
1830 631 1934 673 non
1983 617 2136 674 fieret
2180 632 2347 674 unum

342 699 683 774 simpliciter,
717 701 811 757 sed
838 718 1001 761 unum
1035 721 1129 778 per
1151 704 1427 771 accidens,
1455 706 1539 762 vel
1570 705 1730 781 quasi
1776 714 2181 780 congimegatum
2206 704 2351 762 sicut

343 789 610 846 musicum
652 797 710 846 et
745 790 948 856 album,
985 793 1131 866 quod
1155 809 1266 852 non
1292 802 1377 850 est
1403 809 1539 852 esee
1556 809 1723 853 unum
1752 793 2092 906 simpliciter.
2115 791 2351 854 Necesse

341 884 426 934 est
455 877 660 951 igitur
645 894 704 936 in
730 878 948 941 bomine
971 895 1136 940 unam
1160 887 1376 942 tantum
1401 881 1643 942 animam
1670 897 1810 944 esse·

1085 1055 1370 1126 CAPUT
1437 1057 1613 1129 XCI.

465 1188 758 1258 Rationes
781 1210 914 1280 quo
947 1191 1241 1262 videntur
1253 1197 1513 1279 probare
1548 1195 1763 1281 quod
1738 1215 1803 1264 m
1828 1193 2059 1263 homine
2082 1198 2233 1264 sunt
2338 1167 2345 1178 ¹

1101 1287 1315 1367 plures
1343 1289 1577 1352 animca-

413 1413 682 1473 Videntur
713 1423 894 1476 sutem
927 1419 1182 1494 quaedam
1219 1420 1347 1478 huie
1370 1419 1659 1479 sententiaa
1686 1418 1988 1478 adversari.
2019 1418 2199 1475 Primo
2221 1418 2351 1492 qui-

336 1503 488 1568 dem,
507 1505 640 1578 'quia
661 1505 968 1565 differentia
991 1505 1342 1583 eomparatur
1365 1511 1435 1569 ad
1456 1525 1626 1582 genus
1650 1515 1711 1565 ut
1733 1509 1907 1567 forma
1928 1509 1997 1565 ad
2023 1507 2309 1565 materiam
2333 1522 2347 1562 ε

338 1593 546 1650 animal
593 1603 777 1654 autem
812 1603 896 1655 est
923 1613 1096 1670 genus
1119 1599 1372 1666 mininie,
1418 1598 1685 1656 rationale
1713 1607 1897 1656 autem
1926 1605 2011 1654 est
2042 1595 2351 1652 differentia

339 1682 700 1740 constitutiva
727 1687 865 1758 ejus.
897 1687 1032 1743 Cum
1058 1687 1225 1761 igitur
1253 1687 1455 1744 animal
1492 1687 1565 1744 sit
1600 1687 2132 1762 eorpus³animatum
2168 1684 2352 1740 anima

335 1771 625 1838 sensitiva,
651 1773 869 1830 videtur
905 1776 1053 1848 quod
1081 1790 1279 1850 eorpus
1317 1773 1617 1833 animatum
1660 1777 1843 1833 anima
1870 1774 2133 1833 sensitiva
2174 1772 2354 1830 adhue

337 1859 412 1916 sit
438 1860 496 1914 in
524 1853 770 1932 potentia
798 1869 1048 1936 respectu
1075 1864 1273 1922 animae
1309 1853 1609 1930 rationalis,
1642 1870 1699 1920 et
1739 1865 1822 1920 sie
1858 1864 2039 1921 anima
2070 1861 2354 1918 rationalis

337 1955 491 2004 esset
515 1947 700 2005 anima
734 1948 840 2006 alia
874 1965 906 2005 a
933 1950 1216 2007 sensitiva.
1246 1952 1404 2018 Item,
1435 1949 1743 2008 intellectus
1766 1966 1875 2008 non
1902 1949 2068 2006 habet
2090 1965 2352 2021 organum

340 2036 630 2110 corporale
663 2054 677 2092 ε
717 2039 996 2097 sensitiva
1037 2043 1221 2096 autem
1252 2040 1512 2112 potentiae
1547 2044 1605 2096 et
1642 2039 1923 2096 nutritivae
1954 2036 2165 2094 habent
2191 2051 2357 2108 orga-

338 2141 471 2182 num
509 2126 815 2200 corporale.
855 2128 1197 2201 Impossibile
1238 2127 1406 2200 igitur
1435 2127 1653 2184 videtur
1680 2127 1826 2201 quod
1853 2126 2046 2184 eadem
2076 2125 2257 2182 anima
2283 2126 2369 2182 sit'

339 2224 397 2272 et
435 2215 792 2284 intellectiva,
825 2223 882 2273 et
920 2217 1203 2285 sensitiva,
1236 2219 1366 2291 quia
1408 2233 1516 2274 non
1558 2223 1741 2292 potest
1769 2211 1937 2280 idem'
1961 2205 2081 2272 esse
2126 2230 2356 2289 separa-

343 2310 482 2371 tum,
514 2311 573 2360 et.
611 2320 718 2361 non
759 2314 1092 2381 separatum.
1125 2307 1336 2371 Adbuc,
1363 2307 1547 2364 anima
1586 2305 1870 2364 rationalis
1897 2312 1983 2362 est
2018 2303 2353 2378 incorrupti-a

344 2392 487 2460 bilis,
511 2399 574 2449 ut
595 2408 758 2466 supra
779 2401 1060 2453 ostensum
1083 2382 1168 2452 est
1200 2395 1557 2468 :vegetabilis
1580 2405 1766 2454 autem
1790 2395 1972 2454 anima
2001 2401 2057 2450 et
2080 2393 2355 2451 sensibilis

341 2487 470 2536 aunt
489 2482 893 2555 corruptibiles,
916 2484 1045 2557 quia
1068 2491 1196 2545 sunt
1213 2493 1371 2541 aetus
1392 2485 1830 2559 corruptibilium
1854 2498 2203 2556 organorum.
2232 2483 2354 2538 Non

344 2567 511 2642 igitur
538 2570 730 2628 eadem
773 2574 954 2629 anima
998 2572 1337 2646 vegetabilis»,
1368 2583 1424 2631 et
1452 2574 1745 2640 sensibilia,
1789 2581 1845 2630 et
1883 2572 2189 2639 rationalia,
2228 2585 2357 2627 cum

341 2656 680 2731 impossibile
707 2661 782 2716 sit
803 2661 948 2718 idem
971 2677 1090 2720 osse
1117 2662 1471 2737 corruptibile
1498 2670 1555 2719 et
1593 2661 2024 2737 incorruptibile.
2056 2663 2349 2726 Primores,

343 2747 396 2802 in
427 2747 780 2819 generatione
807 2749 1040 2807 bominis
1063 2759 1289 2823 apparet
1319 2752 1453 2816 vita,
1475 2766 1602 2824 quae
1628 2756 1714 2806 est
1736 2765 1833 2821 per
1857 2751 2097 2807 animam
2123 2756 2354 2823 vegeta-

343 2836 508 2895 bilem
538 2843 834 2911 antequam
866 2845 1191 2911 conceptum
1230 2845 1493 2911 appareat
1538 2849 1660 2893 esse
1688 2835 1888 2892 animal
1917 2853 2014 2908 per
2050 2853 2269 2892 sensum
2298 2847 2356 2894 et

343 2934 575 2992 motum,
603 2935 658 2982 et
681 2927 834 3000 prius
859 2927 1265 2984 demonstratur
1289 2924 1490 2983 animal
1520 2939 1642 2980 esse
1667 2929 1998 3006 per-motum
2027 2931 2084 2980 et
2112 2939 2351 2992 sensum,
2396 2942 2404 2949 ’

343 3031 508 3092 quam
540 3015 740 3073 habeat
768 3016 1126 3073 intellectum.
1156 3016 1211 3074 Si
1246 3015 1414 3087 igitur
1454 3019 1539 3071 est
1564 3013 1755 3069 eadem
1786 3010 2037 3085 amplius,
2063 3027 2163 3087 per
2189 3029 2355 3086 quam

341 3112 668 3179 conceptum
697 3106 874 3180 primo
899 3105 1032 3163 vivit
1059 3105 1174 3162 vita
1203 3102 1425 3180 plantae,
1454 3102 1693 3161 seeundo
1720 3105 1833 3159 vita
1856 3100 2126 3171 animalia,
2156 3108 2213 3158 et
2244 3109 2358 3158 ter·

343 3197 419 3252 tio
451 3194 845 3260 vila‘hominis,
877 3201 1198 3269 sequeretur
1225 3193 1370 3268 quod
1400 3192 1741 3266 vegetabilis,
1772 3189 2067 3258 sensibiliS,
2098 3198 2155 3248 et
2181 3191 2357 3249 ratio-

343 3286 484 3344 nalis
524 3286 635 3341 sint
682 3285 754 3340 ab
793 3284 1049 3341 exteriori
1104 3283 1390 3357 principio,
1439 3281 1525 3340 vel
1567 3282 1733 3338 etiam
1781 3278 2113 3338 intellectiva
2164 3281 2238 3338 sit
2278 3297 2353 3338 ex
2452 3285 2458 3296 “

342 3378 572 3439 virtute,
603 3389 729 3449 quae
755 3383 839 3430 est
869 3375 924 3432 in
951 3374 1158 3432 semine
1203 3392 1218 3431 ε
1252 3380 1544 3446 utrumque
1573 3380 1757 3429 autem
1797 3369 1992 3427 horum
2019 3369 2238 3426 videtur
2266 3369 2356 3425 in-·

343 3464 694 3527 conveniens
724 3464 854 3538 quia
882 3479 1008 3521 cum
1035 3464 1380 3537 operationes
1403 3463 1602 3550 animae
1638 3457 1960 3534 vegetabilis
1998 3467 2055 3516 et
2081 3457 2356 3518 sensibilis

343 3569 449 3612 non
483 3554 598 3611 sint
626 3553 744 3609 sine
773 3566 1019 3626 corpore,
1068 3567 1167 3609 nee
1195 3567 1382 3610 earum
1410 3543 1677 3628 principia
1716 3550 1834 3606 sine
1860 3561 2088 3621 corpore
2127 3563 2227 3621 po
2203 3551 2359 3606 aunt

345 3659 506 3720 esse.
539 3643 788 3719 operatio
826 3652 1010 3700 autem
1036 3642 1234 3701 animae
1271 3641 1625 3699 intellectivae
1659 3639 1883 3698 estsine
1908 3629 2155 3710 eorpor'e,
2186 3643 2242 3690 et
2274 3633 2357 3690 sie

347 3731 684 3808 impossibile
711 3731 928 3789 videtur
968 3731 1114 3806 quod
1145 3731 1328 3807 aliqua
1351 3728 1545 3804 virtus·
1573 3731 1627 3786 in
1665 3743 1891 3803 corpore
1919 3725 1994 3783 sit
2018 3726 2138 3798 ejus
2164 3737 2352 3780 eausa.

347 3821 686 3896 Impossibile
705 3823 872 3895 igitur
900 3822 1132 3892 videtur,
1161 3821 1310 3898 quod
1335 3820 1527 3882 eadem
1550 3819 1733 3882 anima
1760 3818 1834 3877 sit
1862 3811 2201 3892 vegetabilis,
2227 3807 2363 3871 sen-r

347 3911 542 3981 sibilis,
576 3917 633 3969 et
657 3911 956 3971 rationalis.
2328 3925 2339 3943 “
