2850 4517
457 312 578 372 252
934 326 990 370 s.
1034 322 1269 369 mou
1306 320 1636 373 souma-1⁸
1675 317 1990 367 croscum

460 449 685 499 traneus
709 439 943 497 efficitur
988 438 1220 512 alicujus
1247 438 1395 495 filius
1433 438 1742 512 adoptivae,
1773 437 1996 511 quando
2023 436 2332 511 acquiritur
2368 437 2474 496 sibi

458 533 549 603 jus
582 530 637 586 in
684 528 1007 587 haereditate
1051 528 1172 593 Dei,
1220 544 1347 601 quae
1392 536 1480 585 est
1524 528 1642 584 vita
1679 532 1908 594 aeterna,
1965 526 2098 599 quia
2147 532 2210 583 ut
2249 525 2469 597 dicitur.

461 620 562 677 Ro.
594 634 701 677 vm
745 636 760 675 z
812 618 933 691 Ipse
958 616 1189 691 spiritus
1217 615 1579 675 testimonium
1621 615 1798 673 recidit
1839 614 2068 689 spiritui
2093 622 2296 682 nostro,
2341 614 2478 688 quod

460 724 640 765 sumus
678 705 790 778 filii
814 706 935 763 Dei.
983 705 1043 762 si
1068 712 1249 763 autem
1272 704 1404 777 filii,
1433 712 1487 763 et
1519 704 1752 763 hoeredes
1780 720 1795 759 z
1823 703 2060 761 haeredes
2097 702 2309 777 quidem
2351 704 2475 770 Dei,

461 796 748 853 cohoeredes
786 801 966 852 autem
998 793 1228 853 Christi.
1275 795 1405 868 Sap.
1431 810 1490 857 v.
1520 792 1664 851 Ecce
1689 792 1967 867 quomodo
2005 794 2309 866 computati
2351 798 2480 851 sunt

463 886 609 943 inter
652 884 795 941 filios
835 884 958 940 Dei.

530 974 613 1031 Ex
635 975 751 1047 jam
778 972 945 1029 dictis
971 976 1165 1044 patent
1190 970 1464 1028 utilitates
1488 969 1800 1029 charitatis.
1827 972 2125 1045 Postquam
2166 971 2338 1044 igitur
2364 977 2479 1029 tam

463 1063 618 1127 utilis
662 1070 767 1127 est,
798 1061 1043 1119 studiose
1082 1059 1441 1118 laborandum
1471 1066 1558 1117 est
1593 1060 1662 1118 ad
1687 1060 2078 1134 acquirendam
2106 1076 2229 1117 eam
2256 1069 2314 1118 et
2343 1060 2482 1118 reti-

464 1153 717 1223 nendam.
744 1151 851 1208 Sed
871 1146 1174 1215 sciendum,
1201 1149 1348 1221 quod
1375 1147 1555 1205 nullus
1573 1164 1606 1205 a
1621 1164 1680 1205 se
1699 1148 2027 1215 charitatem
2051 1148 2253 1206 habere
2274 1154 2474 1221 potest.

466 1240 635 1296 immo
662 1239 832 1296 solius
850 1238 950 1294 Dei
980 1244 1066 1295 est
1090 1238 1315 1293 donum.
1340 1235 1495 1295 Unde
1521 1238 1760 1295 Joannes
1781 1237 1934 1306 dicit,
1964 1254 2004 1295 ι.
2034 1238 2192 1294 Joan.
2219 1252 2280 1293 xv
2313 1254 2329 1293 t
2357 1236 2480 1297 Non

464 1329 620 1403 quasi
661 1345 757 1384 nos
794 1326 1141 1383 dilexerimus
1168 1327 1361 1392 Deum,
1397 1326 1490 1383 sed
1515 1326 1766 1400 quoniam
1805 1326 1916 1400 ipse
1929 1352 1936 1361 ·
1941 1326 2107 1400 prior
2131 1325 2321 1383 dilexit
2364 1344 2478 1393 noe,

468 1418 600 1491 quia
636 1414 891 1473 videlicet
920 1430 1027 1471 non
1054 1423 1341 1488 propterea
1370 1416 1489 1489 ipse
1529 1431 1629 1472 nos
1655 1416 1856 1489 diligit,
1889 1430 2020 1489 quta
2061 1428 2163 1473 nos
2201 1416 2357 1489 prius
2391 1415 2482 1472 di-

468 1503 759 1559 lexerimus
793 1519 953 1571 eum,·
980 1502 1077 1559 sed
1104 1503 1208 1559 hoc
1247 1503 1429 1577 ipsum
1459 1503 1606 1576 quod
1639 1502 1918 1575 diligimus
1945 1518 2089 1571 eum,
2123 1512 2386 1561 causatur
2423 1504 2478 1560 in

467 1592 624 1649 nobis
642 1608 712 1649 ex
731 1592 1022 1650 dilectione
1042 1592 1234 1665 ipsius,
1262 1592 1731 1649 Considerandum
1757 1592 1945 1659 etiam,
1971 1592 2120 1665 quod
2147 1592 2274 1650 licet
2295 1592 2479 1649 omnia

468 1681 612 1739 dona
632 1682 743 1737 sint
767 1698 799 1739 a
818 1688 976 1756 patre
994 1681 1280 1749 luminum,
1304 1682 1454 1739 istud
1485 1688 1668 1739 tamen
1692 1681 1915 1750 donum,
1943 1679 2156 1738 scilicet
2171 1679 2474 1750 charitatis,

468 1771 652 1849 omnia
692 1769 801 1829 alia
841 1770 985 1827 dona
1030 1769 1436 1844 superexcellit.
1485 1769 1682 1827 Omnia
1726 1771 1872 1827 enim
1910 1770 2020 1827 alia
2056 1770 2177 1826 sine
2204 1768 2474 1826 charitate

469 1866 526 1915 et
552 1858 758 1933 Spiritu
781 1861 981 1917 Sancto
1000 1859 1290 1925 habentur,
1316 1874 1446 1915 cum
1470 1858 1740 1916 charitate
1762 1872 1892 1915 vero
1909 1857 2224 1921 ,necessario
2249 1857 2480 1930 Spiritus

470 1950 704 2006 Sanctus
727 1947 980 2006 habetur.
1011 1952 1181 2023 Apes.
1214 1949 1375 2005 Rom.
1416 1963 1454 2004 v
1484 1964 1498 2003 ε
1531 1946 1788 2006 Charitas
1823 1946 1924 2003 Dei
1949 1946 2145 2017 diffusa
2171 1952 2252 2003 est
2277 1946 2341 2003 in
2363 1959 2477 2003 eor·-

470 2037 622 2094 dibus
651 2038 847 2096 nostris
867 2054 967 2111 per
988 2037 1257 2111 Spiritum
1282 2038 1559 2103 sanctum,
1589 2036 1683 2109 qui
1705 2036 1864 2094 datm
1889 2043 1967 2093 eat
1987 2034 2152 2096 nobis.
2183 2036 2312 2093 Sive
2341 2036 2478 2093 enim

472 2126 546 2182 sit
571 2125 773 2183 donum
803 2125 1127 2199 linguarum,
1148 2126 1265 2181 sive
1292 2126 1560 2192 scientiae,
1585 2126 1702 2182 sive
1729 2121 2050 2199 prophetiae,
2076 2125 2286 2198 absque
2309 2124 2479 2197 gratia

476 2221 534 2270 et
562 2213 767 2288 Spiritu
791 2216 993 2272 Sancto
1016 2229 1126 2269 non
1152 2212 1445 2269 habentur.
1467 2213 1575 2271 Sed
1600 2212 1730 2270 licet
1755 2214 1997 2271 charitas
2025 2214 2098 2271 sit
2124 2213 2332 2269 donum
2355 2212 2480 2270 divi·

474 2318 624 2367 num,
656 2302 727 2359 ad
778 2303 955 2374 ipsam
1005 2307 1189 2357 tamen
1225 2298 1533 2359 habendam
1573 2302 1873 2377 requiritur
1898 2302 2186 2375 dispositio
2225 2318 2297 2358 ex
2333 2306 2480 2375 parte

474 2395 685 2447 nostra.
714 2388 784 2445 Et
828 2388 955 2445 ideo
983 2388 1285 2456 sciendum,
1317 2390 1466 2463 quod
1494 2389 1603 2447 duo
1648 2390 1959 2464 specialiter
1993 2390 2064 2447 ad
2093 2391 2478 2464 acquirendam

476 2477 805 2534 charitatem
832 2476 1141 2533 necessaria
1186 2483 1334 2545 sunt,
1365 2485 1421 2535 et
1445 2478 1555 2534 duo
1583 2478 1654 2535 ad
1681 2486 2040 2551 augmentum
2057 2478 2351 2536 charitatis
2369 2480 2478 2551 jam

478 2564 783 2637 acquisitae.
814 2564 900 2620 Ad
924 2566 1313 2638 acquirendam
1342 2566 1512 2639 igitur
1533 2567 1860 2625 charitatem
1885 2568 2122 2641 primum
2143 2576 2230 2625 est
2252 2568 2480 2640 diligens

479 2652 650 2708 divini
674 2651 829 2709 verbi
853 2652 1061 2709 auditio
1092 2671 1107 2709 ε
1138 2655 1327 2711 ethoc
1348 2656 1698 2714 manifestum
1727 2663 1812 2713 est
1839 2656 1975 2714 satis
2001 2655 2184 2713 exhis
2211 2668 2340 2729 quae
2362 2661 2480 2713 sunt

480 2741 625 2813 apud
666 2742 1121 2811 nos.yAudientes
1158 2745 1305 2801 enim
1347 2745 1491 2802 bona
1534 2746 1604 2802 de
1649 2746 1853 2819 aliquo,
1885 2746 1942 2801 in
1987 2748 2108 2819 ejus
2134 2745 2481 2803 dilectionem

480 2830 851 2888 accendimur.
882 2831 973 2889 Sic
1002 2838 1057 2889 et
1088 2832 1190 2889 Dei
1227 2833 1395 2891 verba
1421 2834 1727 2900 audientest,
1755 2831 2106 2891 accendimur
2143 2833 2205 2891 in
2244 2850 2482 2892 amorem

481 2919 673 2992 ipsius.
700 2921 845 2977 Psal.
875 2936 1058 2978 cxvm
1086 2920 1371 2994 :Ionicum
1393 2922 1656 2995 eloquium
1681 2929 1832 2979 tuum
1853 2923 2204 2989 vehementer,
2226 2929 2279 2980 et
2303 2938 2483 2981 servus

478 3014 605 3064 tuus
632 3007 826 3065 dilexit
852 3010 1007 3065 iilud.
1031 3009 1187 3077 Item,
1217 3010 1360 3068 Psal.
1391 3026 1485 3067 civ
1515 3010 1842 3083 :Eloquium
1867 3009 2090 3068 Domini
2125 2998 2483 3083 inflammavit

476 3112 617 3151 eum.
642 3096 710 3151 Et
753 3103 1043 3170 propterea
1074 3096 1154 3153 illi
1191 3098 1301 3155 duo
1329 3097 1584 3172 discipuli
1615 3100 1802 3156 divino
1843 3115 2031 3156 amore
2065 3106 2370 3158 aestuantes
2397 3101 2484 3157 di-

479 3183 700 3250 cebant,
728 3183 893 3241 Lucae
920 3200 1066 3242 xxiv
1097 3202 1113 3241 ε
1136 3185 1330 3244 Nonne
1350 3204 1445 3242 cor·
1465 3176 1708 3244 nostrum
1724 3188 1921 3245 ardens
1941 3195 2064 3246 erat
2082 3190 2143 3246 in
2164 3188 2337 3256 nobis,
2363 3190 2485 3247 dum

386 3277 397 3287 '
479 3271 787 3342 loqueretur
812 3271 872 3327 in
890 3272 1001 3340 via,
1021 3283 1074 3331 et
1100 3274 1341 3347 aperiret
1366 3273 1515 3330 nobis
1531 3275 2048 3349 Scripturas?Unde
2073 3285 2133 3336 et
2155 3279 2398 3335 Actuum
2422 3294 2480 3347 x,

479 3357 702 3430 legitur,
730 3362 875 3433 quod
898 3362 1226 3433 praedicante
1252 3363 1415 3420 Petro
1443 3363 1680 3437 Spiritus
1701 3366 1929 3423 Sanctus
1940 3365 2002 3422 in
2019 3364 2292 3423 auditores
2310 3366 2484 3424 divim

476 3447 625 3503 verbi
652 3449 856 3505 cecidit.
887 3450 957 3509 Et
984 3450 1088 3506 hoc
1123 3450 1439 3524 frequenter
1463 3452 1668 3532 accidit
1706 3454 1764 3510 in
1789 3453 2310 3528 'praedicationibu3‚
2339 3454 2483 3529 quod

479 3536 575 3609 qui
600 3536 737 3591 duro
762 3538 1239 3615 cordepcoedunt,
1268 3546 1493 3612 propter
1529 3541 1757 3599 verbum
1785 3542 2198 3615 praedicationis
2229 3543 2302 3600 ad
2340 3542 2485 3601 divi-

480 3640 610 3680 num
635 3640 878 3681 amorem
907 3626 1300 3683 accenduntur.
1326 3628 1637 3687 Secundum
1660 3638 1746 3687 est
1769 3631 2037 3688 bonorum
2057 3630 2322 3689 continua
2347 3631 2483 3704 cogi·

480 3712 640 3771 tatio.
666 3713 811 3770 Psal.
842 3729 1074 3771 xxxviii
1102 3730 1117 3772 z
1149 3714 1430 3773 concaluit
1469 3734 1562 3775 cor
1604 3735 1775 3777 mum
1815 3720 1969 3778 intra
2003 3737 2105 3777 me.
2130 3719 2189 3779 Si
2234 3736 2368 3793 ergo
2402 3720 2485 3775 vis

481 3800 726 3858 divinum
768 3818 1011 3860 amorem
1054 3806 1338 3879 consequi,
1388 3806 1670 3865 mediteris
1699 3807 1861 3865 bona.
1910 3810 2090 3867 Durus
2129 3809 2278 3865 enim
2323 3807 2484 3868 nimis

482 3893 641 3951 esset(
654 3889 751 3958 qui
778 3889 966 3947 divina
984 3890 1250 3951 beneficia
1272 3910 1401 3969 quae
1427 3901 1755 3953 consecutus
1779 3902 1884 3965 est,
1903 3895 2146 3970 pericula
2169 3896 2339 3954 etiam
2359 3908 2484 3969 quae
