2850 4517
626 395 631 401 .
686 349 817 413 vm.
846 380 927 399 -—
952 369 1018 412 m
1060 369 1417 414 οιυιιιιοιιιιιι
1469 370 1820 439 mmmmm
2087 429 2094 441 .
2147 354 2266 436 437

241 487 431 555 potest
450 482 727 557 pertinere
752 484 899 559 quod
924 484 1126 541 dieitur
1150 504 1179 539 α
1203 486 1297 559 qui
1326 500 1389 543 es
1409 486 1466 541 in
1491 486 1646 545 cml-is
1678 506 1706 539 n
1736 486 1809 545 ad
1837 481 2116 563 audientis
2139 482 2266 543 saci·

253 571 481 637 litatem,
502 573 633 645 quia
650 574 989 647 propinquus
1004 582 1087 629 est
1116 574 1274 631 nobis
1292 582 1353 631 ut
1377 574 1748 648 intelligatur:
1767 574 1861 649 qui
1885 581 1971 650 est
2001 576 2058 631 in
2087 575 2260 643 coeliS,

250 662 304 723 id
321 663 486 719 estin·
508 662 735 739 sanctis,
763 662 817 717 in
834 662 1034 735 quibus
1058 664 1204 719 Deus
1228 662 1461 729 habitat,
1487 666 1794 721 secundum
1821 664 1954 736 ¹illud
1980 664 2091 719 Jer.
2121 680 2259 721 xiv:

260 750 337 811 Tu
376 751 432 805 in
480 742 631 805 nobis
663 767 735 816 es,
766 751 1007 807 Domine.
1058 752 1243 809 Sancti
1291 752 1437 809 enirn
1479 753 1605 811 coeli
1647 754 1932 821 dicuntur,
1964 752 2266 809 secundum

251 838 375 895 illud
423 840 623 895 Psalm.
672 855 822 897 xvm
854 858 868 894 ε
920 840 1052 898 Goeli
1092 830 1357 899 enarrant
1394 842 1626 913 yloriam
1655 842 1778 898 Dei.
1811 837 2038 898 Habitat
2081 848 2267 913 autem

248 929 391 985 Deus
428 928 485 984 in
520 928 727 985 sanetis
762 944 859 1001 per
902 919 1083 985 fidem.
1126 930 1327 1003 EpheS.
1356 946 1450 1006 ¹111
1494 948 1508 986 :
1539 930 1807 989 Habitare
1851 927 2132 988 Christum
2165 947 2270 1005 per

246 1017 395 1088 fidem
422 1034 483 1072 m
512 1016 759 1073 cordibus
792 1018 1001 1077 vestris.
1034 1020 1136 1074 Per
1174 1018 1547 1086 dilectionem
1579 1020 1784 1076 lJoana
1819 1034 1878 1077 ιν
1908 1036 1922 1073 :
1963 1018 2066 1086 Qui
2088 1026 2267 1077 manet

244 1104 304 1159 in
334 1104 619 1170 charitate,
654 1104 714 1159 in
746 1105 857 1163 Deo
882 1113 1080 1171 manet,
1120 1113 1171 1165 et
1214 1107 1359 1162 Deus
1388 1106 1448 1162 in
1481 1123 1540 1163 eo
1565 1109 1606 1163 .·“
1616 1122 1712 1181 per
1740 1106 2128 1165 mandatorum
2156 1107 2265 1163 im-

246 1191 555 1264 pletionem.
585 1193 745 1249 Joan.
776 1209 878 1251 xiv
922 1212 936 1249 ε
981 1193 1043 1249 Si
1067 1194 1185 1265 quis
1214 1194 1395 1268 diligit
1421 1211 1524 1260 me,
1551 1210 1848 1251 sennonem
1874 1210 2048 1251 meum
2065 1211 2265 1267 ‘serva-

246 1280 337 1345 bit,
378 1288 430 1339 et
467 1287 629 1355 pater
653 1297 799 1337 meus
824 1281 1008 1353 diliget
1052 1298 1189 1349 eum,
1220 1290 1279 1340 et·
1308 1284 1380 1339 ad
1404 1301 1526 1341 eum
1552 1284 1840 1355 veniemus,
1864 1290 1918 1341 ec
1942 1282 2265 1341 mansionem

242 1370 383 1441 apud
414 1386 535 1425 eum
561 1368 835 1439 faciemus,
874 1376 983 1425 etc.
1014 1370 1219 1437 Tertio,
1268 1379 1452 1443 potest
1497 1373 1773 1446 pertinere
1813 1372 1960 1445 quod
2005 1372 2209 1429 dicitur
2246 1390 2260 1427 ε

247 1458 345 1524 Qui
366 1475 417 1513 es
444 1458 507 1514 in
534 1458 703 1527 omlis,
719 1458 789 1515 ad
814 1458 1113 1517 efficaciam
1138 1460 1506 1528 exaudientiS,
1542 1467 1604 1518 ut
1627 1477 1724 1534 per
1749 1460 1940 1530 coelos,
1970 1476 2266 1534 corporeos

242 1550 405 1604 coelos
445 1545 833 1619 intelligamus,
879 1564 988 1605 non
1026 1548 1174 1621 quod
1204 1549 1769 1623 corporalibus-coelis
1807 1548 2138 1617 includatur,
2169 1566 2264 1605 se-

242 1636 477 1691 cundum
514 1634 647 1691 illud
676 1636 748 1690 111
774 1637 913 1708 Reg.
938 1652 1047 1694 vm
1076 1654 1089 1691 :
1125 1636 1345 1702 Goelum,
1376 1644 1431 1694 et
1453 1637 1567 1693 coeli
1593 1639 1846 1693 coelorum
1871 1644 1918 1695 te
1946 1654 2131 1711 capere
2156 1654 2264 1694 non

238 1732 472 1796 possunt,
512 1724 609 1781 sed
638 1729 699 1779 ut
742 1723 1081 1795 significetur
1108 1724 1256 1795 quod
1288 1725 1438 1779 Deus
1481 1732 1564 1781 est
1590 1726 1884 1799 perspicax
1912 1726 1966 1781 in
2005 1726 2264 1782 conside-

240 1814 473 1881 ratione,
512 1818 710 1884 utpote·
739 1812 833 1882 qui
871 1811 941 1866 de
970 1811 1081 1867 alto
1109 1812 1282 1869 videt.
1320 1812 1464 1867 Psal.
1510 1828 1565 1868 οι
1591 1829 1626 1867 ·:
1663 1812 1946 1885 Prospexit
1974 1813 2038 1887 de
2069 1814 2263 1870 excelso

239 1908 416 1957 sancto
462 1916 557 1955 suo
599 1915 617 1955 .·
660 1904 717 1953 et
760 1899 1195 1971 quodsublimis
1232 1908 1318 1955 est
1356 1900 1413 1955 in
1455 1907 1750 1971 potestate,
1781 1902 2088 1957 secundum
2128 1900 2263 1959 illud

239 1990 378 2049 Psal.
407 2004 489 2046 cn
524 2004 544 2045 .·
576 1987 835 2044 Dominus
864 1987 925 2044 in
952 1988 1074 2045 coelo
1102 1988 1327 2061 paravit
1352 1988 1526 2043 sedem
1553 2005 1708 2044 suam
1737 2006 1758 2044 .·
1783 1995 1842 2045 et
1867 1989 2018 2089 quod
2049 1988 2262 2049 stabilis

241 2088 319 2136 est
345 2080 404 2135 in
425 2076 773 2177 aeternitaten
792 2077 1093 2135 secundum
1117 2077 1251 2134 illud
1280 2079 1347 2153 Ps
1351 2075 1425 2134 al.
1453 2094 1559 2135 cn:
1599 2078 1681 2134 Tu
1697 2084 1888 2135 autem
1911 2078 1972 2133 in
1995 2083 2262 2135 murnum

238 2182 533 2239 permanes,
562 2163 773 2224 stanni
816 2165 899 2223 tui
936 2182 1045 2221 non
1072 2164 1334 2238 deficient.
1362 2165 1522 2223 Unde
1551 2172 1609 2221 et
1635 2165 1705 2221 de
1737 2165 1960 2223 Christo
1999 2166 2259 2223 dicitur.

246 2256 485 2313 Thronus
530 2255 643 2327 ejus
678 2254 819 2314 sicut
854 2254 964 2311 dies
1004 2254 1140 2312 coeli.
1185 2254 1254 2311 Et
1283 2254 1456 2311 Philo.
1501 2253 1680 2311 dicit
1665 2270 1722 2311 ιιι
1761 2269 1782 2311 ι
1824 2254 1892 2309 de
1919 2254 2080 2323 coslo,
2111 2256 2260 2329 quod

242 2351 460 2416 propter
488 2344 954 2423 incorruptionem
980 2343 1125 2410 omli,
1154 2358 1345 2401 omnes
1372 2349 1676 2417 posuerunt
1702 2340 1904 2401 coelum
1930 2358 2052 2399 esse
2080 2342 2262 2399 locum

243 2433 549 2505 spirituum.
578 2434 683 2490 Per
709 2432 815 2491 hoo
844 2449 975 2507 ergo
1006 2422 1151 2508 quod
1194 2431 1415 2499 dicitur,
1451 2432 1545 2509 qui
1566 2450 1620 2489 es
1644 2432 1703 2489 in
1729 2431 1890 2499 coelis,
1915 2431 2078 2489 datur
2102 2430 2262 2488 nobis

240 2522 437 2579 fiducia
488 2520 701 2588 orandi,
747 2527 1015 2595 quantum
1059 2520 1137 2578 ad
1174 2522 1303 2578 tria.
1350 2521 1632 2597 Quantum
1678 2520 1750 2577 ad
1801 2527 2151 2595 potestatem,
2202 2527 2260 2576 et

243 2616 506 2683 quantum
548 2607 619 2663 ad
662 2608 1095 2681 familiaritatem
1122 2610 1255 2687 ejus!
1285 2625 1318 2664 a
1348 2624 1459 2687 quo
1501 2608 1729 2682 petitur,
1780 2616 1836 2665 et
1877 2618 2144 2681 quantum
2186 2608 2259 2666 ad

244 2696 639 2770 congruitatem
666 2693 967 2767 petitionis.
1013 2694 1263 2751 Potestas
1300 2696 1446 2749 enim
1495 2696 1616 2765 ejus
1651 2710 1686 2751 a
1725 2709 1835 2765 quo
1863 2696 2092 2767 petitur,
2119 2695 2258 2753 insi-

245 2794 457 2855 anatur,
492 2781 541 2838 si
568 2798 666 2855 per
692 2782 860 2859 coelos
889 2779 1265 2853 intelligantur
1296 2780 1421 2837 coeli
1449 2781 1727 2853 corporei:
1749 2787 1825 2848 et,
1863 2784 2116 2854 quamvis
2139 2785 2258 2857 ipse

246 2871 757 2945 lociscorporalibus
775 2886 881 2926 non
896 2869 1409 2943 comprehendatur,
1430 2885 1555 2925 curn
1573 2868 2046 2942 scriptumsitJer.
2060 2872 2216 2930 xxm
2237 2890 2252 2931 ε

246 2960 439 3018 Goelum
467 2968 519 3017 et
543 2966 751 3015 terram
778 2975 866 3030 eqo
889 2957 1101 3031 impleo,
1132 2963 1313 3015 tamen
1339 2958 1546 3014 dicitur
1571 2974 1693 3015 esse
1717 2958 1772 3013 in
1799 2959 1957 3017 ooelis
1979 2963 2258 3033 corporeis

246 3049 309 3104 ad
336 3050 723 3105 insinuandum
752 3049 890 3115 duo,
922 3044 1133 3104 scilicet
1161 3047 1425 3121 potentiae
1457 3048 1579 3119 ejus
1603 3048 1887 3117 virtutem,
1920 3056 1977 3107 et
2004 3050 2258 3108 sublimi-

245 3141 411 3195 tatem
440 3146 673 3195 naturae.
706 3138 945 3193 Primum
976 3137 1202 3210 quidem
1238 3142 1323 3193 est
1350 3141 1544 3213 contra
1571 3135 1694 3193 illos
1721 3138 1816 3211 qui
1851 3140 2041 3198 dicunt
2073 3143 2258 3201 omnia

245 3242 307 3283 ex
346 3226 459 3285 fato
491 3227 799 3285 eoelestium
830 3242 1119 3299 corporum
1161 3242 1231 3282 ex
1266 3224 1597 3283 necessitate
1635 3227 1906 3298 accidere,
1950 3232 2253 3309 secundum

245 3330 403 3386 quam
443 3316 755 3388 opinionem
784 3313 976 3369 inutile
1004 3320 1149 3370 esset
1178 3312 1385 3387 aliquid
1424 3331 1458 3373 a
1504 3314 1620 3371 Deo
1666 3316 1873 3374 orando
1901 3327 2106 3389 petere.
2146 3322 2255 3379 Sed

246 3399 344 3459 hoc
378 3403 605 3483 stultum
636 3411 739 3471 est,
770 3418 898 3459 cum
924 3403 1072 3458 Deus
1100 3404 1155 3457 in
1186 3402 1343 3459 coelis
1380 3404 1462 3461 sie
1488 3419 1610 3461 esse
1637 3403 1872 3473 dicatur,
1905 3414 1968 3467 ut
1987 3406 2256 3466 coelorum

248 3490 503 3549 Dominus
542 3500 627 3549 est
663 3489 964 3567 stellarum,
992 3490 1295 3547 secundum
1338 3490 1472 3547 illud
1509 3492 1655 3550 Psal.
1687 3510 1850 3551 cxx:
1893 3484 2153 3554 Dominus
2194 3496 2256 3554 in

248 3580 363 3637 coelo
386 3582 608 3653 paravit
636 3563 805 3637 sedem
841 3596 1014 3637 suam.
1054 3580 1365 3637 Secundum
1392 3596 1524 3637 vero
1551 3588 1744 3639 contra
1786 3584 1910 3641 illos
1937 3592 2040 3653 est,
2067 3586 2168 3657 qui
2199 3586 2256 3643 in

248 3670 445 3727 orando
482 3670 696 3743 aliquas
741 3669 844 3726 sibi
879 3683 1174 3742 corporeas
1222 3665 1541 3741 phantasias
1589 3670 1658 3727 de
1699 3673 1814 3729 Deo
1856 3682 2163 3746 proponunt
2197 3683 2256 3732 et

246 3758 468 3830 fingunt,
501 3760 625 3817 ideo
660 3760 862 3817 dicitur
886 3766 1006 3816 esse
1049 3758 1102 3813 in
1132 3756 1307 3823 coelis,
1342 3764 1403 3815 ut
1424 3775 1523 3832 per
1548 3759 1606 3816 id
1631 3761 1775 3837 quod
1814 3762 1874 3828 in¹
1905 3764 2256 3824 sensibilibus

246 3846 403 3904 rebus
428 3855 514 3905 est
542 3848 889 3916 altissimum,
928 3846 1251 3905 ostendatur
1290 3846 1480 3905 divina
1521 3847 1834 3907 sublimitas
1861 3853 2046 3911 omni-a
2086 3871 2254 3915 exce-

246 3933 376 3993 dens
402 3937 567 3995 etiam
614 3937 895 3997 hominum
922 3934 1253 3996 desiderium
1291 3940 1349 3995 et
1376 3932 1719 4021 intellectum
1752 3956 1765 3995 ι
1811 3940 1956 3999 unde
1983 3943 2255 4021 quidquid
