2850 4517
592 385 678 466 68
1067 405 1122 464 ε,
1166 400 1398 452 ‘monae
1438 401 1763 455 Aomm'ris
1776 457 1789 466 ,
1804 403 2114 470 οιηιεσυμ

595 528 974 592 creaturarum
1011 520 1122 581 sint
1147 528 1369 597 propter
1409 519 1653 579 divinam
1688 519 2015 590 bonitatem,
2040 533 2154 575 *non
2186 516 2414 596 quidem
2454 532 2595 574 cau-

593 613 842 682 sandum,
873 629 1051 686 neque
1099 613 1386 686 agendam,
1433 610 1554 668 sed.
1576 625 1677 666 suo
1718 608 1881 666 modo
1918 607 2329 682 acquirendam,
2366 605 2597 682 partici-

594 704 777 779 pando
827 702 1099 777 siquidem
1144 700 1389 777 aliquam
1450 698 1869 760 similitudinem
1916 698 2055 771 eius.
2112 697 2367 756 Divinam
2412 701 2601 754 autem

594 791 1009 854 similitudinem
1032 807 1121 848 res
1147 796 1351 848 creatae
1367 805 1468 863 per
1488 802 1617 846 suas
1640 788 1991 862 operationes
2010 784 2375 844 diversimode
2402 799 2603 841 conse-

496 903 501 907 ·
593 889 854 957 quantur,
885 881 1029 939 sicut
1055 887 1114 938 et
1138 879 1506 938 diversimode
1528 878 1830 938 secundum
1862 867 2024 934 suum
2046 891 2167 934 esse
2191 875 2365 949 ipsam
2387 890 2602 948 reprae-

592 977 834 1042 sentant,
863 969 1290 1044 unumquodque
1323 968 1473 1026 enim
1510 975 1771 1041 operatur
1806 967 2107 1026 secundum
2136 965 2283 1038 quod
2312 971 2418 1020 est.
2456 961 2601 1032 Quia

493 1066 501 1075 '
592 1061 764 1134 igitur
807 1058 1060 1116 omnibus
1107 1057 1378 1116 creaturis
1425 1073 1716 1126 commune
1759 1063 1864 1125 est,
1908 1062 1971 1114 ut
2007 1053 2601 1130 divinam-bonitatem

594 1151 990 1222 repraesentent
1021 1146 1078 1204 in
1107 1155 1371 1221 quantum
1399 1153 1549 1218 sunt,
1575 1147 1655 1204 ita
1683 1135 1935 1203 omnibus
1955 1159 2245 1202 vcommune
2283 1148 2385 1213 est,
2413 1147 2473 1197 ut
2502 1157 2603 1215 per

595 1237 944 1313 operationes
971 1251 1102 1294 suas
1130 1242 1537 1310 consequantur
1564 1234 1811 1307 divinam
1836 1233 2252 1292 similitudinem
2288 1231 2347 1288 in
2372 1246 2603 1288 conser-

595 1327 817 1386 vatione
851 1326 940 1392 sui
967 1341 1108 1394 esse,
1133 1331 1190 1382 et
1239 1323 1742 1400 communicatione,
1764 1323 1849 1382 sui
1884 1340 2005 1398 esse
2044 1323 2115 1380 ad
2152 1320 2402 1378 alteram.
2444 1319 2601 1376 Una=

595 1427 831 1487 quaeque
848 1411 994 1469 enim
1020 1418 1276 1470 creatura
1300 1412 1359 1471 in
1381 1428 1483 1472 sua
1508 1413 1827 1487 operatione
1849 1413 2027 1486 primo
2050 1411 2273 1486 quidem
2302 1425 2361 1466 se
2396 1409 2454 1466 in
2478 1424 2601 1466 esse

595 1500 840 1575 perfecto
866 1501 1163 1558 secundum
1199 1502 1348 1576 quod
1383 1509 1469 1559 est
1501 1501 1759 1576 possibile
1790 1516 2114 1558 conservare
2150 1499 2361 1568 nititur,
2389 1497 2449 1554 in
2488 1513 2602 1570 quo

597 1603 698 1649 suo
731 1590 895 1648 modo
933 1591 1109 1648 tendit
1141 1590 1197 1647 in
1233 1590 1653 1648 similitudinem
1681 1590 1883 1650 divinae
1916 1586 2323 1665 perpetuitatis,
2350 1586 2604 1646 Secundo

595 1689 729 1750 vero
744 1694 849 1751 per
875 1694 1032 1735 suam
1055 1678 1431 1751 operationem
1462 1694 1808 1755 unaquaeque
1845 1683 2098 1736 creatura
2130 1691 2287 1733 suum
2318 1689 2439 1732 esse
2470 1689 2604 1748 per-

596 1757 802 1823 fectum
835 1765 996 1824 alteri
1024 1763 1429 1825 communicare
1460 1773 1692 1824 conatur
1722 1767 2025 1825 secundum
2066 1781 2227 1824 suum
2267 1753 2513 1832 modum,
2546 1767 2603 1820 et

597 1867 695 1928 per
717 1850 823 1912 hoc
864 1855 1042 1912 tendit
1075 1854 1152 1912 ἰιι
1169 1854 1525 1914 similitudem
1560 1855 1763 1914 'divinae
1810 1854 2173 1913 causalitatis.
2199 1853 2303 1911 Sed
2345 1858 2602 1910 creatura

597 1943 884 2003 rationalis
904 1961 1002 2018 per
1031 1959 1188 2016 suam
1216 1945 1591 2019 operationem
1616 1945 1793 2001 tendit
1828 1945 1883 2000 in
1914 1943 2160 2006 divinam
2188 1941 2603 2010 similitudinem

588 2031 860 2104 singulari
881 2033 1284 2107 quodammodo
1310 2051 1424 2108 prae
1441 2033 1677 2105 caeteriS,
1700 2035 1843 2092 sicut
1869 2038 1926 2108 et
1953 2049 2067 2106 prae
2090 2031 2305 2108 caeteris
2332 2031 2605 2088 creaturis

599 2121 833 2190 ,nobilius
879 2138 1000 2180 esse
1035 2123 1219 2180 babet.
1249 2123 1383 2179 Esse
1419 2123 1565 2180 enim
1596 2128 1979 2180 creaturarum
2008 2127 2333 2198 caeterarum
2373 2135 2501 2176 cum
2530 2119 2605 2176 sit

599 2222 696 2283 per
723 2210 1011 2276 materiam
1033 2212 1412 2278 constrictum,
1440 2211 1786 2280 est-finitum,
1818 2217 1881 2268 ut
1907 2209 2235 2286 infinitatem
2262 2225 2369 2266 non
2394 2207 2604 2272 ,habeat

586 2289 702 2354 'nec
728 2305 876 2366 actu,
905 2314 1006 2356 nec
1035 2299 1302 2372 potentia.
1333 2298 1525 2357 Omnis
1559 2317 1690 2358 vero
1719 2307 1917 2358 natura
1954 2298 2239 2358 rationalis
2273 2297 2606 2354 infinitatem

599 2384 768 2442 habet
790 2385 880 2443 vel
920 2392 1066 2455 actu,
1093 2387 1181 2445 vel
1214 2387 1482 2460 potentia,
1512 2389 1813 2448 secundum
1844 2388 1992 2464 quod
2020 2387 2331 2444 intellectus
2358 2387 2607 2444 continet

597 2467 656 2530 in
697 2489 757 2544 se
802 2474 1188 2547 intelligibilia.
1229 2476 1292 2532 In
1333 2477 1491 2534 nobis
1527 2477 1698 2550 igitur
1739 2476 2126 2542 intellectualis
2166 2483 2362 2534 natura
2405 2476 2463 2532 in
2504 2490 2606 2532 suo

599 2563 780 2637 primo
806 2579 928 2629 esse
965 2564 1312 2622 considerata
1341 2574 1427 2624 est
1458 2567 1516 2623 in
1554 2567 1801 2640 potentia
1839 2568 1909 2626 ad
1940 2583 2040 2624 sua
2068 2564 2451 2641 intelligibilia,
2478 2581 2608 2636 quae

600 2667 724 2708 cum
754 2651 866 2709 sint
893 2652 1126 2721 infinita,
1152 2648 1489 2712 infinitatem.
1517 2656 1813 2728 quamdam
1843 2655 2045 2713 habent
2074 2655 2129 2711 in
2159 2651 2421 2728 potentia.
2447 2651 2608 2710 Unde

598 2739 914 2796 intellectus
937 2747 1023 2797 est
1039 2743 1250 2814 species
1268 2743 1599 2816 specierum,
1628 2745 1757 2817 quia
1786 2761 1895 2820 non
1924 2743 2091 2802 habet
2119 2749 2334 2800 tantum
2360 2742 2607 2815 speciem

601 2828 1022 2886 determinatam
1049 2830 1120 2887 ad
1149 2846 1334 2900 unum,
1363 2838 1427 2888 ut
1453 2830 1613 2906 lapiS,
1643 2836 1740 2889 sed
1769 2833 2009 2906 speciem
2033 2833 2277 2890 omnium
2296 2831 2609 2906 specierum

599 2934 882 2992 capacem.
909 2920 1122 2986 Natura
1161 2923 1293 2978 v'ero
1335 2921 1723 2992 intellectualis
1750 2921 1806 2978 in
1844 2923 1959 2979 Deo
1988 2921 2201 2979 infinita
2242 2921 2409 2978 estin
2450 2927 2606 2988 actu,

600 3014 792 3082 utpote
817 3007 875 3064 in
897 3024 956 3066 se
980 3007 1301 3082 praehabens
1329 3009 1501 3078 totius
1528 3011 1669 3068 entis
1693 3010 2102 3084 perfectionem,
2130 3017 2193 3067 ut
2220 3025 2386 3083 supra
2412 3015 2611 3066 osten-

593 3111 725 3179 sum
751 3103 838 3164 est
867 3111 885 3154 ι
914 3103 1182 3156 creatura}
1205 3113 1333 3154 vero
1360 3097 1487 3155 ›aliae
1511 3098 1908 3171 intellectuales
1930 3099 2110 3156 medio
2134 3098 2298 3156 modo
2320 3113 2380 3154 se
2400 3095 2613 3174 habent

601 3183 756 3252 inter·
771 3185 1072 3258 potentiam
1095 3194 1150 3243 et
1175 3193 1378 3244 actum.
1407 3185 1605 3244 Tendit
1630 3188 1797 3261 igitur
1821 3187 2207 3259 intellectualis
2228 3193 2483 3247 creatura
2509 3203 2613 3259 per

595 3280 760 3328 suam
781 3275 1154 3347 operationem
1176 3276 1234 3332 in
1275 3276 1519 3334 divinam
1560 3277 1998 3347 similitudinem,
2029 3294 2140 3334 non
2184 3277 2239 3336 in
2280 3275 2386 3333 hoc
2428 3273 2613 3332 solum

595 3363 750 3434 ¹quod
777 3378 836 3425 ,se
855 3364 911 3421 in
940 3379 1059 3425 esse
1081 3370 1388 3435 conservet,
1418 3365 1507 3424 vel
1531 3382 1690 3423 suum
1719 3383 1841 3424 esse
1867 3366 2271 3442 quodammodo
2294 3365 2615 3432 communi-

604 3451 784 3506 cando
806 3452 1150 3526 multiplicet,
1179 3453 1278 3510 sed
1305 3460 1368 3510 ut
1402 3454 1459 3510 in
1488 3470 1548 3512 se
1583 3455 1783 3528 habeat
1808 3461 1937 3514 actu
1963 3457 2109 3530 quod
2139 3472 2235 3530 per
2267 3462 2527 3512 naturam
2555 3453 2613 3510 in

603 3540 849 3612 potentia
888 3541 1074 3598 habet.
1103 3537 1200 3597 Est
1229 3541 1396 3614 igitur
1415 3537 1552 3602 finis
1586 3544 1972 3606 intellectualis
1998 3553 2288 3613 creaturae,
2315 3557 2481 3618 quem
2509 3558 2613 3616 per

603 3643 761 3686 suam
784 3630 1156 3703 operationem
1175 3633 1545 3705 consequitur,
1572 3641 1635 3690 ut
1659 3633 1970 3692 intellectus
1993 3635 2111 3707 ejus
2137 3632 2379 3692 totaliter
2400 3631 2619 3688 efficia-

541 3777 548 3784 ,
602 3711 738 3774 tur
725 3734 781 3774 ιιι
801 3725 928 3775 actu
954 3718 1254 3776 secundum
1273 3721 1457 3779 omnia
1483 3723 1867 3798 intelligibilia,
1895 3738 2021 3798 quae
2043 3723 2102 3781 in
2128 3705 2379 3800 potentia
2395 3717 2613 3778 babet·

601 3807 906 3866 secundum
931 3806 1057 3864 hoc
1058 3808 1206 3866 enim
1232 3810 1468 3915 maxime
1496 3813 1609 3870 Deo
1632 3811 1828 3872 similis
1852 3813 1983 3872 erit.
