2850 4517
565 363 692 438 '486
1049 353 1106 434 s.
1151 387 1384 434 mount
1428 385 1753 448 sommus
1795 382 2104 428 opuscumi

900 611 1079 690 Quod
1103 610 1382 693 Spiritus
1402 613 1652 674 sanetus
1678 613 1767 674 est
1788 606 2048 689 spiritus
2073 605 2257 671 Filii.

643 777 729 836 Ad
757 774 1154 834 ostendendum
1177 779 1363 831 autem
1385 770 1533 844 quod
1570 768 1805 842 Spiritus
1836 774 2061 825 sanctus
2088 783 2119 824 a
2143 776 2301 842 patre
2327 770 2595 840 procedat

575 871 633 924 et
667 865 800 932 filio,
845 848 1021 938 primo
1064 860 1390 918 sumendum
1434 865 1540 928 est,
1588 858 1733 932 quod
1780 857 1950 914 etiam
1991 855 2063 913 ab
2102 856 2237 928 ipsis
2274 856 2595 936 errantibus

576 954 764 1028 negari
791 968 894 1010 non
925 958 1126 1026 potest,
1151 966 1276 1008 cum
1300 963 1554 1022 expresse
1582 945 1911 1004 auctoritate
1937 959 2109 1002 sacrae
2132 945 2437 1017 Scripturae
2458 962 2595 1018 pro-

575 1045 754 1113 betur,
816 1042 962 1117 quod
1003 1041 1215 1098 scilicet
1257 1039 1495 1112 Spiritus
1536 1044 1759 1094 sanctus
1799 1037 1872 1092 sit
1914 1035 2140 1107 spiritus
2180 1034 2323 1090 Filii.
2377 1034 2595 1092 Dicitur

577 1133 721 1188 enim
767 1131 836 1188 ad
874 1129 999 1188 Gal.
1031 1145 1091 1187 iv
1131 1147 1144 1185 z
1181 1117 1442 1196 Quoniam
1468 1133 1665 1191 autem,
1692 1131 1767 1182 est
1814 1123 1863 1179 is
1906 1123 2044 1180 Filii
2084 1121 2207 1189 Dei,
2255 1123 2410 1180 misit
2452 1124 2593 1180 Deus

574 1221 830 1294 spiritum
875 1217 1018 1276 Filii
1057 1217 1146 1274 sui
1186 1218 1246 1273 in
1273 1216 1437 1272 corda-
1474 1223 1674 1280 vestra,
1715 1214 2025 1270 clamantem
2071 1211 2245 1278 Abba,
2286 1211 2477 1269 Pater.
2526 1214 2593 1268 Et

577 1311 735 1367 Rom.
775 1324 883 1366 vui
913 1325 927 1364 :
955 1307 1153 1379 Siquis
1172 1304 1429 1378 spiritum
1456 1302 1664 1360 Christi
1689 1319 1796 1358 non
1818 1301 1988 1367 habet,
2018 1300 2103 1357 hie
2127 1317 2237 1357 non
2260 1308 2337 1358 est
2360 1302 2498 1373 ejics.
2522 1302 2593 1356 Et
2700 1372 2705 1377 .

578 1403 703 1456 Act.
745 1411 847 1454 xvi
899 1413 913 1451 t
957 1394 1091 1451 Cum
1126 1395 1382 1450 venissent
1423 1392 1663 1458 Misiam,
1704 1390 1981 1448 tentabant
2027 1389 2111 1446 ire
2149 1389 2213 1445 in
2248 1389 2590 1462 Bythiniam,

577 1491 628 1542 et
654 1501 762 1540 non
781 1483 1031 1558 permisit
1051 1470 1139 1538 'eos
1158 1482 1388 1554 spiritus
1418 1481 1565 1536 Iesu.
1598 1480 1811 1536 Dicitur
1834 1479 2002 1536 etiam
2029 1479 2053 1534 1
2076 1478 2325 1534 Corinth.
2356 1494 2401 1536 ιι
2430 1477 2591 1537 >Nos

577 1579 755 1630 autem
794 1587 1001 1628 sensum
1047 1570 1253 1628 Christi
1291 1569 1556 1635 habemus,
1596 1569 1742 1642 quod
1780 1568 1849 1624 de
1888 1567 2094 1639 Spiritu
2141 1574 2333 1623 sancto
2360 1583 2588 1624 necesse

577 1668 662 1718 est
691 1659 939 1734 intelligi,
970 1667 1030 1716 ut
1058 1667 1208 1733 patet
1243 1675 1340 1732 per
1370 1674 1441 1720 eu
1467 1673 1592 1730 quae
1616 1656 1687 1712 ab
1712 1655 1972 1729 Apostolo
2000 1656 2428 1728 praemittuntur.
2468 1657 2589 1712 No-

579 1749 818 1806 minatur
864 1749 1031 1806 etiam
1072 1747 1310 1822 Spiritus
1353 1755 1594 1812 sancius,
1640 1744 1866 1817 spiritus
1908 1742 2176 1811 veritatis,
2221 1744 2307 1799 Jo.
2348 1759 2449 1808 xv,
2492 1745 2587 1798 ubi

578 1837 780 1895 dicitur
808 1855 822 1893 ε
866 1837 1001 1895 Cum
1036 1835 1240 1893 venerit
1267 1834 1593 1903 Paraelitus,
1623 1847 1775 1906 ‘quem
1798 1832 2012 1888 mittam
2039 1831 2182 1887 vobis
2204 1848 2240 1888 a
2260 1838 2442 1904 patre,
2472 1832 2589 1905 spi-

577 1928 749 1984 ritum
774 1927 1040 1984 veritatis.
1080 1926 1292 1983 Dicitur
1331 1932 1386 1980 et
1415 1925 1641 1997 spiritus
1667 1925 1817 1993 vitae,
1859 1922 2020 1978 Rom.
2060 1936 2190 1978 vm.
2220 1921 2330 1979 Lex
2358 1923 2590 1994 spiritus

577 2016 709 2072 vitae
737 2017 792 2072 in
830 2015 1048 2072 Christo
1086 2014 1232 2080 lesu,
1279 2013 1423 2069 unde
1470 2027 1593 2082 curn
1640 2010 1808 2067 Filius
1836 2011 1904 2067 de
1949 2027 2009 2066 se
2044 2009 2196 2066 dicat
2234 2010 2388 2067 loen.
2420 2026 2528 2068 xlv
2571 2031 2584 2066 :

577 2102 696 2176 Epo
737 2120 854 2160 sum
894 2103 1005 2170 via,
1052 2104 1272 2182 veritos,
1323 2107 1371 2156 et
1399 2101 1534 2167 vita,
1563 2099 1895 2158 concludunt
1934 2100 2200 2157 Doctores
2240 2099 2584 2168 Groecorum,

579 2193 726 2264 quod
751 2193 823 2249 sit
849 2192 1074 2265 spiritus
1100 2190 1320 2256 Christi,
1349 2189 1494 2264 quod
1524 2189 1776 2246 similiter
1801 2196 2055 2246 astruunt
2076 2204 2146 2244 ex
2174 2187 2277 2246 hoc
2309 2189 2457 2262 quod
2482 2189 2588 2246 ha-

577 2276 738 2334 betur
781 2278 837 2334 in
874 2279 1052 2334 Psalm
1085 2295 1099 2333 z
1151 2277 1316 2336 Verbo
1347 2277 1567 2334 Domini
1595 2277 1707 2333 coeli
1731 2277 1942 2350 firmati
1981 2285 2129 2344 sunt,
2157 2285 2209 2336 et
2234 2276 2439 2351 spiritu
2474 2277 2588 2333 oris

578 2366 692 2437 ejus
726 2365 898 2421 omnis
929 2367 1107 2423 virtus
1137 2381 1339 2422 eorum.
1384 2367 1524 2422 Nam
1566 2381 1629 2422 os
1655 2367 1831 2423 Patris
1872 2365 2040 2422 Filius
2083 2366 2304 2432 dicitur,
2347 2366 2495 2424 sicut
2531 2372 2587 2423 et

577 2453 836 2510 Verbum.
877 2454 983 2510 Sed
1015 2469 1082 2508 ne
1115 2453 1315 2526 aliquis
1339 2456 1512 2525 possit
1548 2454 1749 2521 dicere,
1790 2456 1936 2528 quod
1965 2455 2103 2512 alius
2128 2455 2201 2510 sit
2227 2454 2461 2526 spiritus
2490 2455 2587 2529 qui

577 2555 612 2598 a
647 2539 806 2596 Patre
846 2539 1112 2614 procedit,
1140 2547 1196 2596 et
1225 2538 1365 2598 alius
1388 2542 1483 2613 qui
1512 2548 1597 2596 est
1637 2541 1777 2608 Filii,
1809 2543 2111 2600 ostenditur
2153 2557 2218 2596 ex
2256 2541 2582 2614 scripturis,

579 2628 724 2710 quod
762 2628 907 2686 idem
944 2629 1188 2702 spiritus,
1231 2628 1443 2686 scilicet
1470 2631 1543 2686 sit
1584 2629 1760 2686 Patris
1800 2639 1857 2688 et
1898 2630 2041 2687 Filii.
2080 2631 2217 2687 Nam
2242 2630 2401 2686 Jonn.
2447 2646 2528 2686 xv
2568 2649 2581 2687 :

577 2717 747 2780 Simul
769 2717 977 2776 dieitur
1004 2719 1237 2791 spiritus
1261 2719 1530 2784 veritatis,
1556 2726 1604 2775 et
1629 2718 1722 2791 qui
1744 2735 1779 2774 a
1814 2717 1983 2776 Patre
2003 2718 2241 2792 procedit
2270 2725 2325 2774 et
2348 2719 2580 2775 Roman.

577 2812 772 2861 octavo
804 2821 928 2879 cap.
959 2813 1082 2878 post
1117 2804 1334 2862 dixerat
1371 2823 1385 2860 ε
1423 2805 1483 2862 Si
1501 2805 1735 2878 spiritus
1759 2803 1860 2861 Dei
1882 2805 2095 2862 habitat
2122 2805 2184 2860 in
2206 2804 2368 2871 vobit,
2395 2806 2584 2862 statim

578 2893 854 2964 subjungit
882 2911 895 2948 ε
926 2893 984 2949 si
1011 2895 1129 2966 quis
1155 2895 1410 2966 spiritum
1436 2893 1642 2950 Christi
1664 2911 1771 2950 non
1793 2893 1965 2961 habet,
1997 2902 2060 2952 ut
2082 2894 2325 2951 ostendat
2345 2894 2583 2950 eumdem

577 2997 682 3038 esse
707 2983 960 3054 spiritum
986 2982 1170 3040 Patris
1193 2992 1244 3040 et
1265 2982 1401 3040 Filii
1427 3001 1444 3040 .·
1474 2983 1617 3040 unde·
1631 2983 1863 3046 Basilius
1887 2984 2021 3042 dicit
2040 2991 2233 3040 contra
2258 2984 2584 3039 Eunomium

575 3079 867 3142 postquam
905 3071 1167 3144 praedicta
1199 3071 1362 3129 verba
1401 3072 1647 3145 Apostoli
1688 3073 1975 3129 induxerat
2024 3091 2037 3126 ε
2084 3093 2111 3124 α
2146 3073 2284 3128 Ecce
2313 3072 2365 3127 in
2398 3072 2579 3142 Patre,

577 3166 632 3213 et
661 3156 815 3223 Filio,
847 3168 904 3215 et
932 3160 1130 3232 spiritu
1158 3161 1336 3218 Patris
1372 3171 1427 3217 et
1452 3160 1591 3228 Filii,
1638 3177 1801 3218 unum
1830 3162 2082 3235 spiritum
2111 3160 2250 3217 vidit
2282 3181 2329 3225 n,
2370 3160 2585 3218 scilicet

576 3246 888 3318 Apostolus.
917 3247 986 3306 Et
1027 3247 1401 3306 Theodoretus
1435 3240 1575 3306 'dicit
1602 3250 1765 3322 super
1793 3250 1953 3323 epist.
1996 3251 2066 3306 ad
2105 3250 2266 3310 Rom.
2304 3266 2585 3323 exponens

576 3333 722 3388 idem
764 3334 990 3392 verbum
1019 3338 1263 3408 Apostoli
1301 3355 1314 3392 ε
1361 3358 1387 3389 α
1430 3338 1742 3394 Communis
1770 3345 1853 3393 est
1896 3338 2073 3406 Patris
2112 3347 2167 3394 et
2194 3337 2314 3394 Filii
2344 3338 2585 3412 Spiritus

575 3431 818 3479 sanetus.
868 3443 894 3476 n
941 3423 1307 3494 Quaerendurn
1345 3434 1429 3482 est
1471 3440 1621 3497 ergo,
1665 3426 1939 3499 quomodo
1976 3427 2209 3499 Spiritus
2254 3435 2485 3483 sanctus
2512 3428 2585 3482 sit

575 3503 802 3584 spiritus
840 3510 982 3578 Filii,
1026 3512 1108 3568 vel
1146 3515 1371 3584 spiritus
1411 3513 1633 3571 Christi.
1684 3515 1867 3571 Potest
1906 3522 2091 3572 autem
2136 3513 2579 3587 aliquis'dicere,

575 3601 722 3674 quod
751 3601 825 3656 sit
862 3602 1089 3666 spiritus
1115 3601 1313 3660 Christi
1349 3603 1507 3677 quasi
1547 3606 1599 3660 in
1647 3604 1865 3660 homine
1906 3602 2121 3661 Christo
2150 3603 2391 3677 plenarie
2420 3603 2585 3660 inha-

575 3688 777 3753 bitans,
818 3690 1114 3747 secundum
1155 3690 1288 3747 illud
1324 3685 1457 3749 Luc.
1499 3707 1556 3749 ιν
1598 3709 1612 3746 :
1652 3689 1805 3748 Iesus
1830 3691 2013 3765 plenus
2040 3692 2251 3766 Spiritu
2276 3697 2463 3748 saneto
2490 3708 2586 3748 re·

573 3789 781 3848 areum
807 3783 883 3834 est
922 3794 958 3834 a
998 3777 1253 3845 Iordane,
1290 3779 1354 3836 de
1379 3781 1531 3852 cujus
1553 3779 1883 3852 plenitudine
1916 3797 2014 3836 nos
2053 3795 2227 3836 omnes
2264 3781 2581 3853 occepimus,

576 3873 639 3921 ut
665 3864 867 3922 dicitur
891 3865 1047 3926 Joau.
1079 3881 1120 3924 ι.
1165 3867 1296 3924 Haec
1321 3872 1506 3924 autem
1536 3867 1814 3942 responsio
1841 3869 2098 3926 sustineri
2134 3883 2239 3924 non
2287 3873 2493 3942 potest,
2524 3879 2582 3926 ut

579 3948 788 4008 scilieet
826 3953 928 4009 hac
963 3963 1176 4011 tantum
1206 3955 1416 4012 ratione
1449 3955 1685 4027 Spiritus
1730 3966 1951 4014 sanctus
1992 3957 2220 4029 spiritus
2260 3955 2464 4014 Christi
2492 3957 2583 4012 di-
