2850 4517
527 367 612 428 72
883 395 888 400 ·
1007 382 1060 428 s.
1105 381 1335 425 monae
1376 373 1703 429 nomm-ns
1744 378 2057 426 croscum

1267 580 1550 650 CAPUT
1598 573 1795 649 CVII.

537 725 715 802 Quod
739 730 935 788 motus
952 723 1020 787 in
1037 724 1232 786 Deum
1255 723 1336 786 aci
1359 721 1781 786 beatitudinem
1805 685 2267 802 oonseqamdam
2288 724 2535 790 usumi-

607 812 998 967 {ggaesmotui
1023 811 1325 886 naturali,
1351 817 1408 876 et
1436 811 1599 892 quod
1626 809 1931 874 beatitudo
1960 812 2143 876 estin
2178 816 2322 877 actu
2349 815 2533 913 intel-

594 1034 1062 1093 Considerandum
1084 1037 1168 1089 est
1191 1038 1395 1101 autem,
1423 1032 1571 1107 quod
1600 1048 1726 1090 cum
1766 1032 2063 1108 procedere
2096 1033 2165 1090 de
2202 1036 2453 1108 potentia
2480 1031 2535 1092 in

525 1134 710 1186 actum
733 1123 818 1181 vel
846 1124 922 1180 sit
948 1128 1146 1190 mutue,
1176 1121 1263 1180 vel
1289 1123 1361 1179 sit
1389 1121 1570 1180 simile
1613 1123 1803 1191 motui,
1830 1123 1979 1179 circa
2017 1138 2335 1197 processum
2375 1125 2539 1197 hujus

526 1213 888 1272 beatitudinis
907 1210 1350 1284 consequendum
1380 1210 1634 1268 similiter
1660 1227 1720 1268 se
1745 1211 1910 1268 habet
1932 1210 2077 1268 sicut
2100 1212 2156 1269 in
2176 1220 2348 1281 motu,
2366 1214 2454 1270 vel
2485 1214 2538 1270 in

525 1304 829 1361 mutatione
856 1300 1115 1358 naturali.
1145 1300 1205 1357 In
1235 1307 1386 1357 motu
1425 1299 1571 1357 enim
1595 1301 1835 1357 naturali
1876 1300 2054 1375 primo
2086 1301 2309 1374 quidem
2348 1303 2539 1359 consi-

527 1395 750 1448 deratur
781 1390 964 1463 aliqua
988 1381 1311 1463 proprietaS,
1345 1405 1443 1462 per
1481 1405 1647 1462 quam
1677 1390 2139 1462 proportionetur,
2174 1389 2258 1447 vel
2301 1389 2539 1449 inclina·

528 1488 616 1536 tur
641 1479 840 1536 mobile
864 1479 934 1535 ad
965 1477 1132 1535 talem
1160 1479 1341 1545 finem,
1369 1478 1517 1534 sicut
1554 1479 1800 1550 gravitas
1841 1477 1897 1534 in
1939 1483 2087 1535 terra
2134 1479 2204 1534 ad
2246 1477 2352 1536 hoc
2388 1482 2537 1554 quod

525 1571 733 1626 feratur
783 1568 1058 1624 deorsum.
1098 1567 1221 1624 Non
1266 1566 1413 1624 enim
1466 1574 1779 1625 moveretur
1827 1566 2055 1641 aliquid·
2087 1567 2412 1626 naturaliter
2468 1570 2537 1628 ad

525 1667 738 1717 certum
763 1659 945 1726 finem,
963 1657 1068 1714 nisi
1096 1656 1323 1714 haberet
1347 1658 1757 1731 proportionem
1782 1656 1853 1713 ad
1880 1657 2053 1715 illum.
2082 1657 2331 1714 Secundo
2351 1666 2537 1716 autem

525 1750 907 1808 consideratur
935 1747 1052 1819 ipse
1096 1752 1276 1802 motus
1311 1745 1381 1802 ad
1410 1747 1595 1802 finem.
1626 1745 1811 1803 Tertio
1850 1752 2033 1802 autem
2074 1745 2193 1819 ipsa
2230 1745 2426 1815 forma,
2449 1747 2537 1806 vel

526 1839 699 1896 locus.
726 1837 934 1908 Quarto
955 1841 1139 1892 autem
1168 1835 1326 1908 quies
1350 1825 1621 1902 informa,
1654 1834 1739 1890 vel
1772 1835 1827 1891 in
1856 1833 1995 1892 loco.
2021 1835 2112 1892 Sic
2139 1835 2308 1907 igitur
2352 1837 2408 1892 in
2448 1836 2536 1893 in·-

527 1926 825 1984 tellectuali
850 1931 1000 1983 motu
1030 1925 1100 1981 ad
1131 1925 1314 1990 finem,
1342 1925 1577 1997 primum
1606 1925 1830 1999 quidem
1866 1931 1951 1981 est
1981 1939 2134 1980 amor
2172 1924 2442 1983 inclinans
2484 1927 2541 1983 in

529 2018 694 2074 finem
727 2034 739 2074 :
767 2015 1068 2073 secundum
1093 2020 1278 2071 autem
1300 2021 1385 2071 est
1408 2013 1763 2079 desiderium,
1792 2014 1937 2088 quod
1967 2020 2052 2070 est
2086 2014 2244 2088 quasi
2274 2024 2455 2074 motus
2480 2018 2539 2076 in

526 2107 710 2176 finem,
757 2112 812 2160 et
857 2104 1205 2177 operationes
1255 2119 1322 2158 ex
1368 2102 1467 2159 tali
1510 2103 1783 2159 desiderio
1827 2102 2207 2176 pervenientes
2249 2119 2263 2161 z
2309 2103 2538 2162 tertium

527 2202 712 2252 autem
748 2200 832 2249 est
877 2194 996 2265 ipsa
1035 2191 1230 2258 forma,
1269 2207 1437 2264 quam
1474 2191 1788 2248 intellectus
1835 2191 2187 2266 consequitur
2225 2209 2241 2250 ε
2276 2201 2538 2267 quartum

526 2290 712 2339 autem
749 2287 834 2336 est
873 2279 1166 2335 delectatio
1194 2295 1555 2352 consequenS,
1582 2296 1705 2355 quae
1735 2280 1865 2336 nihil
1896 2289 1981 2337 est
2010 2282 2159 2339 aliud
2182 2299 2349 2356 quam
2378 2285 2543 2359 quie-

527 2371 665 2427 tatio
689 2369 990 2424 voluntatis
1017 2368 1072 2423 in
1119 2368 1236 2424 sine
1265 2369 1487 2442 adepto·
1526 2371 1616 2426 Sic
1662 2369 1831 2442 igitur
1866 2370 2133 2427 naturalis
2170 2371 2542 2444 generationis

528 2458 652 2514 finis
676 2463 760 2514 est
789 2457 981 2524 forma,
1011 2463 1067 2512 et
1092 2464 1274 2514 motus
1298 2457 1487 2514 localis
1514 2457 1686 2527 locus,
1711 2474 1817 2515 non
1848 2465 2033 2516 autem
2057 2460 2215 2532 quies
2250 2462 2305 2517 in
2337 2462 2536 2532 forma,

527 2547 614 2604 vel
645 2546 783 2613 loco,
813 2546 909 2602 sed
953 2545 1057 2601 hoe
1094 2552 1179 2601 est
1223 2561 1565 2620 consequens
1597 2549 1761 2604 finem
1789 2557 1887 2606 :et
1925 2549 2097 2607 multo
2136 2549 2317 2606 minus
2360 2557 2541 2608 motus

527 2643 614 2692 est
643 2636 785 2703 finiS,
818 2634 904 2690 vel
932 2635 1208 2707 proportio
1234 2634 1303 2691 ad
1334 2637 1518 2704 finem,
1550 2636 1627 2692 ita
1656 2637 1882 2692 ultimus
1918 2638 2042 2694 finis
2074 2644 2346 2697 creaturae
2376 2640 2547 2696 intel-

527 2721 781 2780 lectualis
812 2729 898 2778 est
933 2722 1121 2780 videre
1158 2725 1351 2793 Deum,
1384 2741 1493 2782 non
1522 2731 1708 2782 autem
1733 2725 2001 2784 delectari
2043 2727 2099 2783 in
2138 2727 2278 2801 ipso,
2311 2728 2410 2785 sed
2440 2730 2543 2786 hoc

531 2819 616 2868 est
643 2812 1018 2869 concomitans
1043 2812 1225 2882 finem,
1253 2822 1308 2871 et
1337 2814 1495 2887 quasi
1522 2814 1813 2888 perficiens
1839 2815 2036 2889 ipsum.
2068 2816 2137 2872 Et
2162 2817 2334 2874 multo
2359 2819 2545 2876 minus

481 2939 490 2946 -
527 2901 880 2972 desiderium,
911 2901 996 2959 vel
1026 2918 1198 2972 amor,
1222 2912 1451 2977 possunt
1480 2920 1601 2960 esse
1630 2904 1856 2962 ultimus
1883 2905 2026 2976 finis,
2057 2920 2185 2964 cum
2226 2906 2397 2964 etiam
2438 2906 2549 2968 hoo

527 3001 656 3053 ante
684 2993 848 3051 finem
879 2992 1100 3050 habeat.

1250 3164 1535 3233 CAPUT
1580 3164 1812 3235 CVIII.

739 3307 835 3372 De
882 3324 1098 3392 errore·
1112 3307 1463 3389 ponentium
1500 3307 1853 3386 felicitatem
1893 3307 1961 3372 in
2000 3308 2319 3372 creaturis.

597 3439 958 3497 Manifestum·
983 3447 1068 3496 est
1100 3457 1250 3514 ergo,
1278 3440 1429 3514 quod
1465 3440 1701 3498 felicitas
1738 3440 1875 3498 falso
1903 3457 1935 3499 a
1975 3441 2305 3515 quibusdam
2333 3441 2559 3516 quaeri-

528 3536 638 3596 tur,
667 3531 722 3584 in
762 3529 1195 3602 quibuscumque
1238 3538 1439 3602 praeter
1468 3532 1641 3586 Deum
1687 3537 1986 3604 quaeratur,
2024 3530 2141 3588 sive
2179 3530 2234 3586 in
2278 3529 2545 3605 volupta-

529 3619 675 3675 tibus
703 3619 1095 3692 corporalibus,
1130 3634 1255 3692 quae
1292 3626 1419 3675 sunt
1460 3628 1517 3676 et
1546 3619 1723 3677 brutis
1766 3635 2113 3687 communes,·
2142 3619 2259 3675 sive
2299 3617 2355 3675 in
2396 3619 2549 3677 divi-

529 3708 642 3777 tiis,
676 3723 801 3782 quae
825 3708 893 3764 ad
931 3707 1401 3764 conversationem
1439 3707 1759 3764 habentium
1791 3707 2009 3782 proprie
2038 3707 2383 3776 ordinantur,
2415 3723 2543 3782 quae

528 3803 614 3853 est
637 3797 944 3853 communis
967 3795 1091 3852 finis
1129 3795 1303 3852 omnis
1326 3796 1469 3853 entis
1497 3798 1669 3854 creati
1697 3813 1712 3868 ;
1744 3797 1861 3853 sive
1903 3797 1959 3853 in
2001 3795 2391 3871 potestatibus,
2419 3813 2547 3871 quae

529 3887 853 3943 ordinantur
890 3885 961 3943 ad
1008 3885 1517 3942 communicandam
1559 3885 1952 3958 perfectionem
1992 3902 2148 3945 suam
2198 3885 2340 3955 aliis,
2392 3886 2543 3960 quod

529 3971 698 4029 etiam
737 3973 975 4031 diximus
1020 3974 1275 4058 omnibus
1308 3989 1430 4032 esse
1472 3987 1791 4047 commune3
1828 3975 1947 4034 sive
1988 3975 2046 4033 in
2090 3975 2410 4044 honoribus,
2453 3973 2548 4032 vel
