2850 4517
840 317 886 361 1.
916 332 995 347 -
1023 318 1421 367 communium
1475 326 1838 375 ‘rnnonooxae
2227 326 2344 387 145

338 426 507 501 igitur
534 428 709 485 omnis
736 428 947 489 falsitas
977 450 1011 490 a
1040 436 1254 493 Christo
1297 438 1370 495 sit
1398 439 1595 510 aliena,
1627 430 1946 520 simpliciter
1972 454 2344 516 confitendum

336 523 434 583 est,
466 517 612 591 quod
637 518 889 579 Christus
911 522 991 579 sic
1018 526 1377 603 prooessit'ex
1400 536 1559 588 utero
1585 533 1840 607 Virginis,
1871 541 2016 612 quod
2043 558 2111 600 ex
2136 560 2202 602 ea
2229 561 2340 607 oar·-

334 619 455 661 nem
482 607 716 680 accepit.
1432 645 1437 650 ·
1932 656 1936 659 -

994 854 998 860 ,
1046 779 1329 851 CAPUT
1376 784 1627 855 CCIX:

454 912 459 915 ’
596 913 743 993 Qua
766 916 854 981 rit
875 920 1170 985 sententia
1194 922 1341 1001 fidei
1368 924 1534 991 circa
1567 928 2064 1004 incarnationem.

390 1046 467 1105 Ex
495 1048 793 1121 praemissis
818 1050 987 1123 igitur
1009 1053 1265 1128 colligere
1291 1073 1603 1132 possumus,
1629 1066 1777 1139 quod
1806 1067 1861 1125 in
1887 1071 2104 1132 Christo
2131 1092 2333 1136 secun-

322 1136 450 1192 dum
471 1137 761 1195 veritatem
789 1140 1075 1201 catholicae
1098 1144 1249 1201 Fidei
1275 1146 1382 1203 fuit
1416 1166 1607 1207 verum
1635 1168 1835 1227 corpus
1861 1168 2064 1221 nostrae
2093 1174 2325 1234 naturae,

320 1240 445 1281 vera
466 1220 964 1299 animarationalis,
991 1238 1045 1287 et
1068 1232 1230 1289 simul
1258 1249 1384 1292 cum
1399 1236 1504 1295 hoc
1527 1242 1772 1313 perfecta
1801 1246 1997 1305 deitas.
2025 1252 2122 1315 11ae
2143 1262 2326 1317 autem

321 1318 428 1368 tres
454 1312 777 1372 substantiae
800 1316 855 1371 in
878 1333 1039 1374 unam
1060 1336 1348 1392 personam
1370 1328 1723 1399 conveniunt,
1751 1348 1856 1389 non
1873 1343 2058 1395 autem
2080 1339 2136 1397 in
2161 1358 2324 1405 unam

318 1407 582 1457 naturam.
610 1403 879 1477 Adcujus
906 1407 1074 1464 etiam
1116 1410 1368 1469 veritatis
1396 1415 1793 1488 expositionem
1822 1422 1990 1498 aliqui
2023 1443 2120 1500 per
2150 1447 2324 1504 quas-

312 1488 435 1545 dam
460 1490 579 1547 vias
605 1502 861 1549 erroneas
886 1494 1286 1568 processerunt.
1310 1501 1732 1564 considerantes
1751 1511 1896 1567 enim
1923 1515 2147 1587 quidam
2172 1522 2320 1592 quod

311 1592 473 1635 omne
494 1580 641 1653 quod
676 1574 900 1639 advenit
934 1580 1263 1658 alicuilpost
1290 1604 1411 1645 esse
1439 1592 1790 1669 completum,
1823 1602 2239 1664 accidentaliter
2266 1610 2319 1665 ei

309 1667 641 1739 adjungitur,
676 1676 737 1725 ut
760 1670 965 1729 homini
989 1673 1178 1742 vestis,
1210 1686 1510 1748 posuerunt
1537 1686 1684 1756 quod
1715 1684 2028 1748 humanitas
2057 1694 2318 1753 acciden-

308 1740 395 1812 tan
421 1757 624 1813 unione
645 1756 809 1829 fuerit
849 1759 905 1815 in
932 1754 1168 1832 'persona
1193 1762 1289 1819 filii
1331 1766 1612 1825 divinitati
1639 1775 1947 1845 conjuncta,
1987 1780 2065 1837 ita
2093 1784 2306 1843 scilicet

300 1845 445 1917 quod
473 1851 675 1901 natura
722 1852 1001 1919 assumpta
1044 1843 1105 1904 se
1131 1848 1358 1908 haberet
1403 1854 1474 1909 ad
1519 1872 1808 1927 personam
1849 1863 1970 1920 Filii
2015 1868 2134 1935 Dei,
2166 1872 2309 1929 sicut
2404 1909 2409 1914 -

300 1924 497 1990 vestis,
514 1933 585 1988 ad
619 1928 914 1989 hominem.
944 1932 1029 1991 Ad
1068 1938 1226 2008 quus
1272 1940 1744 2001 confirmationem
1789 1949 2122 2010 inducebant
2167 1962 2314 2031 quod

298 2018 546 2094 Apostol.
568 2016 711 2077 dicit·
728 2020 798 2078 ad
822 2018 1016 2096 Philip.
1044 2022 1113 2079 de
1136 2024 1374 2095 Christ0,
1396 2029 1535 2099 quod
1555 2030 1742 2095 habitu
1768 2034 2014 2095 inventus
2039 2050 2119 2103 est,
2137 2040 2306 2111 homo.

296 2106 503 2165 Rursus
526 2108 969 2179 considerabant,
999 2112 1144 2185 quod
1172 2129 1238 2169 ex
1268 2116 1468 2174 unione
1491 2118 1690 2179 animae
1713 2130 1770 2179 et
1806 2129 2048 2200 corporis
2075 2132 2325 2193 efficitur.

297 2192 633 2254 individuum
664 2198 939 2272 quoddam
964 2201 1249 2259 rationalis
1277 2212 1508 2278 naturae,
1539 2210 1686 2283 quod
1711 2215 2027 2274 nominatur
2050 2236 2303 2293 persona.

294 2288 344 2345 Si
376 2285 544 2359 igitur
585 2286 767 2344 anima
796 2287 849 2343 in
879 2287 1095 2346 Christo
1124 2290 1316 2349 fuisset
1339 2297 1554 2368 corpori
1591 2299 1762 2369 unita,
1792 2302 1978 2363 videre
2005 2323 2111 2365 non
2140 2318 2302 2384 pote-

293 2381 432 2443 rant,
459 2376 589 2449 quin
618 2385 940 2450 sequeretur
966 2377 1112 2451 quod
1136 2395 1204 2435 ex
1234 2380 1328 2437 tali
1361 2382 1560 2442 unione
1588 2390 2017 2451 constitueretur
2043 2415 2293 2469 persona.

291 2463 620 2537 Srqueretur
658 2480 789 2537 ergo
817 2466 871 2522 in
912 2465 1127 2524 Christo
1156 2468 1293 2527 duas
1320 2485 1442 2527 esse
1468 2489 1732 2546 personas
1767 2481 1978 2540 scilicet
2005 2502 2296 2559 personam

291 2560 676 2621 assumentem,
710 2558 766 2608 et
810 2569 1098 2626 personam
1124 2567 1464 2631 assumptam
1515 2578 1530 2619 ε
1569 2562 1626 2618 in
1666 2565 1887 2625 homine
1928 2575 2072 2629 enim
2104 2576 2296 2633 induto

290 2656 394 2695 non
418 2649 548 2698 sunt
574 2640 699 2699 duae
724 2656 985 2714 personae,
1018 2641 1150 2716 quia
1186 2646 1566 2705 indumentum
1595 2651 1864 2737 rationem
1897 2673 2148 2729 personae
2185 2681 2292 2726 non

286 2724 471 2793 habet.
496 2726 553 2783 Si
578 2733 762 2783 autem
788 2729 955 2785 vestis
975 2735 1121 2785 esset
1143 2745 1394 2800 persona,
1428 2742 1750 2805 sequeretur
1768 2740 1824 2794 in
1849 2736 2068 2801 homine
2090 2751 2294 2806 vestito

285 2814 421 2871 duas
444 2831 565 2873 esse
586 2830 870 2889 personas.
894 2816 977 2872 Ad
1002 2814 1108 2872 hoc
1130 2815 1296 2885 igitur
1318 2816 1718 2876 excludendum
1740 2836 2040 2895 posuerunt
2067 2835 2293 2904 quidam

282 2905 523 2961 animam
560 2904 759 2961 Christi
788 2906 998 2962 unitam
1044 2918 1323 2976 nunquam
1366 2904 1534 2960 fuisse
1572 2910 1807 2980 corpori,
1839 2916 1935 2969 sed
1977 2920 2122 2989 quod
2163 2938 2292 2993 per-

280 3006 413 3047 sona
453 2990 575 3047 Filii
616 2992 737 3061 Dei,
775 2992 1013 3051 animam
1052 2997 1109 3047 et
1142 3005 1341 3063 corpus
1368 2986 1666 3063 separatim
1695 3000 2012 3072 assumpsit.
2037 3004 2144 3061 Sed
2172 3006 2290 3066 haec

280 3080 463 3152 opinio
503 3080 635 3137 dum
664 3094 831 3157 unum
872 3079 1259 3136 inconveniens
1286 3078 1465 3136 vitare
1509 3079 1720 3152 nititur,
1767 3084 1960 3145 incidit
1988 3091 2058 3149 in
2088 3096 2283 3168 majus.

279 3168 543 3241 Sequitur
576 3169 727 3226 enim
762 3184 829 3225 ex
874 3169 1220 3233 necessitate,
1275 3169 1423 3241 quod
1468 3168 1716 3229 Christus
1759 3189 1867 3247 non
1913 3177 2078 3239 fuerit
2124 3200 2284 3252 verus

278 3254 459 3313 homo.
482 3256 719 3325 *Veritas
747 3256 906 3327 ,enim
927 3255 1181 3314 humanae
1208 3264 1419 3315 naturae
1460 3258 1692 3333 requirit
1734 3264 1932 3323 animae
1955 3276 2012 3326 et
2038 3275 2282 3345 corporis

278 3344 532 3401 unionem
564 3362 579 3401 :
611 3362 737 3415 nam
762 3337 923 3402 homo
949 3350 1032 3401 est
1060 3344 1157 3418 qui
1184 3360 1249 3401 ex
1288 3352 1522 3421 utroque
1548 3350 1911 3423 componitur.
1950 3358 2282 3432 sequeretur

276 3433 441 3491 etiam
472 3434 621 3507 quod
648 3433 895 3491 Christus
923 3449 1028 3490 non
1060 3433 1225 3489 fuerit
1250 3449 1382 3491 vera
1410 3450 1560 3505 caro,
1591 3452 1690 3495 neo
1717 3440 1936 3515 aliquod
1974 3447 2278 3511 membrum

276 3521 391 3593 ejus
424 3521 619 3579 habuit
662 3522 972 3579 veritatem.
1002 3522 1233 3579 Remota
1260 3522 1403 3577 enim
1454 3525 1635 3584 anima
1677 3544 1784 3587 nou
1811 3538 1898 3589 est
1942 3534 2149 3604 oculus,
2183 3548 2278 3599 aut

276 3626 483 3680 manus,
515 3619 612 3669 aut
636 3628 784 3680 caro,
816 3618 872 3667 et
899 3627 979 3677 os,
1012 3611 1116 3667 nisi
1144 3610 1445 3685 aequivoce,
1473 3614 1616 3672 sicut
1641 3618 1838 3693 pictuS,
1871 3631 1966 3681 aut
2003 3624 2273 3698 lapideus.

274 3698 600 3774 Sequeretur
622 3702 789 3767 etiam
836 3698 981 3773 quod
1010 3698 1262 3755 Christus
1283 3714 1409 3755 vere
1448 3708 1695 3762 mortuus
1720 3724 1830 3767 non
1870 3710 2036 3769 fuerit·
2083 3730 2098 3769 ε
2131 3730 2276 3774 mors

276 3786 409 3844 enim
435 3795 522 3844 est
544 3787 783 3861 privatio
808 3788 960 3845 vitae.
986 3784 1335 3845 Manifestum-
1352 3793 1440 3847 est
1463 3790 1624 3858 enim,
1657 3797 1807 3867 quod
1828 3796 2134 3858 divinitatis
2159 3804 2273 3863 vita

276 3890 360 3945 per
388 3881 627 3935 mortem
668 3876 874 3951 privari
918 3890 1040 3932 non⁴
1065 3876 1243 3949 potuit
1274 3892 1289 3931 ε
1335 3888 1536 3949 corpus
1574 3886 1760 3957 autem
1786 3886 1973 3947 vivum
2001 3904 2122 3948 esse
2165 3908 2273 3953 nou

774 3989 826 4041 S.
858 3993 1009 4041 Tuon.
1050 3996 1129 4043 Ao.
1167 3993 1433 4045 opuscou.
1465 4022 1527 4035 -
1555 4006 1591 4049 ι.
1615 4024 1680 4045 ,-
1703 4005 1766 4055 10

2263 832 2272 841 ’
2364 846 2385 913 ‘x
