2850 4517
515 298 604 375 26,
992 315 1044 365 a.
1090 314 1343 363 mcum.
1365 312 1694 365 «omunia
1733 312 2039 363 orusoou

1296 539 1582 609 CAPUT
1627 539 1737 608 LI.

760 691 1082 771 Quomodo·
1097 690 1340 755 videtur
1361 706 1481 754 esse
1504 691 1912 772 repuqaeantia
1944 687 2283 755 Trinitatis

1126 782 1537 847 Personarum
1562 780 1637 843 in.
1656 780 1905 847 divinis.

590 924 815 981 Videtur
845 931 1029 981 autem
1076 939 1140 979 ex
1183 922 1465 997 praedictis
1492 920 1855 994 repugnantia
1889 919 2144 993 quaedam
2180 920 2438 977 suboriri.
2464 920 2522 981 si

517 1014 662 1070 enim
692 1014 747 1070 in
785 998 898 1070 Deo
927 1012 1200 1080 ternarius
1233 1012 1435 1085 aliquis
1463 1010 1703 1085 ponitur,
1735 1025 1861 1067 cum
1887 1010 2062 1066 omnis
2090 1024 2347 1066 numerus
2373 1010 2523 1067 divi-

518 1104 725 1159 sionem
754 1101 994 1176 aliquam
1031 1109 1419 1174 consequatur,
1448 1098 1720 1173 oportebit
1753 1099 1808 1155 in
1837 1098 1951 1155 Deo
1992 1098 2235 1172 aliquam
2263 1100 2525 1156 differen-

520 1191 652 1249 tiam
681 1206 900 1264 ponere,
931 1206 1028 1263 per
1055 1206 1220 1263 quarn
1251 1197 1364 1245 tres
1401 1188 1473 1245 ab
1503 1188 1736 1245 invicem
1763 1185 2190 1259 distinguantur,
2224 1194 2279 1243 et
2310 1190 2387 1245 ita
2416 1204 2522 1245 non

519 1280 625 1335 erit
652 1280 704 1334 in
735 1279 848 1336 Deo
876 1294 1090 1335 summa
1119 1277 1463 1353 simplicitas
1494 1277 1634 1333 Nam
1660 1278 1707 1332 si
1727 1275 1790 1350 *i'n
1820 1276 2005 1350 aliquo
2035 1286 2145 1333 tres
2168 1278 2517 1345 conveniunt,

519 1375 576 1423 et
599 1368 652 1423 in
687 1367 872 1441 aliquo
910 1368 1187 1434 differunt,
1216 1382 1439 1424 necesse
1468 1373 1551 1423 est
1592 1364 1683 1423 ibi·
1708 1381 1829 1423 esse
1872 1364 2347 1439 compositionem,
2373 1370 2520 1442 quod

521 1452 892 1529 superio'ribus
937 1465 1222 1530 repugnat.
1253 1456 1465 1514 Rursus
1504 1456 1551 1511 si
1594 1470 1829 1513 necesse
1863 1464 1947 1512 est
1986 1471 2107 1512 esse
2141 1470 2309 1511 unum
2347 1457 2523 1519 solnm

523 1546 715 1612 Deum,
745 1553 805 1601 ut
847 1561 1012 1620 supra
1055 1551 1333 1601 ostensum
1370 1554 1476 1609 est,
1524 1544 1670 1603 nulla
1707 1554 1891 1602 autem
1936 1560 2023 1601 res
2062 1560 2169 1602 una
2205 1546 2399 1615 oritur,
2437 1548 2522 1603 vel

523 1633 770 1706 procedit
794 1650 827 1691 a
856 1634 1056 1707 seipsa,
1089 1633 1424 1707 impossibiie
1466 1633 1686 1690 videtur
1712 1632 1860 1708 quod
1902 1634 1973 1688 sit
2006 1632 2149 1690 Deus
2174 1634 2407 1705 genitus,
2436 1636 2520 1691 vei

525 1724 672 1779 Deus
697 1723 1016 1795 procedens·
1047 1721 1208 1779 Falso
1243 1722 1412 1793 igitur
1445 1722 1666 1797 ponitur
1698 1723 1753 1778 in
1782 1721 1981 1795 divinis
2010 1727 2204 1778 nornen
2240 1723 2435 1817 Patris,
2467 1712 2541 1783 et'

526 1810 664 1878 Filii,
697 1819 754 1868 et
779 1812 1014 1885 Spiritus
1033 1812 1398 1891 procedentis.

1290 2007 1571 2079 CAPUT
1617 2008 1757 2077 LII.

645 2159 885 2223 Salutio
912 2160 1196 2231 rationi&
1227 2163 1284 2221 et
1310 2157 1472 2239 quod
1494 2159 1563 2219 in
1588 2157 1815 2220 divinis
1835 2172 1953 2217 non
1978 2159 2065 2217 est
2093 2154 2403 2267 distinctio

1091 2247 1218 2310 nisi
1241 2246 1561 2309 secundum
1582 2246 1948 2309 relationem

597 2390 928 2464 Principium
972 2398 1156 2461 autem
1197 2390 1264 2447 ad
1308 2390 1713 2447 dissolvendum
1756 2391 1911 2446 hanc.
1940 2388 2357 2459 dubitationem,
2396 2390 2525 2447 hinc

527 2496 741 2537 sumere
779 2486 1012 2551 oportet,
1045 2480 1174 2551 quia
1216 2480 1516 2535 secundum
1546 2480 1923 2535 diversitatem
1970 2490 2291 2535 naturarum
2336 2487 2421 2535 est
2467 2480 2545 2534 in·

529 2568 760 2625 diversis
783 2566 945 2624 rebus
981 2566 1228 2623 diversus
1257 2567 1452 2624 modus
1476 2567 1681 2640 aliquid
1712 2584 1781 2625 ex
1802 2567 1911 2625 alio
1942 2567 2173 2635 oriendi,
2210 2567 2297 2625 vel
2328 2582 2549 2635 proce-s

527 2656 711 2713 dendi.
745 2656 1000 2712 1n.rebus
1041 2654 1186 2711 enim
1225 2658 1338 2711 vita
1370 2656 1701 2723 carentibus,
1730 2658 1860 2729 quia
1907 2671 2012 2712 non
2042 2661 2169 2712 sunt
2193 2656 2375 2726 seipsa
2402 2670 2525 2712 mo-

529 2749 728 2812 ventia,
763 2744 855 2801 sed
899 2743 1073 2800 solnm
1121 2745 1447 2801 intrinsecus
1487 2754 1714 2817 possunt
1753 2744 1980 2814 moveri,
2029 2744 2203 2800 oritur
2245 2760 2413 2801 unum
2454 2760 2525 2801 ex

525 2835 697 2892 altero
725 2834 883 2908 quasi
909 2834 1149 2907 exterius
1171 2834 1465 2891 alteratum
1484 2842 1539 2891 et
1563 2834 1932 2898 immutatum,
1963 2832 2106 2889 sicut
2130 2834 2200 2889 ab
2221 2834 2341 2904 igne
2368 2849 2549 2905 gene·-

527 2933 678 2980 ratur
715 2924 873 2997 ignia,
915 2929 969 2979 et
1011 2922 1082 2980 ab
1126 2938 1254 2979 aere
1295 2938 1408 2979 aer.
1452 2922 1719 2978 In‘rebus
1760 2936 1890 2976 vero
1932 2920 2260 2987 viventibus,
2288 2936 2551 2991 quarum·

527 3015 830 3086 proprietas
857 3018 940 3067 est
965 3018 1028 3065 ut
1053 3012 1262 3081 seipsas
1286 3016 1561 3074 moveant,
1578 3016 1869 3079 generatur
1894 3006 2100 3078 aiiquid
2126 3007 2183 3063 in
2212 3008 2523 3081 ipsozgene-

527 3088 699 3167 rante,
727 3099 868 3155 sicut
915 3098 1078 3153 soetus
1107 3096 1443 3161 animalium,
1476 3104 1531 3151 et
1557 3094 1767 3151 fructus
1798 3094 2161 3167 planetarum.
2202 3096 2297 3154 Est
2338 3105 2525 3156 antem

525 3187 871 3243 considerare.
919 3182 1198 3261 diversum
1245 3182 1466 3239 modum
1512 3183 1872 3255 processionis
1916 3183 2240 3241 secundum·
2270 3186 2524 3247 diversas

529 3278 669 3331 vires
693 3276 746 3329 in
774 3274 874 3340 eis,
898 3288 1127 3345 quarum
1153 3272 1499 3345 operationes
1521 3286 1625 3328 non
1650 3287 1710 3329 se
1729 3274 2027 3330 extendunt
2046 3274 2149 3331 nisi
2176 3276 2244 3333 ad
2268 3291 2519 3350 corpora,

525 3362 1003 3435 sccundnm2quod
1047 3360 1352 3417 materialia
1394 3368 1540 3427 sunt,
1588 3362 1729 3418 sicut
1776 3369 1929 3434 patet
1970 3363 2039 3420 de
2079 3364 2287 3421 viribus
2323 3367 2522 3423 animae

524 3450 863 3521 vegetabiliS,
892 3464 1016 3523 quae
1041 3456 1169 3505 sunt
1193 3449 1479 3518 nutritiva,
1507 3456 1565 3505 et
1595 3452 2023 3523 augmentative,
2066 3461 2121 3509 et
2159 3457 2475 3525 generativa
2503 3474 2518 3512 ε

525 3552 575 3598 et
607 3539 908 3596 secundnm
935 3538 1039 3596 hoc
1067 3554 1242 3611 genus
1269 3538 1482 3595 virium:
1504 3538 1701 3601 animae
1734 3556 1840 3617 non
1875 3541 2140 3613 procedit,
2172 3543 2539 3619 nisiaiiquid·

525 3628 804 3704 corporale
837 3628 1192 3702 corporaliter
1237 3628 1576 3697 distinctum,
1626 3639 1680 3686 et
1738 3640 1917 3687 tamen
1959 3630 2143 3705 aliquo
2178 3632 2349 3711 ,modo
2383 3648 2523 3689 con·
2618 3694 2631 3698 ,

521 3718 772 3790 junctum
815 3719 867 3774 in
909 3714 1297 3774 viventibus'ei
1339 3734 1508 3793 aquo
1548 3718 1814 3793 procedit.
1854 3720 1992 3777 Sunt
2039 3726 2221 3776 autem
2268 3721 2521 3794 quaedam

528 3807 690 3874 vires,
720 3821 950 3880 quarum
976 3805 1321 3880 operationes
1345 3809 1448 3863 etsi
1500 3823 1727 3881 corpora
1758 3824 1865 3865 non
1900 3809 2306 3879 transcendant,
2340 3817 2523 3868 tamen

531 3906 592 3951 ae
617 3895 916 3953 extendunt
959 3894 1030 3951 ad
1070 3895 1282 3968 species
1308 3910 1597 3970 corporum
1626 3898 1755 3971 ‘sine
1785 3898 2012 3957 materia
2056 3913 2152 3950 ρος
2188 3900 2517 3972 recipiendo,
