2850 4517
470 304 590 365 318
874 335 878 340 ’
953 322 1004 367 s.
1048 313 1293 370 mou
1323 310 1652 371 Aomiwris
1693 313 2002 365 croscum
2039 345 2045 348 -
2080 359 2086 366 .
2117 359 2124 364 .
2157 361 2166 369 .

467 437 642 494 mines
670 438 764 511 qui
799 443 925 494 sunt
952 438 1116 494 unius
1138 437 1385 497 civitatis
1422 440 1706 497 mortes
1731 437 1788 492 in
1817 436 1922 494 hoc
1948 437 2306 506 conveniunt,-
2335 439 2488 512 quod

465 527 559 580 uni
588 526 893 583 subduntur
935 528 1187 600 principi,
1232 529 1389 600 cujus
1416 526 1637 598 legibus
1655 525 2050 599 gubernantur,
2097 527 2175 584 ita
2209 535 2265 585 et
2295 543 2490 586 omnes

466 615 711 672 homines
741 617 797 672 in
820 625 1089 689 quantum
1113 615 1440 674 naturaliter
1462 616 1520 671 in
1544 614 1946 676 beatiturfmm
1985 617 2240 682 tendunt,
2277 615 2490 674 habent

374 753 413 782 .‚
466 705 762 777 quamdam
789 705 1099 777 generalem
1128 705 1570 762 convenientiam
1597 704 1653 760 in
1689 703 1990 764 ordinent!
2014 705 2208 772 Deum,
2237 705 2383 762 sicut
2412 707 2488 762 ad

464 808 736 850 summum
764 794 1006 850 omnium
1032 794 1331 867 principem
1360 801 1415 850 et
1445 792 1804 850 beatitudinis
1833 792 2044 850 sontem
2071 800 2146 853 ek
2165 795 2334 853 totius
2355 796 2488 868 jus-

468 881 606 939 titiae
636 881 1025 954 legislatorem.
1058 879 1528 940 Considerandum
1555 889 1640 938 est
1668 887 1888 943 autem,‘
1907 882 2057 954 quod
2085 882 2294 944 bonum
2323 899 2488 944 com-

468 985 628 1026 mune
652 970 951 1027 secundum
976 979 1184 1026 rectam
1213 971 1482 1028 rationem
1505 978 1589 1044 est
1617 969 1758 1026 bono
1783 969 2005 1042 proprio
2031 971 2488 1044 praeferendun:

464 1058 609 1115 unde
650 1074 993 1138 unaquaeque
1035 1074 1164 1131 pars
1200 1057 1440 1116 naturali
1481 1057 1720 1130 quodam
1761 1058 2027 1115 instinctu
2071 1060 2359 1117 ordinatur
2409 1061 2492 1117 ad

468 1147 667 1204 bonum
695 1148 883 1204 totius.
916 1148 1081 1219 Cujus
1106 1148 1324 1218 signum
1353 1153 1456 1214 est,
1485 1147 1634 1221 quod
1661 1146 1862 1219 aliquis
1892 1149 2230 1219 percussioni
2259 1165 2485 1206 manum

466 1237 706 1309 exponit,
739 1242 801 1292 ut
826 1251 921 1292 cor
947 1235 1032 1292 vel
1056 1242 1224 1308 caput
1245 1241 1552 1302 conservet,
1581 1251 1647 1291 ex
1675 1235 1876 1308 quibus
1905 1235 2076 1292 totius
2105 1237 2340 1294 hominis
2365 1238 2483 1294 vita

466 1324 757 1396 dependet.
801 1325 862 1379 In
902 1323 1170 1395 praedicta
1198 1329 1381 1380 autem
1427 1323 1822 1380 communitate
1863 1339 1974 1396 qua
2016 1340 2206 1382 omnes
2231 1325 2484 1382 homines

469 1413 523 1466 in
558 1410 914 1468 beatitudinis
944 1411 1051 1466 fine
1074 1412 1427 1477 conveniunt,
1453 1412 1827 1484 unusquisque
1853 1410 2036 1480 homo,
2076 1421 2138 1469 ut
2160 1429 2286 1485 pars
2311 1431 2484 1486 quae-

468 1499 595 1555 dam
623 1499 1021 1569 consideratur,
1052 1499 1254 1556 bonum
1282 1507 1488 1557 autem·
1507 1514 1796 1556 commune
1827 1499 1992 1556 totius
2029 1508 2128 1556 est·
2156 1501 2271 1573 ipse
2299 1502 2474 1568 Deus,

467 1587 522 1642 in
553 1603 663 1661 quo
706 1589 946 1645 omnium
981 1588 1266 1646 beatitudo
1293 1588 1568 1645 consistit.
1609 1589 1700 1645 Sic
1728 1588 1899 1660 igitur
1925 1588 2217 1645 secundum
2257 1594 2478 1646 rectam

468 1676 735 1733 rationem
780 1683 837 1733 et
876 1683 1091 1734 naturae
1136 1676 1456 1734 instinctum
1500 1676 1879 1750 unusquisque
1921 1677 2158 1750 seipsum
2203 1677 2258 1732 in
2301 1678 2482 1734 Deum

467 1765 685 1822 ordinat
719 1766 862 1824 sicut
897 1782 1025 1839 pars
1064 1765 1347 1823 ordinatur
1375 1765 1448 1822 ad
1487 1763 1690 1822 bonum
1719 1765 1909 1833 totius,
1942 1765 2089 1839 quod
2119 1765 2342 1839 quidem
2381 1783 2485 1839 per

466 1853 792 1910 charitatem
840 1854 1138 1926 perficitur,
1188 1870 1298 1928 qua
1348 1853 1510 1910 homo
1553 1854 1794 1927 seipsum
1835 1860 2059 1928 propter
2101 1855 2276 1911 Deum
2305 1864 2478 1912 amat.

466 1942 601 1996 Cum
631 1941 799 2013 igitur
827 1941 1026 2014 aliquis
1053 1941 1221 1999 etiam
1254 1942 1564 2015 proximum
1599 1947 1821 2014 propter
1863 1941 2040 1999 Deum
2083 1948 2254 2009 amet,
2297 1942 2482 2015 diligit

466 2045 591 2084 eum
614 2029 757 2086 sicut
780 2030 1041 2103 seipsum,
1071 2036 1127 2087 et
1159 2046 1256 2104 per
1284 2030 1388 2087 hoc
1414 2029 1637 2087 dilectio
1666 2035 1860 2087 sancta
1897 2030 2154 2088 efficitur.
2196 2031 2350 2089 Unde
2387 2032 2482 2087 di·-

466 2118 627 2182 citur,
658 2120 682 2174 1
721 2119 878 2194 Joan.
912 2134 973 2175 ιν
1019 2135 1033 2175 :
1079 2118 1193 2175 Hoc
1228 2119 1540 2176 mandatum
1567 2117 1810 2175 habemus
1833 2135 1869 2174 a
1891 2119 2022 2186 Deo,
2071 2127 2135 2177 ut
2171 2119 2268 2193 qui
2293 2120 2478 2192 diligit

468 2205 657 2274 Deum,
686 2205 876 2279 diligat
916 2214 968 2265 et
1004 2206 1239 2278 fratrem
1264 2215 1438 2266 suum.
1481 2207 1691 2283 Quarto
1720 2222 1788 2264 ex
1819 2208 2083 2280 praedicto
2113 2209 2275 2266 modo
2302 2208 2484 2266 dilec-

469 2295 634 2351 tionis
658 2294 997 2361 instruimur,
1035 2303 1097 2352 ut
1128 2295 1363 2368 proximi
1386 2294 1610 2352 dilectio
1656 2295 1730 2352 sit
1757 2294 1951 2352 efficax
1978 2302 2035 2352 et
2063 2311 2315 2369 operosa.
2357 2297 2482 2354 Ma-

467 2380 726 2437 nifestum
771 2387 857 2438 est
898 2382 1044 2439 enim
1070 2382 1217 2455 quod
1246 2384 1624 2457 unusquisque
1651 2384 1734 2440 sic
1769 2387 2011 2457 seipsum
2039 2384 2238 2458 diligit,
2278 2392 2341 2440 ut
2367 2400 2480 2442 non

467 2468 643 2526 solum
670 2469 805 2526 velit
830 2469 933 2526 sibi
961 2470 1069 2543 ipsi
1094 2470 1299 2528 bonum
1322 2470 1601 2541 advenire,
1633 2480 1690 2530 et
1713 2472 1917 2532 malum
1941 2473 2153 2542 abesse,
2179 2474 2276 2532 sed
2303 2489 2482 2532 unus-

467 2558 699 2630 quisque
728 2573 827 2630 pro
855 2573 1013 2631 posse
1036 2558 1179 2616 bona
1206 2559 1311 2617 sibi
1337 2568 1616 2634 procurat,
1657 2568 1714 2618 et
1736 2561 1882 2620 mala
1905 2562 2138 2635 repellit.
2165 2563 2319 2619 Tunc
2343 2578 2481 2636 ergo

464 2645 628 2702 homo
653 2647 957 2718 proximum
980 2647 1160 2720 diligit
1183 2648 1325 2706 sicut
1350 2650 1614 2722 seipsum,
1641 2651 1860 2724 quando
1888 2666 1996 2708 nou
2019 2650 2197 2710 solum
2218 2651 2480 2709 affectum

467 2735 536 2791 ad
578 2735 884 2808 proximum
918 2736 1084 2794 habet
1128 2754 1237 2811 quo
1265 2739 1317 2795 ei
1366 2739 1511 2796 bona
1538 2740 1692 2812 cupit
1719 2739 1981 2798 advenire
2008 2745 2066 2798 et
2093 2739 2236 2798 mala
2261 2739 2475 2812 repelli,

466 2824 562 2880 sed
599 2825 767 2882 etiam
794 2826 1048 2884 effectum
1079 2826 1321 2885 ostendit
1347 2842 1512 2901 opere
1537 2828 1902 2902 adimplendo,
1934 2829 2080 2886 unde
2113 2829 2139 2886 1
2178 2830 2374 2886 Joanu.
2406 2845 2482 2886 m

466 2912 668 2970 dicitur
699 2930 711 2968 :
739 2913 926 2972 Filioli
966 2914 1070 2971 mei
1111 2931 1217 2972 non
1243 2915 1527 2989 diligamus
1561 2916 1738 2984 verbo,
1762 2931 1927 2990 neque
1947 2917 2157 2990 linqua,
2185 2917 2275 2976 sed
2317 2933 2482 2990 opere

465 3006 515 3057 et
541 3001 789 3059 veritate.
2087 3020 2094 3024 ·

1098 3207 1101 3214 ·
1204 3179 1488 3248 CAPUT
1541 3181 1722 3250 XIV.

504 3312 600 3379 De
610 3313 977 3397 perfectione
998 3315 1339 3386 dilectionis
1350 3321 1648 3413 prosimi,
1673 3325 1806 3404 quae
1828 3319 1997 3387 cadit
2015 3320 2126 3386 sub
2153 3319 2426 3420 consilio.

533 3450 903 3509 consideratis
940 3453 1107 3524 igitur
1139 3453 1225 3509 his
1260 3454 1460 3528 quibus
1488 3454 1709 3513 dilectio
1755 3456 1985 3528 proximi
2015 3457 2299 3530 perficitur
2339 3471 2481 3528 per-

464 3535 699 3593 fectione
734 3540 1042 3596 necessaria
1070 3541 1140 3597 ad
1164 3541 1417 3610 salutem,
1449 3543 1907 3600 considerandum
1934 3551 2020 3600 est
2043 3544 2113 3599 de
2136 3543 2484 3622 perfectione

464 3623 773 3682 dilectionis
799 3627 1055 3700 proximi,
1080 3644 1205 3702 quae
1228 3645 1571 3688 communem
1595 3632 1984 3706 perfectionem
2013 3632 2257 3700 excedit,
2284 3637 2340 3688 et
2367 3631 2486 3688 sub

462 3715 689 3772 consilio
735 3717 903 3773 cadit.
950 3718 1081 3774 Haec
1121 3724 1306 3775 autem
1352 3707 1615 3793 pdrfectio
1656 3723 1958 3779 secundum
1987 3722 2095 3778 tria
2142 3720 2480 3777 attenditur.

462 3801 642 3858 Primo
688 3805 911 3877 quidem
947 3808 1248 3866 secuudum
1288 3810 1677 3868 extensionem.
1727 3811 1943 3881 Quanto
1989 3810 2135 3867 enim
2173 3808 2248 3868 ad
2283 3807 2486 3882 plurae

463 3887 685 3948 dilectio
742 3895 1072 3966 extenditur,
1126 3903 1280 3958 tanto
1318 3898 1536 3958 videnu-
1573 3898 1796 3958 dilectio
1835 3900 2071 3974 proximi
2125 3914 2248 3968 esse
2295 3897 2488 3970 magis
