2850 4517
571 341 693 407 288
1048 357 1103 406 s.
1148 355 1384 402 monac
1422 352 1754 406 Aomm‘ns
1795 352 2107 400 croscum

566 474 935 552 philosophos,
976 473 1110 547 quia
1156 480 1214 530 et
1254 480 1436 546 poetae
1478 461 1746 544 fingentes
1785 469 2032 528 carmina
2071 471 2346 530 amatoria
2385 475 2596 534 debent

568 565 765 639 expelli
794 581 860 621 ex
882 561 1226 621 civitatibus.
1256 562 1464 630 Tertio,
1497 560 1716 635 quando
1745 560 2025 632 egreditur
2054 561 2110 617 in
2133 577 2301 634 opere
2327 565 2596 622 membris

568 653 1029 728 concupiscentias
1046 652 1355 712 serviendo.
1380 652 1680 708 Romanor.
1705 665 1768 708 vr
1798 666 1812 705 :
1838 647 1988 706 Sicut
2013 649 2330 709 exhibuistis
2355 654 2596 712 membra

566 749 744 805 vestra
765 740 968 799 servire
990 740 1295 814 iniquitati,
1308 749 1416 798 etc.
1437 739 1534 796 Isti
1563 753 1693 810 ergo
1721 743 1852 795 sunt
1873 737 2078 810 gradus
2104 742 2588 814 concupiscentias.

568 829 638 887 Et
666 829 967 896 sciendum,
1006 829 1152 902 quod
1190 827 1247 886 in
1288 826 1547 899 fugiendo
1591 825 1738 882 istud
1780 832 2072 900 peccatum
2108 833 2328 900 oportet
2357 831 2593 887 multum

568 918 837 985 laborare,
876 933 1005 974 cum
1032 919 1107 974 sit
1132 915 1494 974 intrinsecum
1525 931 1540 971 ε
1571 913 1848 971 difficilius
1885 913 2032 971 enim
2063 915 2306 974 vincitur
2334 919 2592 976 inimicus

570 1008 873 1065 familiaris.
903 1007 1154 1074 Vincitur
1182 1013 1370 1064 autem
1402 1010 1641 1079 quatuor
1679 1004 1872 1061 modis„
1919 1005 2102 1063 Primo
2131 1008 2454 1066 occasiones
2494 1027 2594 1066 ex-

571 1095 801 1153 teriores
826 1094 1103 1167 fugiendo,
1130 1099 1193 1150 ut
1220 1103 1371 1166 puta,
1402 1093 1604 1150 malam
1631 1093 1953 1149 societatem
1977 1099 2033 1148 et
2063 1095 2248 1152 omnia
2271 1096 2590 1155 inducentia

571 1183 989 1241 occasionaliter
1015 1182 1085 1240 ad
1109 1183 1215 1240 hoc
1252 1187 1560 1256 peccatum,
1592 1181 1802 1237 EccleS.
1835 1197 1900 1237 ix
1925 1197 1938 1235 ε
1977 1181 2255 1254 Virqiuem
2281 1201 2346 1241 ne
2375 1187 2591 1260 conspi-

572 1273 703 1340 cias,
744 1289 811 1330 ue
848 1273 991 1346 forte
1030 1271 1411 1328 scandalizeris
1438 1270 1500 1326 in
1527 1271 1710 1326 decore
1733 1263 1900 1326 illius.
1931 1271 2066 1330 Noli
2094 1272 2500 1347 circumspicere
2528 1275 2592 1332 iu

570 1361 705 1418 vicis
728 1360 983 1426 civitatis,
1012 1377 1079 1417 ue
1104 1360 1442 1419 oberraveris
1485 1358 1546 1415 iu
1577 1359 1771 1429 plateis
1800 1359 1963 1416 illius.
1996 1360 2195 1418 Averte
2215 1361 2414 1433 faciem
2446 1372 2593 1422 tuam

572 1466 609 1508 a
648 1449 872 1507 muliere
906 1457 1129 1521 compta,
1172 1457 1225 1507 et
1264 1465 1331 1505 ne
1374 1443 1753 1522 circumspicere
1795 1449 2016 1522 speciem
2055 1449 2304 1506 alienam.
2350 1452 2594 1525 Propter

570 1538 792 1611 speciem
839 1539 1082 1596 mulieris
1108 1537 1265 1595 multi
1291 1537 1595 1610 perierunt,
1639 1544 1688 1594 et
1729 1538 1796 1594 ex
1842 1537 1936 1594 hoc
1971 1537 2390 1610 concupiscentia
2431 1542 2595 1612 quasi

573 1626 713 1700 tynis
740 1627 1053 1684 exardescit.
1084 1627 1243 1684 Prov.
1274 1643 1335 1684 vi
1370 1645 1383 1682 z
1413 1626 1694 1698 Numquid
1705 1633 1876 1698 petest
1905 1628 2051 1684 homo
2078 1627 2386 1683 abscondere
2411 1629 2596 1702 iynem

574 1715 787 1784 iusinu
812 1732 927 1783 sue,
960 1722 1024 1773 ut
1050 1716 1359 1774 vestimenta
1388 1714 1539 1772 illius
1565 1731 1672 1771 mm
1695 1715 1971 1774 ardeam?
2007 1715 2077 1772 Et
2105 1715 2226 1773 ideo
2254 1726 2594 1792 praeceptum

573 1801 679 1862 ⁴fuit
704 1805 845 1862 Loth
878 1813 939 1862 ut
964 1803 1181 1878 fugeret
1219 1803 1289 1861 ab
1324 1803 1474 1861 omni
1497 1804 1646 1861 circa
1675 1803 1918 1877 regione.
1958 1805 2132 1862 Gene.
2161 1819 2288 1862 xix.
2319 1807 2586 1876 Secundo,

574 1891 999 1966 cogitationibus
1022 1893 1234 1951 aditum
1262 1909 1369 1950 non
1394 1892 1707 1966 praebe-ndo,
1737 1893 1869 1964 quia
1897 1894 2115 1952 occasio
2139 1901 2268 1952 sunt
2289 1896 2592 1955 excitandas

574 1983 1051 2057 concupiscentias,
1070 1989 1125 2040 et
1140 1977 1454 2040 faciendum
1469 1980 1660 2056 est'per
1673 1981 1857 2038 carnis
1867 1981 2241 2040 afflictionem.
2253 1983 2279 2040 1
2293 1985 2476 2042 Corin.
2496 2002 2558 2043 tx
2575 1991 2588 2028 ἓ

576 2071 795 2144 δαειίρο
824 2087 1015 2145 corpus
1034 2087 1229 2137 meum,
1256 2077 1363 2128 etc.
1384 2070 1590 2138 Terti0,
1610 2069 1950 2128 orationibus
1979 2071 2303 2141 insistendo,
2337 2074 2466 2147 quia
2489 2074 2594 2130 uisi

582 2160 847 2217 Dominus
884 2159 1196 2216 custodierit
1237 2159 1528 2226 civitatem,
1558 2166 1669 2216 etc.
1707 2157 1929 2232 Sapien.
1960 2175 2070 2217 vm
2115 2177 2128 2215 ε
2169 2160 2312 2217 Scivi
2346 2162 2591 2233 quoniam

584 2247 749 2305 aliter
773 2263 880 2304 non
908 2263 1117 2320 possum
1149 2262 1256 2303 esse
1282 2247 1577 2314 coutineus,
1603 2247 1714 2304 uisi
1739 2247 1886 2304 Deus
1923 2247 2030 2306 det.
2060 2245 2256 2306 matth.
2287 2265 2412 2307 xvu
2444 2269 2456 2306 :
2481 2251 2590 2307 Hoc

580 2351 743 2408 genus
779 2333 1166 2392 cimmeriorum
1212 2351 1319 2392 uon
1359 2335 1579 2408 ejicitur
1617 2334 1730 2392 uisi
1749 2353 1854 2410 per
1893 2337 2190 2394 orationem
2230 2344 2283 2395 et
2300 2338 2588 2412 jejunium.

580 2424 638 2480 Si
662 2422 807 2478 enim
834 2422 945 2478 duo
968 2428 1293 2495 pugnarent,
1326 2430 1383 2481 et
1404 2421 1576 2482 velles
1601 2439 1769 2480 unum
1791 2425 2009 2498 juvare,
2041 2425 2279 2484 alterum
2305 2443 2437 2484 vero
2465 2443 2590 2495 non,

579 2515 797 2582 oportet
820 2509 997 2583 primo
1020 2511 1285 2568 auxilium
1310 2511 1464 2582 dare,
1497 2513 1738 2570 secundo
1761 2529 1893 2572 vero
1917 2513 2240 2572 subtrahere
2259 2532 2286 2570 .:
2309 2516 2456 2572 inter
2482 2517 2597 2590 spi-

578 2597 751 2654 ritum
790 2605 978 2656 autem
1021 2604 1079 2656 et
1120 2615 1343 2658 carnem
1384 2606 1472 2658 est
1515 2601 1766 2677 praelium
1810 2603 2151 2661 continuum.
2179 2604 2336 2661 Unde
2361 2612 2594 2678 oportet,

586 2686 735 2759 quod
762 2686 809 2742 si
836 2686 923 2747 vis
949 2687 1097 2762 quod
1125 2687 1349 2762 spiritus
1390 2689 1596 2759 vincat,
1619 2691 1768 2766 quod
1789 2691 1888 2749 des
1916 2692 1967 2749 ei
1991 2690 2281 2761 auxilium,
2307 2701 2365 2748 et
2392 2692 2497 2750 hoc
2526 2694 2596 2751 sit

583 2791 684 2850 per
704 2774 1028 2846 orationem,
1048 2779 1199 2835 carni
1214 2794 1345 2836 vero
1373 2779 1682 2848 subtrahas,
1707 2785 1764 2836 et
1789 2781 1894 2838 hoc
1912 2783 1988 2839 sit
2015 2798 2112 2855 per
2133 2782 2444 2855 jejunium:
2475 2799 2600 2840 nam

579 2879 711 2922 caro
750 2881 847 2939 per
880 2865 1151 2938 jejunium
1180 2866 1520 2926 debilitatur.
1553 2869 1780 2938 Quarto,
1829 2869 2000 2926 licitis
2027 2870 2482 2943 occupationibus
2513 2871 2601 2926 in-

579 2953 845 3021 sistendo,
886 2953 1181 3014 Ecclesiae.
1211 2971 1411 3015 xxxin
1463 2974 1478 3013 t
1523 2957 1756 3018 Multam
1798 2949 2064 3016 malitiam
2115 2959 2297 3027 docuit
2339 2960 2600 3017 otiositas.

578 3039 778 3098 Ezech.
808 3056 909 3098 xvi
938 3059 953 3098 ε
982 3043 1113 3100 Hoec
1132 3042 1243 3116 fuit
1270 3043 1532 3116 iniquitas
1549 3043 1807 3112 Sodomoe,
1835 3045 2109 3120 superbia,
2133 3047 2402 3104 saturitas
2416 3047 2604 3120 panis,

582 3135 635 3186 et
656 3129 1010 3197 abundantia,
1034 3137 1086 3188 et
1108 3131 1299 3189 otium.
1323 3133 1514 3190 Hiero.
1543 3151 1606 3190 :a
1631 3135 1858 3207 Semper
1876 3135 2086 3208 aliquid
2105 3135 2234 3192 boni
2255 3136 2444 3204 facito,
2469 3141 2534 3192 ut
2553 3142 2608 3192 te

584 3216 835 3273 diabolus
878 3219 1125 3277 inveniat
1160 3226 1511 3296 occupatum.
1539 3223 1742 3279 »Inter
1767 3237 1958 3281 omnes
1994 3232 2182 3282 autem
2217 3225 2608 3297 occupationes

582 3305 777 3362 melior
795 3312 879 3364 est
890 3309 1135 3366 studium
1148 3310 1578 3384 scripturarum.
1591 3311 1778 3370 Hiero·
1793 3313 1862 3370 ad
1880 3311 2168 3371 Paulinum
2189 3331 2204 3371 ε
2223 3333 2251 3370 α
2265 3317 2406 3372 Arna
2421 3312 2610 3372 studia

582 3389 1004 3469 Scripturarum,
1028 3404 1086 3455 et
1106 3397 1290 3455 carnis
1315 3399 1455 3458 vitia
1477 3415 1584 3458 non
1609 3400 1841 3458 amabiS.
1870 3419 1900 3454 »

654 3485 786 3543 Haec
823 3502 956 3560 ergo
990 3493 1120 3544 sunt
1158 3503 1325 3562 super
1348 3489 1546 3549 decem
1585 3491 1774 3560 verbe,
1814 3491 1884 3548 de
1925 3492 2126 3567 quibus
2165 3492 2304 3551 dicit
2339 3493 2612 3550 Dominus

582 3573 715 3632 Mat.
742 3590 851 3633 xxi
876 3591 889 3632 ε
920 3575 982 3634 Si
1006 3576 1091 3633 vis
1106 3576 1180 3633 ad
1201 3577 1372 3636 vitam
1392 3578 1630 3652 ingredi,
1654 3595 1813 3638 serva
1833 3581 2111 3639 mandata.
2141 3583 2280 3641 Duae
2302 3583 2451 3638 enim
2480 3589 2613 3640 sunt

582 3663 799 3721 radices
830 3664 1162 3738 principales
1188 3667 1438 3725 omnium
1461 3669 1864 3738 mandatorum,
1893 3670 2107 3728 scilicet
2151 3670 2377 3729 dilectio
2417 3670 2523 3728 Dei
2557 3677 2612 3728 et

582 3752 839 3824 proximi.
884 3752 1146 3825 Diligenti
1184 3761 1371 3813 autem
1416 3758 1592 3816 Deum
1621 3757 1729 3816 tria
1767 3763 1992 3816 necesse
2025 3764 2113 3816 est
2151 3759 2354 3827 facere,
2396 3759 2614 3816 scilicet

564 3840 733 3910 quod
757 3857 865 3898 non
896 3841 1095 3902 babeat
1138 3843 1308 3904 alium
1344 3847 1541 3916 Deum,
1593 3853 1650 3904 et
1677 3855 1946 3922 quantum
1983 3849 2055 3906 ad
2096 3849 2202 3907 hoc
2241 3848 2378 3906 dicit
2427 3865 2442 3906 τ
2486 3845 2616 3907 Non

582 3927 719 3984 ecles
754 3929 891 3986 Deos
914 3932 1135 3992 ειὶίοποε.ὁ
1172 3935 1455 4008 Secundo,
1483 3935 1633 4010 quod
1673 3936 1904 3996 honoret
1946 3953 2094 4008 eum,
2138 3942 2198 3996 et
2237 3942 2510 4012 quantum
2535 3937 2618 3997 ad
