2850 4517
707 383 776 430 x.
801 398 883 414 —
907 382 1148 448 comm
1189 385 1470 428 annonas
1512 385 1872 431 enAEcomm
2179 371 2301 432 485

287 519 408 561 esse
436 509 625 560 creata
653 501 894 573 negavit.
935 499 1194 557 Dissolvit
1235 501 1403 558 etiam
1439 517 1563 575 quae
1590 510 1718 559 sunt
1744 501 1947 559 Christi
1988 504 2293 570 NestoriuS‚

287 594 382 667 qui
427 594 556 650 dum
587 590 753 648 aliam
790 605 1076 663 personam
1107 605 1225 649 esse
1253 589 1373 646 Filii
1412 589 1665 657 hominis,
1708 590 1875 649 aliam
1902 591 2021 652 Filii
2052 592 2152 648 Dei
2193 592 2297 648 do-

287 684 420 749 cuit,
453 673 728 752 Christum
758 695 877 735 esse
905 678 1110 751 aliquid
1139 695 1306 734 unum
1343 680 1585 752 negavit.
1620 679 1880 736 Dissolvit
1909 688 1965 736 et
1999 679 2293 754 Eutyches,

285 772 382 846 qui
423 771 556 827 dum
584 785 652 824 ex
679 768 892 824 duabus
919 768 1148 835 naturis,
1177 767 1362 824 divina
1385 767 1601 824 scilicet
1630 776 1684 825 et
1712 768 1968 835 humana,
2008 769 2065 824 in
2094 769 2297 825 Christi

285 859 664 916 incarnatione
710 871 874 914 unam
913 857 1181 912 conficere
1227 856 1417 923 voluit,
1462 863 1753 931 utramque
1798 857 2092 914 subtraxit.
2136 857 2297 928 Quod

285 939 433 1008 enim
461 965 528 1004 ex
559 946 774 1003 duobus
803 944 1108 1012 conficitur,
1145 953 1399 1002 neutrum
1428 961 1617 1003 eorum
1646 946 1916 1003 veraciter
1943 946 2053 1003 dici
2091 954 2293 1018 potest.

284 1038 547 1096 Dissolvit
573 1042 630 1092 et
672 1035 940 1106 Pelagius,
971 1035 1063 1108 qui
1091 1034 1280 1090 dicens
1300 1036 1480 1106 gratia
1518 1050 1619 1091 nos
1654 1049 1761 1091 non
1798 1035 2043 1106 indigere
2087 1035 2156 1091 ad
2194 1049 2298 1092 ca-

285 1126 608 1200 pessendam
665 1124 926 1190 salutem,
973 1123 1267 1180 adventum
1311 1123 1433 1180 Filii
1478 1124 1579 1180 Dei
1622 1124 1679 1180 in
1722 1139 1944 1181 carnem
1985 1123 2293 1182 frustravit.

283 1216 482 1274 Gratia
521 1214 668 1272 enim
712 1221 767 1269 et
794 1213 1001 1270 veritas
1030 1228 1125 1284 per
1161 1212 1347 1268 Jesum
1388 1212 1667 1268 Christum
1708 1212 1854 1270 facta
1894 1219 1999 1281 est,
2042 1213 2200 1270 Joan.
2248 1229 2292 1270 1.

283 1303 584 1375 Derogavit
610 1301 776 1358 etiam
805 1299 1020 1362 Christo
1047 1299 1382 1366 Jovinianus,
1427 1301 1675 1374 quidum
1700 1301 1939 1374 virgines
1964 1301 2017 1357 in
2038 1302 2295 1374 conjugio

284 1391 598 1449 viventibus
637 1389 897 1463 aequavit,
940 1389 1194 1460 dignitati
1223 1389 1421 1445 Christi
1461 1389 1721 1458 detraxit,
1766 1390 1897 1465 quia
1940 1405 2065 1446 eum
2104 1398 2295 1446 natum

285 1497 354 1538 ex
393 1481 614 1552 Virgine
657 1479 1003 1536 confitemur.
1047 1479 1344 1550 Derogavit
1371 1485 1429 1535 et
1476 1478 1821 1550 vigilantius,
1851 1479 2107 1552 quidum
2154 1495 2297 1552 pau-

284 1575 554 1639 pertatem
601 1581 700 1639 pro
737 1565 952 1622 Christo
980 1572 1290 1638 susceptam
1335 1565 1694 1637 impugnavit,
1742 1564 2081 1638 perfectioni,
2126 1581 2294 1639 quam

285 1656 534 1712 Christus
569 1655 810 1712 servavit
837 1661 894 1708 et
932 1653 1137 1719 docuit,
1169 1653 1501 1708 contradixit
1544 1670 1557 1707 ε
1593 1653 1737 1708 unde
1766 1669 1876 1708 nou⁴
1901 1653 2174 1709 immerito
2201 1651 2295 1709 di‘-

283 1745 428 1800 citur
455 1744 479 1798 1
518 1744 676 1799 Joan.
716 1757 776 1797 ιν
801 1758 815 1796 :
845 1740 1030 1796 Omnis
1056 1739 1286 1811 spiritus
1311 1737 1404 1810 qui
1431 1737 1582 1794 solvit
1609 1739 1810 1805 Iesum,
1836 1754 1903 1794 ex
1934 1739 2039 1796 Deo
2065 1756 2175 1796 non
2196 1747 2292 1806 est,

284 1840 336 1891 et
375 1832 460 1889 hic
503 1838 578 1887 est
616 1827 1004 1896 Antichristus.
1051 1829 1142 1884 Sic
1185 1843 1316 1899 ergo
1358 1832 1415 1882 et
1452 1827 1508 1882 in
1539 1827 1641 1884 hoc
1680 1834 1922 1900 tempore
1960 1827 2130 1901 aliqui
2174 1844 2295 1884 esse

283 1922 562 1986 dicuntur,
594 1919 689 1991 qui
717 1917 927 1973 solvere
952 1916 1227 1988 Christum
1249 1922 1483 1983 tentant,
1510 1917 1627 1988 ejus
1654 1915 1999 1986 dignitatem,
2026 1923 2295 1990 quantum

285 2012 340 2065 in
389 2008 520 2081 ipsis
563 2013 664 2074 est,
717 2007 1039 2062 minuentes.
1071 2007 1213 2062 Dum
1259 2006 1403 2062 enim
1447 2005 1637 2060 dicunt
1665 2005 1927 2077 Spiritum
1966 2011 2219 2062 sanctum
2260 2022 2296 2062 a

285 2097 422 2153 Filio
469 2111 573 2151 non
617 2093 930 2167 procedere,
962 2095 1079 2166 eJus
1121 2093 1445 2165 dignitatem
1486 2093 1757 2159 minuunt,
1806 2093 1935 2166 quia
1976 2092 2138 2150 simul
2168 2108 2294 2148 cum

285 2187 446 2242 Patre
467 2191 550 2240 est
578 2184 813 2256 Spiritus
837 2182 1012 2244 sancti
1041 2182 1298 2256 spirator.
1325 2184 1466 2238 Dum
1496 2197 1624 2238 vero
1656 2198 1821 2239 unum
1845 2187 2012 2256 caput
2034 2181 2294 2241 Ecclesiae

287 2288 406 2328 esse
469 2280 690 2344 negant,
737 2278 984 2328 sanctam
1026 2271 1235 2328 scilicet
1279 2272 1583 2328 Romanam
1628 2270 1961 2340 Ecclesiam,
2004 2269 2294 2327 manifeste

285 2360 555 2420 unitatem
578 2359 822 2432 corporis
849 2359 1068 2433 mystici
1093 2357 1416 2414 dissolvunt.
1444 2359 1564 2415 Non
1598 2358 1742 2415 enim
1768 2365 1948 2431 potest
1976 2373 2095 2414 esse
2126 2371 2293 2412 unum
2325 2384 2332 2390 -

286 2464 502 2521 corpuS,
550 2447 599 2504 si
643 2464 749 2504 non
792 2447 958 2504 fuerit
987 2464 1152 2504 unum
1199 2454 1365 2522 caput
1410 2465 1423 2504 ε
1471 2464 1647 2522 neque
1690 2463 1795 2506 una
1823 2447 2195 2520 congregatim
2244 2445 2295 2501 si

286 2553 393 2594 non
435 2537 597 2593 fuerit
627 2553 766 2592 unus
802 2545 1001 2594 rector.
1041 2536 1198 2594 Unde
1224 2538 1380 2594 Joan.
1421 2553 1482 2604 x,
1512 2538 1712 2594 dicitur
1746 2555 1759 2593 ε
1790 2536 1914 2594 Fiet
1943 2553 2110 2594 unum
2134 2535 2292 2602 ovile,

285 2632 335 2681 et
361 2641 502 2682 unus
531 2629 738 2695 pastor.
784 2625 926 2677 Dum
968 2639 1098 2679 vero
1134 2625 1548 2680 Sacramentum
1588 2625 1793 2681 Altaris
1822 2640 1889 2680 ex
1917 2625 2107 2680 azimis
2132 2639 2294 2698 posse

285 2704 480 2772 confici
521 2716 738 2781 negant,
788 2709 1076 2766 manifeste
1114 2710 1219 2783 ipsi
1267 2709 1481 2767 Christo
1528 2719 1851 2783 repugnant,
1908 2727 2072 2784 quem
2120 2713 2296 2784 prima

285 2805 375 2860 die
405 2802 722 2865 azimorum,
755 2798 972 2871 quando
997 2798 1128 2854 nihil
1154 2797 1539 2855 fermentatum
1564 2800 1862 2856 secundum
1892 2799 2067 2872 legem
2093 2799 2293 2857 debeat

287 2893 342 2949 in
369 2891 685 2947 Judaeorum
720 2887 972 2944 domibus
1013 2888 1264 2956 inveniri,
1308 2886 1672 2958 Evangelistae
1701 2888 1927 2946 tradunt
1968 2889 2071 2945 hoc
2098 2889 2294 2945 Sacra·

289 2989 532 3037 mentum
583 2977 904 3034 instituisse.
938 2976 1204 3033 Videntur
1253 2977 1421 3032 etiam
1472 2976 1698 3048 puritati
1752 2978 1925 3050 ipsius
1976 2993 2293 3034 sacramen-

291 3069 415 3126 talis
442 3068 686 3141 corporis
720 3065 916 3124 Christi
947 3067 1228 3138 derogare,
1261 3066 1328 3122 ad
1355 3081 1522 3138 quam
1557 3065 1849 3138 Apostolus
1877 3065 2065 3122 fidel-es
2093 3066 2295 3122 exhor-

291 3164 436 3214 tatur
458 3157 646 3213 dicens
674 3157 788 3212 lad
819 3155 1063 3212 Corinth.
1096 3172 1132 3213 v
1157 3173 1169 3209 ε
1203 3156 1348 3229 quod
1377 3171 1483 3210 non
1510 3161 1585 3210 est
1608 3154 1925 3228 epulandum
1948 3155 2008 3211 in
2033 3155 2294 3228 fermento

287 3245 512 3302 malitioe
539 3252 592 3302 et
619 3243 890 3316 nequities,
929 3245 1020 3300 sed
1055 3245 1114 3299 in
1142 3242 1344 3316 azymis
1369 3242 1699 3300 sinceritatis
1724 3251 1778 3301 et
1811 3244 2082 3301 veritatis.
2122 3246 2295 3317 HuJus

289 3337 456 3392 etiam
495 3333 832 3392 Sacrameuti
863 3333 1121 3388 virtutem
1163 3334 1435 3401 minuunt,
1481 3333 1612 3389 dum
1656 3332 2032 3407 purgatorium
2070 3339 2289 3404 negant,

289 3425 436 3497 quod
477 3424 532 3478 in
573 3422 815 3480 Ecclesia
849 3421 1208 3478 communiter
1251 3439 1348 3494 pro
1389 3423 1530 3478 vivis
1570 3428 1626 3478 et
1656 3423 1883 3479 mortuis
1920 3430 2289 3488 consecratur,

283 3529 433 3580 cum,
463 3511 778 3584 purgatorio
807 3511 1040 3578 sublato,
1074 3511 1129 3566 in
1159 3513 1388 3566 mortuis
1415 3511 1620 3568 nullam
1648 3511 1946 3570 efficaciam
1984 3512 2155 3584 possit
2192 3513 2297 3568 hu·-

239 3649 248 3656 .
275 3603 436 3659 bere.
477 3603 594 3657 Non
623 3601 766 3656 enim
799 3601 1020 3674 prodest
1048 3601 1115 3656 iis
1158 3600 1251 3673 qui
1288 3609 1415 3656 sunt
1441 3601 1497 3656 in
1534 3601 1763 3667 inferno,
1794 3602 1883 3656 ubi
1912 3599 2061 3656 nulla
2090 3610 2174 3657 est
2203 3617 2297 3655 re-

287 3691 550 3762 demptio,
583 3707 762 3762 neque
802 3689 910 3744 illis
945 3689 1039 3761 qui
1069 3695 1196 3745 sunt
1224 3690 1275 3744 in
1306 3689 1499 3760 glor-ia,
1533 3693 1625 3763 qui
1656 3690 1929 3762 suffragiis
1957 3691 2159 3746 nostris
2188 3705 2297 3745 non

289 3787 470 3851 egent.
498 3778 782 3848 Quomodo
811 3779 976 3849 igitur
1002 3793 1069 3834 ex
1097 3778 1392 3851 praemissis
1416 3779 1839 3836 auctoritatibus
1862 3790 2082 3836 errores.
2100 3778 2297 3851 hujus-

289 3867 435 3922 modi
474 3865 842 3932 conl'utentur,
887 3865 1127 3924 breviter
1172 3866 1477 3936 ostendam,
1509 3867 1775 3939 incipiens
1814 3866 1966 3940 prius
2002 3883 2035 3924 a
2071 3881 2297 3941 proces-

289 3953 440 4011 sione
467 3955 704 4028 Spiritus
725 3955 924 4012 sancti.
