2850 4517
487 355 606 418 192
920 408 924 412 .
958 366 1011 410 s:
1056 364 1287 409 ‘moure
1328 362 1654 412 Aoumms
1695 359 2007 407 orusouu

485 493 587 541 ret.
634 486 953 540 Peccatores
987 486 1174 537 autem
1212 478 1416 535 mortui
1441 478 1497 533 in
1543 477 1754 555 inferno
1795 478 2152 551 sepeliuntur.
2181 478 2302 535 Non
2343 481 2492 537 enim

485 572 788 647 putandum
816 576 901 626 est
927 569 1069 627 hanc
1095 568 1484 625 discretionem
1513 566 1718 641 absque
1743 566 1841 622 Dei
1860 566 2070 639 judicio
2098 566 2238 634 fieri,
2267 574 2363 623 aut
2388 568 2496 625 hoc

478 662 749 737 judicium
784 661 852 717 ad
882 658 1081 716 Christi
1110 663 1438 731 potestatem
1461 656 1812 728 judiciariam
1854 671 1970 721 non,
2005 656 2298 728 pertinere,
2347 673 2496 729 prae-

484 752 676 809 sertim
699 764 821 805 cum
848 750 965 822 ipse
987 746 1270 819 discipulis
1297 746 1411 817 suis
1436 745 1580 801 dicat
1606 746 1765 801 Joan.
1793 760 1898 802 xiv
1931 744 2024 801 :Si
2049 745 2251 812 abiero,
2266 752 2317 801 et
2339 763 2498 819 proe-

481 855 749 915 paravero
776 837 919 894 vobis
954 838 1141 903 locum,
1173 836 1371 893 iterum
1404 841 1612 893 veniam
1639 842 1690 892 et
1715 834 1974 907 accipiam
2006 852 2094 891 vos
2121 835 2192 891 ad
2211 836 2496 909 meipsum,

484 938 543 987 ut
588 928 682 985 ubi
725 944 814 1000 eqo
840 942 979 991 sum,
1011 932 1059 982 et
1096 942 1185 981 vos
1228 924 1349 983 sitis
1377 940 1395 981 .·
1427 940 1591 997 quam
1623 923 1854 997 ‘quidem
1896 920 2014 981 tolli
2054 924 2188 983 nihil
2229 934 2314 982 est
2343 927 2493 985 aliud

486 1033 652 1094 quam
679 1015 923 1083 dissolvi,
953 1021 1018 1071 ut
1059 1030 1184 1070 cum
1222 1013 1438 1070 Christo
1465 1028 1586 1069 esse
1615 1013 1904 1085 possimus,
1927 1012 2066 1085 ·quia
2103 1015 2360 1086 quamdiu
2393 1034 2494 1073 su-

484 1125 599 1165 mus
623 1108 683 1162 in
702 1107 1054 1175 hoccorpore,
1069 1102 1488 1175 peregrinamur
1509 1118 1543 1157 a
1563 1100 1813 1167 Domino,
1835 1108 1894 1157 ut
1914 1101 2117 1158 dicitur
2135 1104 2203 1159 11.
2231 1105 2414 1163 Corin.
2433 1124 2489 1163 v.

485 1196 589 1254 Sed
619 1193 749 1268 quia
788 1191 1075 1248 retributio
1102 1190 1337 1246 hominis
1364 1205 1472 1246 non
1502 1189 1679 1247 solum
1717 1188 1972 1245 consistit
1999 1191 2056 1245 in
2085 1190 2243 1250 bonis
2270 1195 2488 1262 animas,

487 1284 582 1341 sed
612 1284 781 1340 etiam
804 1281 860 1337 in
886 1280 1044 1335 bonis
1070 1280 1331 1352 corporis,
1364 1280 1565 1335 iterato
1596 1293 1692 1350 per
1720 1279 2176 1335 resurrectionem
2211 1281 2280 1337 ab
2307 1284 2492 1340 anima

489 1372 819 1437 resumendi,
843 1369 1133 1441 omnisque
1160 1366 1450 1424 retributio
1473 1366 1706 1441 requirit
1725 1366 1993 1439 judicium
2021 1376 2238 1440 oportet
2264 1377 2322 1425 et
2343 1370 2490 1428 aliud

34 1510 433 1561 Μ
482 1460 753 1535 judicium
777 1474 915 1526 esse,
938 1473 1047 1532 quo
1066 1456 1403 1513 retribuatur
1414 1455 1732 1513 hominibus
1750 1456 2053 1512 secundum
2077 1472 2143 1513 ea
2171 1473 2292 1531 quae
2315 1475 2490 1530 gesse·

490 1557 618 1606 runt
646 1566 752 1606 non
793 1547 971 1605 solum
1002 1547 1059 1601 in
1088 1545 1510 1613 anima,verum
1535 1545 1702 1601 etiam
1731 1544 1784 1600 in
1814 1559 2061 1615 corpore.
2087 1546 2157 1610 Et
2197 1545 2298 1603 hoc
2322 1548 2490 1605 etiam

484 1637 753 1712 judicium
780 1636 996 1693 Christo
1019 1633 1267 1700 debetur,
1296 1641 1358 1690 ut
1384 1633 1527 1690 sicut
1556 1632 1672 1707 ipse
1701 1649 1799 1706 pro
1838 1632 1993 1689 nobis
2023 1638 2266 1692 mortuus
2299 1651 2494 1693 resur-

490 1728 632 1785 rexit
660 1727 714 1783 in
742 1725 933 1795 gloria,
962 1730 1019 1781 et
1045 1722 1215 1781 coelos
1242 1723 1508 1789 ascendit,
1540 1723 1620 1779 ita
1640 1722 1807 1779 etiam
1836 1722 2075 1801 ipse-sua
2103 1726 2304 1791 virtute
2322 1726 2493 1786 faciat

491 1830 774 1888 resurgere
800 1829 1029 1886 corpora
1051 1811 1379 1869 humilitatis
1398 1817 1601 1868 nostrae
1629 1812 1968 1884 configurata
1983 1802 2203 1887 corpori
2223 1813 2496 1874 claritatis

490 1922 623 1971 suae,
655 1912 715 1959 ut
738 1915 802 1959 ea
831 1903 885 1958 in
914 1900 1113 1960 coelum
1142 1899 1461 1967 transferat,
1489 1916 1599 1973 quo
1635 1900 1752 1973 ipse
1785 1900 2066 1972 praecessit
2087 1904 2406 1974 ascendens,
2437 1916 2493 1963 et

493 1995 733 2069 pandens
750 1994 856 2052 iter
871 1998 997 2049 ante
1018 2005 1133 2059 nos,
1158 1997 1221 2048 ut
1238 1989 1262 2044 s
1262 1998 1416 2046 uerat
1436 2005 1532 2063 per
1549 1988 1832 2046 Miehaeam
1849 1990 2192 2062 praedictum.
2209 1993 2494 2053 Resurrec-

494 2084 569 2142 tio
585 2090 767 2143 autem
794 2081 1041 2155 omnium
1054 2079 1337 2137 hominum
1360 2077 1522 2134 simul
1539 2078 1632 2135 fiet
1647 2077 1703 2135 in
1725 2078 1831 2134 fine
1847 2079 2032 2135 saecuii
2051 2080 2232 2153 hujus,
2253 2089 2312 2138 ut
2327 2100 2492 2157 supra

486 2172 599 2241 jam
620 2170 889 2225 diximus:
921 2166 1062 2221 unde
1085 2164 1190 2220 hoc
1211 2165 1482 2235 judicium
1505 2180 1792 2221 commune
1811 2171 1866 2221 et
1891 2166 2052 2223 finale
2075 2168 2344 2241 judicium
2363 2174 2508 2241 erit,-

492 2258 561 2315 ad
585 2255 728 2330 quod
755 2253 1063 2311 faciendum
1083 2251 1331 2307 Christus
1350 2252 1592 2307 creditur
1611 2255 1848 2310 secundo
1867 2262 2134 2315 venturus
2156 2274 2280 2315 cum
2297 2261 2489 2333 gioria.

490 2344 595 2403 Sed
620 2344 749 2416 quia
780 2342 835 2396 in
858 2340 1001 2398 Psal.
1032 2356 1215 2405 xxxv.
1245 2339 1482 2396 dicitur:
1509 2341 1728 2399 Iudicia
1751 2343 1971 2401 Domini
1993 2345 2206 2417 abyssus
2222 2350 2413 2418 multa,
2439 2362 2494 2409 et

492 2436 685 2503 Apost.
717 2430 851 2485 dicit
876 2430 945 2485 ad
970 2429 1071 2485 Rc.
1101 2444 1178 2483 n:
1206 2428 1375 2495 Quam
1400 2429 1950 2503 incomprehensibilia
1971 2443 2098 2492 sunt
2118 2438 2329 2510 Judicia
2355 2442 2494 2513 ejus,

493 2520 548 2574 in
570 2518 799 2589 singulis
823 2516 1228 2588 praemissorum
1246 2517 1578 2589 judiciorum
1607 2527 1692 2581 est
1723 2521 1928 2595 aliquid
1957 2524 2282 2595 profundum
2321 2538 2376 2586 et
2405 2532 2495 2586 in-

491 2604 977 2678 comprehensibile
1004 2605 1257 2662 humanae
1285 2606 1603 2678 cognitioni.
1634 2610 1694 2664 In
1736 2611 1912 2682 primo
1953 2614 2100 2669 enim
2123 2616 2219 2671 Dei
2261 2619 2496 2689 judicio,

492 2710 603 2769 quo
634 2709 877 2768 praesens
910 2696 1025 2751 vita
1063 2694 1343 2751 hominum
1380 2697 1750 2769 dispensatur,
1784 2706 1998 2773 tempus
2029 2704 2261 2775 quidem
2298 2708 2494 2778 ,iudicii

492 2783 843 2851 manifestum
868 2790 953 2839 est
980 2782 1308 2851 hominibuS,
1334 2784 1434 2841 sed
1456 2785 1878 2844 retributionum
1901 2788 2044 2846 ratio
2070 2790 2224 2860 latet,
2257 2810 2495 2865 praeser-

492 2875 613 2943 tim,
644 2872 774 2947 quia
799 2873 957 2930 bonis
978 2873 1301 2946 plerumque
1320 2872 1466 2930 mala
1495 2872 1550 2929 in
1577 2874 1682 2931 hoc
1711 2876 1910 2933 mundo
1935 2880 2212 2949 eveniunt,
2242 2889 2298 2938 et
2315 2885 2497 2941 maiis

491 2963 651 3020 bona.
681 2963 743 3019 ln
784 2961 907 3019 aliis
938 2967 1125 3019 autem
1163 2962 1377 3020 duobus
1414 2962 1514 3019 Dei
1548 2962 1772 3035 judiciis
1811 2966 2233 3025 retributionum
2271 2974 2497 3045 quidem

492 3053 635 3108 ratio
657 3052 712 3107 in
736 3051 977 3115 evidenti
1002 3052 1128 3121 erit,
1159 3052 1255 3108 sed
1287 3060 1504 3125 tempus
1528 3058 1715 3111 manet
1739 3054 2032 3124 occultum,
2057 3059 2187 3131 quia
2215 3066 2272 3115 et
2301 3065 2498 3119 mortis

492 3156 608 3197 suae
635 3146 852 3213 tempus
871 3139 1033 3196 horno
1060 3140 1278 3212 ignorat
1306 3140 1608 3197 secundum
1632 3141 1764 3199 illud
1792 3142 2155 3203 Ecclesiastes
2181 3164 2248 3205 ix
2275 3166 2289 3204 t
2314 3150 2500 3210 Nescit

493 3228 643 3283 homo
670 3227 830 3298 finem
856 3244 1033 3295 suum,
1060 3234 1117 3285 et
1160 3230 1321 3287 finem
1355 3230 1517 3302 hujus
1543 3230 1731 3289 saeculi
1757 3248 1918 3289 nemo
1957 3233 2100 3291 scire
2145 3244 2348 3309 potest.
2375 3241 2498 3297 Non

496 3316 641 3371 enim
679 3317 999 3389 praescimus
1035 3318 1237 3383 futura,
1278 3318 1383 3374 nisi
1424 3332 1658 3391 quorum
1696 3321 2242 3394 compraehendamns
2273 3343 2496 3387 causas·

495 3405 671 3463 Causa
698 3413 883 3472 autem
910 3405 1034 3461 finis
1060 3405 1247 3467 mundi
1276 3412 1362 3461 est
1389 3407 1490 3462 Dei
1515 3406 1785 3475 voluntaS,
1819 3426 1944 3483 quae
1971 3420 2054 3469 est
2083 3413 2241 3471 nobis
2269 3416 2494 3488 ignota:

496 3494 639 3551 unde
652 3510 755 3561 nec
783 3494 907 3550 finis
934 3494 1119 3549 mundi
1144 3494 1213 3551 ab
1236 3494 1420 3569 aliqua
1449 3503 1702 3554 creatura
1727 3499 1968 3570 praesciri
1997 3508 2193 3573 potest,
2213 3505 2362 3563 seda
2381 3508 2498 3565 solo

494 3584 631 3652 De0,
656 3582 955 3638 secundum
985 3581 1115 3637 iilud
1150 3584 1281 3641 Mat.
1312 3596 1496 3641 xxiv:
1527 3585 1608 3641 De
1629 3585 1714 3645 die
1749 3594 1927 3647 autem
1953 3590 2050 3647 illa
2090 3598 2142 3649 et
2181 3594 2320 3649 hora
2347 3612 2498 3652 nemo

494 3672 591 3728 scit
612 3688 777 3745 neque
804 3669 980 3743 angeli
1008 3671 1273 3737 coelorum,
1302 3672 1413 3727 nisi
1432 3680 1596 3745 pater
1621 3675 1780 3731 solus.
1804 3676 1910 3735 Sed
1941 3679 2072 3749 quia
2097 3681 2154 3735 in
2189 3682 2376 3739 Marco
2399 3684 2500 3741 Je-

493 3760 659 3830 gitur,
685 3776 849 3832 neque
875 3759 1041 3833 filius,
1070 3768 1418 3835 sumpserunt
1446 3762 1617 3842 aliqui
1655 3764 1872 3821 errandi
1907 3767 2217 3838 materiam,
2250 3771 2499 3829 dicentes

494 3847 667 3903 filium
702 3859 861 3923 patre
898 3848 1184 3917 minorem,
1209 3850 1341 3924 quia
1382 3866 1450 3907 ea
1479 3851 1696 3922 ignorat
1732 3869 1859 3926 quae
1903 3861 2060 3928 pater
2097 3859 2274 3916 novit.
2307 3862 2500 3919 Posset

498 3941 682 4003 aut-em
709 3936 815 4017 boc
834 3936 1033 4008 evitari
1061 3945 1127 4019 unt„
1143 3938 1438 4008 diceretur,
1453 3940 1628 4012 quod,
1645 3940 1788 4004 filius
1814 3942 1933 4002 haec
1955 3943 2174 4016 ignorat
2197 3950 2518 4007 secundum:
