2850 4517
65 502 67 515 ,
65 404 68 417 -
65 22 87 339 ,ω-Ίῂ

853 369 899 417 1.
930 385 1012 400 —
1038 372 1442 434 ceurennum
1494 377 1858 425 'rnuonoem
2243 368 2360 428 189

1052 566 1339 669 CAPUT
1391 572 1648 641 CCXL.

522 708 620 773 De
643 704 883 799 duplici
898 710 1151 789 praemio
1179 706 1634 803 humiliationis
1662 714 1919 797 Christi,
1949 722 2178 786 seilicet

886 800 1341 877 resurrectione,
1372 806 1432 865 et
1453 805 1810 869 ascensione.

380 931 553 1001 -Quia
578 947 708 987 vero
742 933 1044 988 secundum
1072 933 1393 1005 Apostolum
1422 935 1689 994 exaltatio
1715 939 1920 995 Christi·
1942 940 2231 1013 praemium
2256 944 2358 1001 fuit

340 1020 739 1077 humiliationis
780 1019 972 1092 ipsiuS,
1005 1036 1345 1094 consequens
1372 1022 1479 1078 fuit
1509 1030 1570 1080 ut
1593 1027 1797 1100 duplici
1825 1030 1962 1101 ejus
1992 1030 2354 1093 humiliationi

340 1110 537 1182 duplex
574 1110 837 1166 exaltatio
874 1098 1252 1183 responderet.
1278 1112 1676 1171 Humiliaverat
1706 1118 1944 1191 namque
1971 1134 2032 1175 se
2059 1122 2236 1192 primo
2265 1140 2357 1178 se-

338 1199 577 1255 cundum
603 1200 795 1255 mortis
836 1200 1147 1272 passionem
1187 1202 1242 1256 in
1269 1217 1436 1259 carne
1462 1204 1708 1276 passibili
1737 1222 1902 1278 quam
1930 1218 2304 1282 assumpserat
2340 1229 2352 1265 ε

335 1287 578 1345 secundo
602 1293 871 1361 quantum
896 1288 965 1345 ad
1003 1288 1201 1357 locum,
1234 1306 1464 1363 corpore
1491 1294 1670 1365 posito
1701 1294 1756 1350 in
1784 1296 2054 1368 sepulcro,
2089 1307 2144 1354 et
2173 1301 2356 1356 anima

336 1378 401 1433 ad
429 1376 633 1433 inferos
649 1377 1045 1433 descendente.
1074 1379 1271 1436 Primae
1295 1379 1467 1451 igitur
1492 1380 2176 1457 humiliationi-respondet
2201 1388 2356 1443 exal-

334 1467 474 1522 tatio
503 1466 939 1533 resurreetioniS,
976 1466 1032 1521 in
1060 1482 1171 1539 qua
1198 1482 1231 1523 a
1258 1474 1434 1523 morte
1460 1470 1532 1527 ad
1561 1470 1731 1527 vitam
1755 1472 1920 1528 rediit
1941 1474 2309 1532 immortalem
2336 1494 2350 1533 ε
2390 1497 2399 1512 ’

330 1554 593 1612 secundas
616 1554 979 1612 humiliationi
999 1555 1293 1627 respondet
1312 1556 1576 1614 exaltatio
1599 1560 1967 1617 ascensionis:
1994 1564 2137 1619 unde
2157 1570 2350 1637 Apost.
2387 1547 2390 1556 ¹
2425 1581 2435 1600 ¹

330 1644 469 1701 dicit
512 1642 684 1716 Ephe.
716 1660 777 1699 ιν
822 1661 835 1698 z
870 1643 978 1709 Qui
1012 1644 1436 1717 descendit,‘ipse
1478 1653 1554 1702 est
1589 1648 1682 1719 qui
1709 1650 1948 1707 ascendit
1971 1668 2136 1723 super
2180 1670 2354 1709 omnes
2393 1687 2400 1695 ι
2441 1634 2464 1691 ³·

328 1734 500 1791 roelos.
542 1734 694 1789 Sicut
724 1740 911 1788 autem
935 1732 1007 1787 de
1036 1732 1149 1787 filio
1192 1733 1290 1787 Dei
1318 1733 1524 1791 dicitur
1547 1735 1690 1807 quod
1717 1743 1802 1791 est
1844 1746 2024 1805 natus,
2054 1730 2268 1812 passim,
2298 1750 2354 1799 et

325 1821 600 1893 sepultae,
626 1827 689 1874 et
720 1820 852 1891 quia
876 1820 1194 1887 resurrexit,
1222 1835 1328 1874 non
1371 1827 1556 1877 tamen
1597 1826 1896 1880 secundum
1925 1836 2179 1884 naturam
2205 1830 2354 1885 divi-

321 1926 483 1974 nam,
527 1908 625 1963 sed
665 1906 1303 1962 secundum-humanam
1345 1910 1467 1963 :ita
1509 1916 1566 1965 et
1605 1909 1674 1965 de
1717 1912 1818 1967 Dei
1843 1912 1954 1968 filio
1977 1915 2180 1970 dieitur
2207 1918 2354 1989 quod

320 1996 585 2063 ascendit
612 1995 669 2051 in
693 1993 911 2060 coelum,
947 2008 1059 2048 non
1096 1993 1319 2067 quidem
1348 1996 1650 2051 secundum
1687 1997 1930 2057 divinam
1955 2010 2226 2072 naturam,
2257 2006 2352 2060 sed

322 2084 632 2143 secundum
674 2082 995 2142 humanam.
1024 2083 1166 2147 Nam
1196 2083 1502 2139 secundum
1527 2084 1782 2143 divinam
1800 2096 2053 2145 naturam
2075 2106 2353 2165 nunquam

325 2193 357 2233 a
378 2175 528 2232 coelo
542 2173 797 2229 discessit
812 2186 1029 2242 semper
1054 2171 1257 2244 ubique
1272 2172 1514 2229 existens
1542 2166 1557 2229 ἑ
1582 2174 1725 2242 unde
1745 2176 1864 2249 ipse
1885 2177 2042 2252 dicit,
2063 2179 2220 2237 Joan.
2249 2196 2316 2237 ιιι
2339 2200 2351 2237 :

325 2264 499 2322 Nemo
524 2260 761 2317 ascendit
788 2260 848 2315 i‘n
876 2260 1082 2324 coelum,
1124 2259 1237 2315 nisi
1260 2260 1355 2331 qui
1386 2260 1654 2319 descendit
1683 2264 1747 2319 de
1779 2265 1920 2331 coelo,
1945 2266 2093 2336 filius
2124 2268 2354 2325 hominis

326 2354 419 2425 qui
443 2351 605 2409 estin
630 2350 773 2405 coelo.
805 2348 1079 2421 Per'quod
1103 2347 1267 2404 datur
1290 2349 1542 2421 intelligi,
1576 2352 1722 2424 quod
1751 2352 1834 2409 sie
1860 2355 1928 2410 de
1953 2356 2094 2412 coelo
2117 2356 2352 2414 deseen-

328 2444 477 2498 disse
504 2440 707 2496 dieitur
731 2446 987 2494 naturam
1027 2437 1353 2493 assumendo
1384 2444 1680 2509 terrenam,
1726 2443 1873 2515 quod
1903 2450 2089 2500 tamen
2131 2446 2186 2500 in
2210 2445 2352 2501 coelo

326 2544 543 2601 semper
567 2525 887 2601 permansit.
918 2526 999 2580 Ex
1038 2540 1149 2598 quo
1190 2524 1359 2583 etiam
1382 2526 1844 2586 considerandum
1881 2539 1985 2597 est,
2019 2534 2166 2604 quod
2201 2533 2352 2587 solus

326 2617 579 2675 Christus
600 2616 821 2689 propria
845 2615 1047 2669 virtute
1071 2613 1241 2671 coelos
1264 2616 1534 2671 aseendit.
1559 2617 1738 2673 Locus
1757 2618 1902 2673 enim
1928 2618 2022 2673 ille
2048 2615 2352 2675 debebatur

327 2707 376 2764 ei
422 2706 519 2779 qui
547 2705 617 2762 de
652 2702 1195 2777 coelovdeseenderat
1239 2703 1452 2758 ratione
1494 2718 1612 2759 suae
1655 2704 1902 2773 originis.
1934 2704 2041 2759 Alii
2079 2720 2212 2760 vero
2256 2723 2351 2777 per

326 2798 541 2869 seipsos
562 2795 859 2852 ascendere
883 2807 993 2847 non
1008 2797 1256 2861 possunt,
1270 2789 1365 2843 sed
1386 2804 1485 2859 per
1505 2789 1704 2843 Christi
1730 2790 2026 2857 virtutem;
2047 2794 2168 2860 ejus
2190 2806 2355 2846 mem·

326 2885 427 2941 bra
450 2884 655 2941 effecti.
684 2884 753 2938 Et
780 2882 925 2937 sicut
960 2874 1259 2934 ascendere
1286 2874 1341 2928 in
1370 2872 1574 2929 coelum
1597 2876 1853 2930 convenit
1883 2876 1994 2929 filio
2027 2877 2123 2928 Dei
2151 2892 2354 2933 secun-

326 2975 459 3031 dum
494 2972 791 3030 humanam
831 2975 1109 3031 naturam,
1151 2962 1230 3019 ita
1258 2960 1481 3018 additur
1517 2960 1770 3028 alterum,
1813 2961 1964 3033 quod
2005 2964 2261 3017 convenit
2301 2968 2365 3030 ei,

328 3062 631 3122 secundum
670 3065 923 3116 naturam
965 3053 1231 3118 divinam,
1272 3048 1486 3105 seilicet
1526 3047 1674 3121 quod
1716 3047 1909 3103 sedeat
1951 3047 2023 3102 ad
2069 3046 2350 3107 dexteram

328 3153 525 3226 patrie.
551 3152 676 3207 Non
704 3128 848 3204 enim
880 3144 954 3201 ibi
985 3138 1279 3215 cogitanda
1303 3144 1389 3195 est
1412 3138 1661 3203 dextera,
1687 3134 1776 3192 vel
1805 3134 1980 3189 sessio
2009 3136 2306 3207 corporalis
2334 3158 2347 3195 :

328 3240 433 3304 sed,
456 3239 591 3313 quia
616 3239 843 3294 dextera
878 3239 963 3290 est
988 3232 1170 3305 potior
1206 3244 1333 3301 pars
1358 3224 1630 3291 animalis,
1665 3224 1830 3280 datur
1858 3237 1957 3293 per
1983 3220 2089 3276 hoc
2123 3222 2352 3296 intelligi

329 3331 475 3402 quod
502 3328 647 3384 filius
673 3324 921 3383 considet
947 3320 1089 3395 patri
1134 3332 1241 3373 non
1269 3317 1327 3372 in
1363 3315 1550 3388 aliquo
1573 3313 1882 3369 minoratus
1911 3307 1982 3363 ab
2009 3308 2129 3377 ipso
2153 3324 2352 3367 secun-

244 3438 248 3442 ·
328 3419 457 3474 dum
494 3417 740 3473 divinam
778 3402 1053 3480 naturam,
1096 3407 1193 3464 sed
1228 3405 1450 3462 omnino
1491 3404 1545 3459 in
1577 3405 1698 3475 ejus
1737 3395 2064 3471 aequalitate
2091 3396 2350 3457 existens.

330 3509 518 3565 Potest
546 3513 731 3563 tamen
766 3510 821 3557 et
847 3492 951 3557 ffoe
978 3500 1158 3571 ipsum
1182 3494 1408 3551 attribui
1449 3492 1561 3549 filio
1589 3492 1690 3547 Dei
1715 3484 2025 3546 secundum
2059 3481 2352 3581 humanam

330 3606 607 3660 naturam,
644 3600 705 3648 ut
746 3589 1047 3647 secundum
1091 3583 1335 3641 divinam
1363 3589 1618 3639 naturam
1666 3574 2044 3643 intelligamus
2087 3568 2256 3626 fllium
2298 3576 2352 3632 in

331 3686 445 3757 ipso
471 3693 630 3756 patre
654 3696 777 3737 esse
797 3677 1099 3735 seeundum
1122 3670 1379 3729 essentiae
1404 3668 1696 3735 unitatem,
1714 3674 1982 3760 eum-quo
2006 3655 2174 3710 habet
2193 3675 2356 3757 unam

331 3775 518 3829 sedem
546 3770 721 3842 regni,
750 3767 807 3824 id
832 3771 935 3833 est,
967 3766 1296 3836 potestatem
1324 3757 1595 3813 eamdem.
1632 3754 1742 3813 Sed
1771 3763 1906 3823 quia
1934 3744 2114 3802 solent
2139 3748 2356 3815 regibus

332 3860 501 3935 aliqui
526 3858 793 3924 assidere,
816 3852 1019 3928 quibus
1045 3848 1255 3905 scilieet
1278 3844 1490 3919 aliquid
1515 3845 1588 3899 de
1613 3841 1768 3912 regia
1793 3836 2072 3909 potestate
2107 3845 2358 3933 commu..

332 3950 538 4017 nicant,
574 3946 667 4003 ille
690 3950 877 4003 autem
914 3937 1233 4015 potissimus
1258 3936 1317 3993 in
1352 3946 1524 4007 regno
1551 3945 1674 3988 esse
1694 3925 1940 3989 videtur,
1965 3933 2138 3991 quem
2165 3936 2262 3995 reg
2286 3930 2357 3985 ad
