2850 4517
457 346 540 413 28
737 330 750 337 ’
937 366 995 413 ε.
1038 352 1272 409 ³1·quAE
1310 354 1639 415 mmmm
1671 336 1990 408 cresconii

463 483 656 570 ceptio
678 471 989 540 intellectus
1013 469 1141 555 qum
1159 491 1244 536 est
1267 477 1501 536 intentio
1520 476 1799 535 intellecta
1816 462 2173 551 distinguitis?
2186 471 2261 536 ab
2277 462 2472 537 intelli·

459 562 624 659 gente
651 561 1052 647 quodammodo
1078 567 1437 644 procedere,
1421 584 1478 624 in
1503 571 1771 641 quantum
1798 565 2113 640 intelligens
2143 570 2248 635 εει,
2284 570 2342 624 ει
2368 568 2469 627 εἰπέ

461 662 806 735 processione
823 660 1047 733 abipso
1075 656 1481 733 quodammodo
1502 650 1860 729 distinguitur
1880 655 1952 714 ab
1974 651 2256 713 intellectu
2276 655 2471 715 ἰηιεΙΙίἑ

459 758 644 822 gente,
669 758 724 807 et
753 747 1006 808 similiter
1039 753 1256 821 oportet
1283 745 1433 827 quod
1466 744 1685 802 affectio
1721 746 1957 803 amantis
1987 760 2084 819 per
2116 761 2281 820 quam
2310 760 2471 805 ama-

463 850 585 898 tunt⁴
608 848 695 897 est
721 840 776 897 in
803 830 1043 909 amante,
1073 835 1337 911 procedat
1362 852 1395 893 a
1423 833 1706 893 voluntate
1733 835 2053 913 amantis-in
2079 844 2348 909 quantum
2384 842 2469 895 est

461 945 670 989 amans.
703 928 807 987 Se'd
855 926 960 986 hoc
1002 927 1284 1001 proprium
1310 923 1476 983 habet
1517 923 1831 982 intellectus
1872 923 2114 993 divinuS,
2158 926 2305 1000 quod
2343 926 2468 983 cum

339 1044 347 1052 ·
458 1018 768 1092 intelligere
791 1020 910 1090 ejus
931 1018 1006 1073 sit
1029 1030 1153 1071 esse
1179 1014 1369 1090 ipsius,
1396 1019 1615 1088 oportet
1645 1014 1794 1088 quod
1823 1014 2111 1088 conceptio
2134 1012 2463 1084 intellectus,

459 1123 586 1181 quae
609 1115 694 1164 est
715 1105 948 1162 intentio
975 1101 1275 1168 intellecta,
1307 1101 1380 1158 sit
1412 1100 1725 1159 substantia
1756 1101 1894 1174 ejus,
1922 1110 1979 1158 et
2004 1101 2259 1159 similiter
2286 1109 2372 1159 est
2400 1103 2468 1160 de

460 1198 747 1256 affectione
783 1195 839 1251 in
871 1195 991 1267 ipso
1032 1193 1146 1249 Deo
1192 1199 1434 1250 amante.
1456 1186 1819 1265 'Relinquitur
1855 1207 2006 1264 ergo,
2048 1192 2193 1266 quod
2237 1193 2469 1266 intentio

457 1285 770 1343 intellectus
794 1281 987 1351 divini,
1015 1298 1142 1356 quae
1165 1290 1250 1339 est
1277 1279 1509 1338 verbum
1531 1280 1723 1354 ipsius,
1752 1296 1860 1339 non
1887 1280 2246 1354 distinguitur
2274 1298 2307 1339 a
2334 1297 2469 1357 pro-

457 1374 692 1430 ducente
715 1372 894 1446 ipsum
931 1372 986 1427 in
1009 1370 1140 1442 hoc,
1171 1371 1318 1446 quod
1347 1376 1435 1427 est
1458 1384 1578 1427 esse
1616 1368 1918 1427 secundum
1950 1370 2334 1445 substantiam,
2368 1370 2469 1429 sed

457 1462 636 1519 solum
663 1462 718 1518 in
748 1460 871 1527 hoc,
905 1459 1051 1534 quod
1081 1466 1167 1516 est
1191 1459 1493 1517 secundum
1526 1458 1795 1516 rationem
1824 1460 2189 1533 processionis
2212 1460 2375 1518 unius
2400 1476 2469 1519 ex

459 1551 569 1609 alio
597 1568 611 1607 z
635 1559 692 1609 et
713 1548 971 1607 similiter
997 1555 1081 1607 est
1113 1547 1182 1605 de
1207 1549 1496 1606 affectione
1519 1549 1723 1606 amoris
1751 1546 1806 1605 in
1836 1548 1951 1607 Deo
1976 1556 2215 1619 amante,
2244 1540 2469 1625 quae‘ad

457 1638 724 1715 Spiritum
764 1645 1016 1696 sanctum
1042 1636 1302 1712 pertinet.
1331 1638 1422 1695 Sic
1464 1635 1633 1711 igitur
1668 1644 1821 1713 patet
1862 1637 2009 1713 quod
2059 1638 2193 1696 nihil
2220 1639 2472 1713 prohibet

460 1728 698 1788 Verbum
749 1728 847 1785 Dei
891 1728 1037 1802 quod
1074 1736 1159 1784 est
1202 1726 1390 1795 Fiiius,
1425 1742 1551 1783 esse
1589 1742 1757 1783 unum
1804 1744 1929 1785 cum
1969 1729 2131 1785 Patre
2168 1730 2470 1789 secundum

460 1804 828 1876 substantiam
870 1823 926 1872 et
967 1823 1150 1873 tamen
1197 1815 1554 1887 distinguitur
1588 1814 1661 1872 ab
1696 1830 1763 1872 eo
1802 1816 2107 1873 secundum
2144 1817 2469 1876 relationem

459 1906 840 1982 processionis,
873 1914 932 1963 ut
960 1905 1171 1964 dictum
1190 1908 1294 1962 est.
1324 1903 1481 1962 Unde
1509 1912 1565 1961 et
1593 1903 1946 1981 ¹manifestum
1971 1913 2075 1974 est,
2102 1907 2251 1981 quod
2279 1908 2471 1965 eadem

460 2013 548 2054 res
577 2012 682 2054 non
725 1996 920 2064 oritur,
960 2011 1135 2068 neque
1171 1992 1420 2073 procedit
1460 2009 1492 2050 a
1533 1992 1715 2067 seipsa
1750 1996 1922 2068 :quia
1958 1992 2129 2052 Filius
2156 1996 2469 2053 ‘secundum

459 2085 606 2161 quod
631 2102 664 2146 a
688 2085 851 2143 Patre
873 2084 1137 2157 procedit,
1175 2083 1246 2140 ab
1275 2098 1342 2139 eo
1371 2082 1749 2155 distinguitur,
1782 2088 1838 2138 et
1870 2082 2065 2138 eadem
2101 2085 2245 2140 ratio
2284 2089 2369 2139 est
2400 2084 2473 2141 de

459 2166 663 2249 Spirltu
692 2183 886 2251 sancto
913 2169 1324 2245 comparatione
1353 2171 1422 2226 ad
1450 2171 1671 2226 Patrem
1708 2177 1765 2226 et
1792 2169 2011 2226 Filium.
2474 2182 2477 2189 ·

1213 2390 1499 2461 CAPUT
1542 2391 1717 2461 LIII.

469 2555 649 2634 Quod
672 2554 1014 2629 relationes,
1044 2551 1264 2636 quibus
1284 2551 1477 2617 Pater
1504 2558 1563 2617 et
1589 2552 1802 2618 Filius
1827 2557 1887 2619 et
1916 2552 2193 2635 Spiritus
2224 2562 2472 2622 sanctus

609 2643 1103 2723 distinguuntur,-
1134 2646 1281 2706 sunt
1305 2642 1519 2718 reale&
1545 2648 1603 2708 et
1627 2660 1749 2707 non
1773 2642 2038 2709 rationis
2060 2649 2321 2711 tantum.

487 2796 656 2853 Istae
681 2802 866 2877 autem
892 2793 1203 2866 relationeS,
1231 2794 1439 2879 quibus
1454 2796 1614 2853 Pater
1637 2804 1693 2853 et
1711 2796 1881 2853 Filius
1908 2803 1965 2854 et
1992 2798 2227 2872 Spiritus
2248 2807 2472 2857 sanctus

461 2872 787 2942 abinvicem
812 2884 1241 2956 distinguuntur,
1269 2891 1395 2940 sunt
1424 2882 1716 2941 relationes
1758 2886 1953 2953 realeS,
2002 2895 2057 2943 et
2100 2902 2206 2945 non
2242 2889 2471 2947 rationis
2544 2955 2551 2963 ι

461 2980 694 3031 tantum.
726 2974 838 3031 lllae
861 2973 1006 3031 enim
1044 2973 1337 3030 relationes
1360 2982 1489 3029 sunt
1517 2974 1747 3030 rationis
1780 2980 2014 3044 tantum,
2046 2991 2172 3050 quae
2198 2993 2305 3034 non
2334 2992 2471 3034 con-

459 3070 767 3137 sequuntur
804 3060 874 3119 ad
903 3060 1111 3135 aliquid
1153 3060 1300 3135 quod
1346 3069 1432 3119 est
1462 3062 1517 3117 in
1558 3077 1741 3117 rerum
1771 3073 1988 3133 natura,
2018 3066 2114 3122 sed
2144 3066 2223 3122 ’ad
2262 3066 2471 3141 aliquid

460 3151 607 3224 quod
629 3156 712 3207 'est
741 3149 798 3206 in
823 3132 1252 3224 apprehensione
1283 3155 1514 3216 tantum,
1544 3149 1689 3206 sicut
1712 3151 1968 3209 dextrum
1991 3163 2049 3211 et
2088 3155 2371 3213 sinistrum
2410 3154 2465 3213 in

461 3238 642 3311 lapide
671 3255 777 3295 non
815 3245 942 3295 sunt
969 3237 1261 3295 relationes
1288 3237 1483 3305 reales,
1514 3238 1612 3295 sed
1642 3240 1871 3298 rationis
1897 3248 2157 3302 tantum.
2202 3246 2335 3318 quia
2364 3260 2471 3301 non

459 3334 868 3401 consequuntur
895 3308 1135 3400 aliquam
1164 3327 1424 3383 virtutem
1453 3304 1699 3384 realem
1684 3345 1741 3384 in
1782 3327 1963 3403 lapide
1988 3333 2335 3405 existentem,
2374 3335 2470 3392 sed

461 3415 636 3473 solum
661 3417 1031 3489 acceptionem
1057 3414 1513 3490 apprehendentis
1537 3414 1773 3490 lapidem
1802 3424 1863 3473 ιιι
1894 3420 2197 3490 sinistrum,
2231 3425 2363 3496 quia
2386 3430 2470 3481 est

462 3504 625 3563 alicui
665 3503 886 3559 animali
913 3503 985 3561 ad
1012 3503 1309 3570 sinistram,
1341 3505 1437 3561 sed
1466 3505 1750 3576 sinistrum
1780 3492 1835 3564 et
1871 3506 2167 3568 dextrum
2152 3528 2208 3567 in
2245 3513 2469 3570 animali

461 3601 590 3650 sunt
633 3591 924 3649 relationes
965 3592 1156 3660 reale&
1190 3593 1320 3673 quia
1364 3603 1797 3668 consequuntur
1815 3596 2051 3656 virtutes
2095 3600 2364 3674 quasdam
2414 3604 2473 3660 in

462 3678 841 3755 determinatis
892 3681 1138 3755 partibus
1178 3680 1429 3738 animalis
1468 3683 1736 3755 inventas.
1785 3686 1922 3744 Cum
1968 3688 2143 3761 igitur
2178 3683 2471 3757 relationes

464 3760 764 3847 praedictae,
787 3770 986 3846 quibus
1006 3772 1168 3828 Pater
1185 3777 1240 3827 et
1267 3767 1436 3827 Filius
1463 3780 1519 3829 et
1534 3772 1768 3846 Spiritus
1796 3784 2021 3835 sanctus
2036 3778 2486 3853 distinguuntur,··

461 3856 572 3915 sint
601 3857 858 3918 realiter
844 3876 901 3917 m
945 3839 1060 3933 Deo
1098 3858 1414 3953 existentes,
1439 3868 1655 3949 oportet
1682 3864 1839 3937 quod
1860 3865 2153 3947 relationes
2184 3868 2471 3983 praedictae

459 3944 582 4003 sint
595 3948 887 4009 relationes
903 3926 1120 4022 reales,
1131 3946 1238 4009 no'n
1266 3944 1497 4010 rationis
1522 3944 1758 4015 tautum.
2474 3947 2485 3955 ’
