2850 4517
619 354 713 408 1v.‘
734 378 815 393 —
841 364 922 409 mi
963 360 1387 413 Pansam-roua
1424 372 1592 419 vrrAE
1643 375 2020 427 SPIRI'PUALIS
2207 372 2328 432 313

302 484 443 541 bere
484 496 616 554 erga
650 479 985 555 proximum,
1007 489 1115 551 ‚aut
1146 484 1407 559 seipsum.
1437 488 1588 562 Opus
1625 489 1795 563 igitur
1836 494 2206 572 abstinentiae,
2237 507 2324 561 vel

302 572 608 637 castitatis,
645 569 732 626 vel
783 571 1180 646 cujuscumque
1231 573 1423 631 talium
1475 578 1764 650 virtutum,
1818 600 1944 656 quae
1997 598 2127 647 sunt
2183 592 2320 651 infra

303 660 549 728 latriam,
584 658 915 728 laudabilius
940 665 1025 715 est
1062 661 1109 717 si
1156 678 1226 719 ex
1272 670 1401 720 voto
1435 664 1590 723 fiant.
1621 668 1964 735 Huicetiam·
1987 678 2324 751 suffragatur

302 750 462 823 pium
490 748 753 805 Ecclesiae
789 749 1057 819 studium,
1076 766 1203 823 quae
1232 750 1482 809 homines
1519 756 1590 811 ad
1629 759 1937 818 vovendum
1978 764 2236 837 invitans,
2268 778 2324 829 et

302 826 634 905 voventibus
656 837 738 893 ire
761 836 818 893 in
841 834 1145 895 subsidium
1172 844 1335 897 terrae
1352 849 1580 913 sanctie,
1598 844 1686 903 vel
1701 846 1839 906 alias
1866 851 1925 906 in·
1947 852 2320 917 defensionem

303 928 587 995 Ecclesiae,
616 924 985 998 indulgentias
1013 932 1069 981 et
1097 926 1385 1001 privilegia
1408 930 1679 1003 largitur:
1711 950 1821 995 non
1847 945 2032 999 autem
2059 944 2322 1005 invitaret

304 1017 379 1073 ad
409 1014 735 1092 vovendum,
762 1016 810 1071 si
844 1013 1041 1071 melius
1064 1014 1209 1075 bona
1249 1032 1416 1091 opera
1459 1030 1605 1079 esset
1649 1023 1831 1083 facere
1872 1029 1989 1087 sine
2028 1040 2179 1093 voto.
2206 1038 2322 1097 Hoc

304 1104 455 1163 enim
492 1110 639 1161 esset
675 1108 869 1161 contra
920 1101 1361 1163 exhortationem
1386 1110 1685 1181 Apostolil
1730 1114 2139 1179 Corinthiorum
2179 1141 2267 1183 xu
2300 1144 2318 1185 ε

301 1190 679 1257 AEmulamini,
690 1189 1017 1259 charismata
1036 1191 1279 1251 meliora.
1308 1194 1464 1251 Unde
1490 1196 1535 1252 si
1578 1198 1772 1258 melius
1809 1212 1954 1262 esset
1981 1208 2126 1268 bona
2154 1227 2319 1286 opera

302 1282 487 1339 facere
509 1281 715 1355 absque
742 1288 890 1348 voto,
927 1295 1033 1339 non
1073 1280 1335 1341 invitaret
1368 1285 1440 1341 ad
1468 1288 1799 1359 vovendum,
1830 1294 1927 1349 sed
1957 1298 2125 1356 etiam
2154 1318 2187 1358 a
2214 1320 2320 1363 vo-

301 1370 482 1429 vendo
508 1368 811 1429 retraheret
840 1367 925 1426 vel
950 1368 1309 1441 prohibendo,
1332 1372 1419 1428 vel
1443 1373 1612 1433 etiam
1643 1377 2031 1442 dissuadendo.
2053 1388 2318 1450 Similiter

302 1459 473 1517 etiam
499 1473 623 1515 cum
649 1455 914 1514 Ecclesiae
938 1457 1173 1515 intentio
1198 1458 1271 1529 sit
1294 1459 1544 1519 homines
1571 1464 1760 1523 fideles
1796 1469 1867 1526 ad
1891 1473 2172 1536 meliorem
2195 1489 2319 1539 sta-

303 1553 422 1602 tum
444 1544 725 1611 reducere,
751 1558 940 1599 omnes
964 1559 998 1600 a
1027 1544 1171 1600 votis
1200 1544 1363 1603 factis
1391 1546 1720 1619 absolveret,
1753 1560 1815 1610 ut
1841 1558 1921 1614 sic
1960 1576 2147 1620 eorum
2174 1566 2318 1636 bona

300 1650 470 1706 opera
497 1630 857 1690 laudabiliora
884 1631 1205 1689 existerent.
1236 1634 1392 1691 Patet
1433 1637 1602 1708 igitur
1633 1639 1947 1713 hujusmodi
1985 1652 2316 1722 positionem

300 1734 606 1794 repugnare
628 1718 851 1791 siquod
879 1719 1244 1775 communiter
1271 1719 1517 1780 Ecclesia
1566 1732 1718 1782 tenet
1767 1735 1823 1785 et
1869 1735 2056 1804 sentit,
2087 1740 2231 1797 unde
2259 1751 2316 1799 et

300 1818 567 1883 tanquam
602 1807 862 1864 haeretica
888 1806 1234 1880 reprobanda
1263 1816 1367 1865 est.
1394 1810 1478 1867 Ad
1519 1828 1584 1871 ea
1610 1831 1742 1873 vero
1775 1834 1902 1891 quae
1939 1838 2038 1895 pro
2077 1840 2139 1883 se
2168 1829 2316 1902 obji-

291 1897 516 1972 jiciunt,
543 1894 705 1952 facile
726 1902 810 1951 est
841 1895 1217 1971 multipliciter
1255 1900 1604 1971 respondere.
1631 1904 1814 1961 Primo
1851 1910 1996 1966 enim
2029 1916 2179 1986 quod
2221 1918 2317 1981 di-,

296 1992 451 2053 cunt,
479 1983 626 2059 quod
651 1997 784 2055 opus
810 1984 1015 2041 bonum
1056 2000 1127 2040 ex
1162 1990 1291 2042 voto
1319 1986 1528 2045 factum
1573 1996 1660 2047 est
1695 1994 1878 2053 minus
1918 1998 2309 2075 voluntarium,

296 2089 407 2131 non
432 2081 518 2131 est
547 2072 927 2129 universaliter
950 2072 1085 2130 etin
1114 2074 1366 2153 omnibus
1385 2092 1596 2135 verum.
1610 2080 1766 2138 Multi
1790 2085 1938 2141 enim
1966 2096 2093 2147 sunt
2118 2094 2214 2165 qui
2245 2112 2310 2153 ea

297 2178 425 2237 quae
456 2169 724 2238 voverunt
769 2169 883 2217 tam
910 2167 1167 2235 prompta
1202 2163 1488 2223 voluntate
1530 2166 1758 2239 faciunt,
1805 2179 1866 2229 ut
1901 2174 2072 2235 etiam
2109 2182 2157 2237 si
2199 2171 2310 2241 non

295 2253 575 2327 vovissent
601 2267 711 2306 non
739 2250 917 2307 solum
944 2251 1207 2321 facerent,
1238 2254 1337 2309 sed
1368 2262 1654 2312 voverent.
1683 2258 1934 2318 Secundo
1973 2265 2134 2324 detur
2162 2273 2311 2344 quod

296 2340 522 2413 aliquod
541 2339 743 2417 bonum
768 2354 904 2411 opus
931 2340 1080 2413 quod
1103 2340 1227 2415 quis
1260 2340 1393 2399 facit
1419 2358 1487 2399 ex
1517 2350 1664 2413 voto,
1691 2347 1779 2404 vel
1817 2350 2130 2415 obedientia
2171 2362 2312 2417 sim-

294 2428 513 2501 pliciter
548 2428 955 2485 consideratum
990 2428 1066 2485 sit
1115 2428 1575 2501 involuntarium,
1593 2434 1690 2490 sed
1722 2442 1906 2495 tamen
1934 2440 2068 2501 facit
2111 2446 2310 2511 hoc'ex

294 2518 627 2575 necessitate
650 2518 785 2587 voti,
811 2516 898 2574 vel
943 2516 1288 2586 obedientiae,
1322 2536 1488 2591 quam
1513 2537 1623 2577 non
1652 2524 1770 2581 vult
1795 2533 2099 2604 praeterire,
2127 2538 2307 2597 adhuc

293 2607 428 2663 dum
468 2606 574 2663 boc
608 2604 761 2673 facit,
794 2605 1124 2663 laudabilius
1164 2620 1442 2684 operatur,
1473 2618 1529 2666 et
1571 2614 1746 2683 magis
1791 2619 2010 2689 merito,
2041 2639 2208 2696 quam
2251 2630 2301 2686 si

293 2700 554 2769 prompta
576 2692 854 2749 voluntate
893 2694 1263 2772 iiludfaceret
1294 2696 1414 2752 sine
1451 2706 1601 2754 voto.
1625 2698 1742 2761 Etsi
1771 2704 1917 2762 enim
1954 2723 2062 2764 non
2102 2711 2302 2775 habeat

291 2783 638 2841 voluntatem
658 2788 966 2855 promptam
990 2783 1126 2840 illud
1148 2784 1406 2853 faciendi,
1438 2793 1575 2860 puta
1588 2790 1896 2861 jejunandi,
1927 2794 2093 2854 habet
2117 2809 2298 2861 tamen

292 2870 637 2947 voluntatem
672 2878 980 2943 promptam
1017 2879 1209 2929 votum
1253 2872 1535 2948 implendi,
1561 2877 1649 2935 vel
1688 2880 1995 2954 obediendi,
2023 2891 2170 2961 quod
2215 2900 2301 2950 est

292 2958 467 3015 multo
494 2957 821 3015 laudabilius
850 2966 907 3017 et
930 2960 1105 3033 magis
1146 2962 1490 3021 meritorium
1528 2981 1694 3039 quam
1716 2969 1985 3049 jejunare,
2015 2978 2302 3053 unde‘plus

292 3053 535 3105 meretur
561 3063 730 3121 quam
770 3047 862 3105 ille
898 3050 994 3122 qui
1030 3064 1133 3106 sua
1162 3050 1444 3109 voluntate
1470 3054 1687 3126 jejunat
1719 3074 1733 3114 ε
1761 3066 2025 3137 tantoque
2047 3063 2300 3129 voluntas

292 3142 483 3195 votum
522 3136 803 3209 implendi,
830 3142 927 3194 aut
970 3136 1260 3195 obediendi
1301 3143 1604 3217 promptior
1647 3133 1948 3221 judicatur,
1980 3158 2204 3230 quando
2239 3160 2298 3217 id

293 3225 440 3298 quod
468 3223 668 3297 aliquis
702 3223 836 3281 facit
872 3233 1093 3299 propter
1136 3227 1526 3300 obedientiam,
1559 3230 1644 3289 vel
1689 3241 1880 3292 votum
1920 3245 2094 3314 magis
2143 3248 2200 3303 in
2237 3264 2298 3305 se

292 3312 699 3369 consideratum
723 3312 997 3371 voluntati
1029 3322 1318 3387 repugnat,
1352 3318 1496 3375 unde
1518 3318 1884 3395 Hieronymus
1909 3328 1977 3383 ad
2005 3332 2295 3394 Rusticum

291 3398 619 3459 monachum
640 3401 775 3459 dicit
808 3402 955 3458 :Per
984 3402 1105 3461 haec
1133 3405 1315 3483 omnia
1343 3406 1413 3463 ad
1453 3406 1602 3465 aliud
1642 3410 1817 3467 tendit
1858 3416 2055 3485 oratio,
2088 3427 2150 3475 ut
2189 3423 2296 3480 do·

290 3505 445 3547 ceam
474 3496 530 3546 te
556 3504 667 3546 non
686 3495 781 3546 tuo
807 3490 1035 3547 arbitrio
1055 3492 1464 3557 dimittendum.
1493 3495 1563 3552 Et
1590 3503 1715 3570 post
1755 3516 1932 3573 pauca
1969 3493 2144 3565 dicit:
2174 3512 2297 3574 Non

287 3579 459 3637 facias
482 3578 631 3651 quod
655 3579 758 3646 viS‚
776 3580 1035 3636 comedas
1064 3580 1674 3653 quodjuberi5,habeas
1701 3596 1968 3661 quantum
1995 3602 2291 3670 acceperis,

286 3666 542 3727 vestiaris
570 3668 718 3741 quod
746 3667 927 3736 datur,
956 3670 1136 3742 operis
1164 3669 1245 3723 tui
1273 3684 1502 3742 pensum
1526 3674 1824 3749 persolvaS,
1855 3678 2164 3753 subjiciaris
2207 3690 2297 3745 cui

284 3772 395 3815 non
418 3756 523 3827 vie,
547 3756 723 3813 lassus
752 3759 823 3814 ad
847 3763 1055 3817 statum
1101 3756 1309 3825 veniae,
1341 3757 2046 3839 ambulansque-dormites,
2078 3780 2134 3829 et
2162 3790 2298 3835 nec-

281 3846 417 3904 dum
440 3843 659 3918 expleto
698 3834 912 3903 sommo
939 3860 1165 3920 surgere
1191 3844 1669 3919 compellaris&
1707 3872 1816 3929 quo
1843 3863 1997 3930 patet
2035 3862 2184 3935 quod
2223 3868 2298 3928 ad

280 3934 545 3995 meritum
569 3933 699 3993 boni
727 3935 910 4011 operis
930 3936 1193 4011 pertinet,
1219 3941 1283 3994 ut
1312 3952 1442 4013 quae
1477 3936 1679 4013 aliquis
1720 3938 1949 4019 propter
1977 3950 2158 4025 seipsa
2185 3970 2295 4017 non
