2850 4517
508 291 629 362 320
988 315 1041 360 s.
1087 305 1321 358 ''1¹quAE
1358 301 1688 362 AQ'UmA'rls
1729 302 2039 356 oruseuta

509 431 625 488 rius
651 429 799 504 quod
824 433 912 486 est
932 428 1002 485 de
1025 427 1361 501 perfectione
1384 424 1878 500 comprehensoris.
1910 425 1967 483 Si
2010 425 2158 482 enim
2199 425 2283 484 sic
2309 427 2526 487 intelli-

510 525 672 591 gatur
699 535 715 575 τ
741 517 943 592 Diliges
971 512 1259 574 Dominum
1286 516 1458 572 Deum
1484 522 1636 573 tuum
1663 531 1746 577 ex,
1767 513 2057 574 totocorde
2079 521 2173 572 tuo
2211 523 2276 573 ut
2301 532 2526 591 semper

509 622 604 664 cor
632 607 867 665 hominis
889 612 1016 663 actu
1044 605 1254 662 feratur
1296 604 1357 660 in
1395 605 1590 670 Deum,
1621 603 1706 660 sic
1731 603 1971 677 pertinet
2015 603 2088 660 ad
2125 605 2526 677 perfectionem

510 695 997 769 comprehensoria.
1023 695 1080 752 Si
1125 700 1310 751 autem
1354 693 1437 750 sic
1473 692 1829 764 intelligatur,
1875 701 1938 752 ut
1975 707 2072 750 cor
2112 692 2352 753 hominis
2386 695 2523 753 nihil

509 791 779 858 acceptet,
811 785 956 859 quod
980 785 1052 841 sit
1076 783 1281 841 divinae
1304 781 1586 840 dilectioni
1617 781 1975 850 contrarium,
2002 782 2084 840 sic
2111 791 2198 840 est
2228 785 2298 841 de
2319 801 2528 842 neces-

509 873 676 929 sitate
703 870 982 945 praecepti.
1014 869 1169 941 Quod
1200 870 1521 943 vero-homo
1545 869 1715 926 etiam
1743 883 1808 925 ea
1833 868 2061 941 abjiciat
2103 869 2302 943 quibus
2336 879 2526 945 potest

511 960 661 1017 licite
690 963 770 1016 uti
806 966 867 1017 ut
896 959 1120 1017 liberius
1155 960 1271 1016 Deo
1298 966 1480 1026 vacet,
1509 958 1614 1015 hoc
1658 964 1744 1014 est
1787 957 1858 1016 de
1899 957 2234 1030 perfectione
2280 961 2522 1019 consilii.

508 1049 599 1107 Sic
626 1049 795 1122 igitur
822 1055 879 1106 et
903 1048 994 1104 hic
1020 1048 1313 1105 dicendum
1340 1053 1444 1115 est,
1476 1047 1626 1121 quod
1658 1046 1730 1103 de
1771 1045 2098 1123 necessitate
2123 1049 2390 1122 praecepti
2435 1059 2524 1108 est

509 1145 573 1195 ut
600 1153 635 1196 a
654 1137 1049 1194 communitate
1074 1135 1401 1203 dilectionis,
1420 1150 1532 1210 qua
1560 1135 1686 1208 quis
1715 1135 1990 1207 proximos
2018 1143 2239 1195 tenetur
2267 1138 2519 1210 diligere,

432 1251 437 1256 ·
511 1225 794 1302 inimicum
821 1241 930 1284 non
965 1225 1238 1291 excludat,
1271 1239 1373 1284 nec
1401 1223 1610 1298 aliquid
1641 1219 1977 1281 contrarium
2005 1221 2170 1298 hujus
2209 1225 2523 1284 dilectionis

510 1316 567 1372 in
591 1316 757 1372 corde
784 1330 881 1371 suo
912 1313 1164 1386 recipiat.
1185 1313 1293 1370 Sed
1314 1312 1464 1386 quod
1487 1320 1616 1370 actu
1657 1311 1868 1370 feratur
1892 1327 2045 1368 mens
2080 1312 2316 1370 hominis
2343 1315 2402 1370 in
2428 1315 2524 1372 di-

511 1401 802 1460 lectionem
837 1401 1064 1470 inimici,
1097 1401 1266 1458 etiam
1306 1415 1433 1457 curn
1473 1414 1581 1458 non
1627 1400 1784 1459 adest
1821 1401 2138 1469 necessitaS,
2170 1403 2412 1474 pertinet
2451 1405 2526 1461 ad

512 1491 901 1564 perfectionem
929 1488 1163 1547 consilii.
1193 1490 1255 1546 In
1279 1504 1412 1545 casu
1441 1487 1588 1565 enim
1627 1489 1861 1562 alicujus
1889 1490 2225 1547 necessitatis
2257 1491 2433 1548 etiam
2467 1495 2543 1549 in‘

512 1578 739 1653 speciali
764 1585 890 1636 actu
916 1577 1165 1636 inimicos
1192 1577 1419 1650 diligere
1438 1584 1494 1635 et
1516 1575 1599 1635 eis
1623 1577 1946 1636 benefacere
1968 1583 2210 1635 tenemur
2229 1595 2298 1635 ex
2313 1595 2530 1638 neces-

512 1669 679 1724 sitate
703 1667 985 1742 praecepti,
1016 1672 1170 1742 puta,
1192 1665 1240 1722 si
1282 1663 1428 1722 fame
1469 1672 1832 1735 morerentur,
1860 1665 1948 1723 vel
1975 1665 2032 1722 in
2073 1665 2178 1723 alio
2201 1665 2526 1739 hujusmodi

514 1755 745 1815 articulo
790 1761 995 1830 essent.
1039 1754 1208 1811 Extra
1230 1753 1329 1812 hos
1380 1761 1565 1812 autem
1601 1754 1949 1812 necessitatis
1993 1753 2253 1812 articulos
2280 1755 2527 1814 inimicis

512 1844 806 1920 specialem
831 1846 1087 1902 affectum
1112 1851 1168 1901 et
1191 1843 1448 1900 effectum
1475 1843 1791 1915 impendere
1815 1859 1884 1900 ex
1907 1844 2234 1901 necessitate
2257 1846 2526 1918 praecepti

513 1951 623 1992 non
638 1941 907 2003 tenemur,
925 1923 1051 1992 cnm
1066 1949 1167 1990 nec
1185 1932 1354 1990 etiam
1384 1940 1669 1990 teneamur
1687 1948 1755 1990 ex
1774 1932 2105 1990 necessitate
2124 1933 2385 2008 praecepti
2403 1934 2528 1992 haec

512 2025 573 2081 in
585 2023 810 2098 speciali
830 2022 1081 2080 omnibus
1096 2021 1371 2080 exhibere.
1387 2021 1713 2094 Hujusmodi
1732 2027 1919 2078 autem
1933 2021 2281 2080 inimicorum
2298 2022 2529 2080 dilectio

446 2180 454 2187 .
515 2112 723 2170 directe
743 2128 811 2170 ex
836 2111 954 2169 sola
980 2110 1168 2168 divina
1195 2109 1489 2167 dilectione
1513 2109 1816 2167 derivatur.
1835 2111 1896 2165 In
1919 2109 2045 2168 aliis
2072 2118 2258 2169 autem
2275 2110 2530 2170 dilectio·

516 2201 675 2258 nibus
698 2207 881 2257 movet
908 2198 977 2256 ad
998 2197 1335 2270 diligendum
1362 2197 1585 2272 aliquod
1606 2198 1750 2255 aliud
1773 2199 1995 2279 honum,
2013 2206 2168 2273 puta,
2197 2200 2282 2257 vel
2311 2200 2532 2258 benefi-

515 2291 663 2347 cium
692 2288 1015 2354 exhibitum,
1035 2286 1123 2343 vel
1149 2287 1575 2348 communicatio
1599 2288 1898 2360 sanguiniS,
1925 2288 2016 2346 vel
2047 2289 2228 2347 unitas
2253 2290 2525 2360 civitatis,

514 2383 612 2434 aut
637 2376 844 2450 aliquid
880 2372 1215 2446 hujusmodi.
1243 2375 1351 2432 Sed
1381 2376 1451 2432 ad
1493 2375 1830 2449 diligendum
1859 2375 2116 2434 inimicos
2139 2377 2271 2434 nihil
2299 2393 2528 2436 movere

513 2471 695 2541 potest
714 2463 819 2519 nisi
842 2462 991 2532 solus
1016 2463 1184 2519 Deus.
1215 2462 1531 2536 Diliguntur
1558 2465 1777 2524 enimin
1797 2471 2066 2539 quantum
2099 2472 2227 2523 sunt
2253 2475 2529 2526 creaturae

418 2621 423 2624 ¹
514 2551 807 2626 Dei,quasi
834 2551 904 2609 ad
926 2551 1043 2624 ejus
1062 2551 1355 2624 imaginem
1382 2552 1538 2621 facti,
1564 2561 1620 2611 et
1640 2553 1811 2627 ipsius
1829 2569 2080 2628 capaces.
2101 2554 2172 2612 Et
2196 2557 2330 2629 quia
2348 2557 2528 2614 Deum

514 2641 767 2700 omnibus
792 2640 915 2698 aliis
938 2640 1098 2697 bouis
1123 2640 1365 2698 charitas
1384 2641 1626 2716 praefert,
1639 2643 1955 2708 considerat
1983 2643 2378 2719 cujuscumque
2393 2646 2528 2702 honi

515 2730 923 2797 detrimentum,
955 2729 1103 2803 quod
1141 2729 1213 2787 ab
1245 2729 1498 2788 hostibus
1531 2730 1740 2805 patitur
1776 2731 1846 2789 ad
1887 2731 1992 2790 hoc
2017 2734 2167 2806 quod
2209 2749 2305 2791 eos
2350 2735 2522 2804 odiat,

514 2819 612 2876 sed
637 2819 813 2892 magis
837 2817 1151 2888 considerat
1176 2818 1423 2876 divinum
1443 2819 1663 2888 bonum,
1697 2825 1864 2878 uteos
1882 2820 2096 2892 diligat.
2127 2822 2284 2879 Unde
2318 2831 2529 2896 quanto

515 2908 809 2985 perfectius
833 2907 981 2980 viget
1010 2907 1066 2964 in
1087 2906 1307 2965 homine
1334 2907 1578 2966 charitas
1605 2908 1726 2977 Dei,
1745 2914 1900 2988 tanto
1925 2908 2146 2968 facilius
2167 2911 2386 2970 animus
2409 2914 2531 2985 ejus

493 2995 756 3070 'flectitur
782 3004 844 3053 ut
868 2995 1099 3068 diligat
1085 2997 1387 3053 inimicum.
1409 2997 1801 3054 consideratur
1823 2983 2010 3056 autem
2037 2999 2280 3056 secundo
2309 3000 2532 3074 perfec-

516 3085 595 3142 tio
619 3084 929 3142 dilectionis
950 3083 1185 3157 proximi
1208 3084 1514 3142 secundum
1536 3085 1895 3150 intentionem
1923 3088 2146 3146 amoris.
2175 3088 2532 3146 Manifestum

517 3178 603 3230 est
622 3173 769 3229 enim
800 3173 949 3244 quod
976 3180 1183 3246 quanto
1208 3172 1409 3247 aliquis
1433 3173 1702 3232 intensius
1729 3178 1966 3243 amatur,
1995 3182 2150 3233 tanto
2179 3175 2400 3235 facilius
2422 3178 2535 3236 alia

516 3265 737 3335 propter
760 3260 940 3333 ipsum
963 3268 1404 3332 contemnuntur.
1433 3262 1514 3318 Ex
1544 3261 1632 3319 his
1668 3277 1798 3334 ergo
1822 3278 1948 3337 quae
1983 3263 2148 3321 homo
2181 3272 2413 3340 propter
2440 3267 2538 3324 di-

516 3348 805 3406 lectionem
830 3349 1062 3422 proximi
1105 3350 1425 3418 contemnit,
1455 3349 1789 3408 considerari
1833 3357 2035 3424 potest,
2065 3368 2136 3410 an
2171 3353 2245 3410 sit
2281 3355 2536 3427 perfecta

516 3437 739 3495 dilectio
768 3438 1019 3510 proximi.
1050 3439 1222 3512 HuJus
1251 3443 1438 3495 autem
1461 3439 1813 3512 perfectionis
1839 3441 2036 3514 triplex
2064 3441 2269 3514 gradus
2309 3443 2542 3500 inveni-

517 3529 626 3580 tur.
652 3525 789 3582 Sunt
818 3525 963 3581 enim
986 3524 1154 3598 aliqui
1185 3523 1281 3598 qui
1304 3526 1577 3582 exteriora
1601 3525 1744 3584 bona
1778 3533 2138 3586 contemnunt
2175 3536 2403 3602 propter
2439 3529 2544 3586 di·-

515 3611 807 3669 lectionem
836 3612 1224 3684 proximorum,
1256 3613 1389 3670 dum
1414 3613 1500 3671 vel
1525 3628 1592 3671 ea
1617 3615 2024 3688 particulariter
2053 3617 2317 3693 proximis
2345 3617 2544 3676 admi-

512 3701 770 3767 nistrant,
799 3698 886 3756 vel
911 3699 1156 3757 totaliter
1196 3701 1379 3758 omnia
1421 3702 1844 3760 necessitatibus
1871 3713 2100 3777 erogant
2128 3706 2540 3779 proximorum,

514 3789 659 3862 quod
710 3785 931 3844 videtur
978 3788 1272 3862 Apostolus
1318 3796 1546 3880 tangere
1585 3806 1712 3848 cum
1753 3791 1908 3862 dicit,
1948 3794 1972 3848 1
1999 3794 2249 3852 Corinth.
2281 3811 2444 3852 xm·
2474 3797 2548 3853 Si

514 3873 889 3938 distribuero
867 3891 931 3931 m
956 3873 1091 3933 cibos
1104 3873 1409 3952 pauperum
1437 3895 1642 3938 omnem
1659 3880 2037 3943 substantiam.
2059 3883 2130 3940 Et
2155 3885 2374 3942 Cautio.
2399 3899 2546 3956 vin,

1274 4288 1411 4442 ί
1506 4150 1854 4436 ’Χ
