2850 4517
937 283 1000 325 v.
1032 298 1113 312 -
1139 284 1215 327 nn
1258 285 1578 329 Ass'mcums
1619 288 1782 331 mom
2247 276 2368 334 373

354 392 529 447 nister
556 397 739 446 autem
765 389 925 461 hujus
946 392 1275 450 sacramenti
1301 400 1384 450 εει
1408 395 1559 451 solus
1585 398 1890 471 episcopus·
1917 401 2037 455 Non
2067 402 2220 456 enim'
2240 399 2369 457 licet

352 479 626 535 sacerdoti
652 480 1023 537 confirmando
1044 481 1335 539 chrismate
1360 484 1413 539 in
1440 484 1616 541 fronte
1632 486 1913 557 inungere.
1930 488 2168 545 Effectus
2184 496 2367 546 autem

353 567 516 639 hujus
544 570 872 624 sacramenti
900 560 1179 643 est‚'quod
1204 572 1257 628 in
1284 589 1348 628 eo
1375 574 1539 629 datur
1561 574 1795 648 Spiritus
1823 577 2056 633 Sanctus
2085 578 2153 632 ad
2180 565 2362 645 robur,

352 658 498 713 sicut
520 657 683 712 datus
708 663 793 713 est
818 658 1093 731 Apostolis
1118 660 1173 716 in
1201 661 1291 716 die
1317 662 1684 729 pentecostes,
1713 670 1774 719 ut
1798 664 2009 721 scilicet
2034 665 2366 723 christianus

352 746 618 803 audacter
632 746 959 802 confiteatur
982 762 1179 803 nomen
1200 748 1421 805 Christi.
1447 750 1516 805 Et
1539 750 1664 807 ideo
1681 752 2088 809 confirmandus
2111 755 2166 810 in
2187 753 2366 813 fronto

350 834 595 905 ungitur,
639 835 694 889 in
740 851 847 907 qua
886 845 971 892 est
996 835 1155 893 sedes
1195 838 1558 905 verecundiae,
1603 844 1664 893 ut
1692 840 2121 898 scilicet'nomen
2162 842 2364 898 Christi

352 922 600 979 confiteri
624 938 730 979 non
760 923 1065 990 erubescat,
1098 934 1153 981 et
1182 928 1457 999 praecipue
1486 943 1705 983 crucem
1729 930 1866 1000 ejus,
1899 946 2024 1001 quae
2051 934 2132 985 est
2155 931 2364 989 Judaeis

351 1012 689 1082 scandalum,
717 1012 985 1069 Gentibus
1024 1020 1208 1071 autem
1246 1015 1500 1082 stultitia,
1537 1024 1592 1071 et
1616 1024 1840 1091 propter
1879 1017 1982 1075 hoc
2011 1019 2178 1076 etiam
2207 1021 2362 1090 signo

296 1094 299 1097 ⁴
350 1103 531 1159 crucis
569 1103 875 1174 signantur.
918 1104 1077 1160 Circa
1114 1103 1219 1159 hoc
1246 1106 1652 1162 sacramentum
1682 1116 1767 1163 est
1810 1124 1962 1164 error
1999 1110 2361 1181 quorumdam

348 1191 670 1249 Graecorum
698 1192 1016 1259 dicentium,
1049 1194 1193 1266 quod
1245 1194 1504 1250 sacerdos
1543 1194 1773 1268 simple-x
1815 1195 1917 1253 hoc
1955 1206 2360 1255 sacramentum

348 1287 531 1353 potest
556 1281 819 1347 conferre,
847 1288 1039 1337 contra
1069 1296 1208 1355 quos
1236 1282 1456 1350 dicitur,
1489 1288 1726 1339 Actuum
1766 1300 1892 1351 vm,
1931 1285 2080 1358 quod
2112 1288 2357 1360 Apostoli

346 1369 614 1425 miserunt
644 1370 862 1429 Petrum
898 1378 953 1425 et
974 1370 1238 1426 loannem
1265 1373 1433 1442 Αροε.
1465 1372 1560 1444 qui
1592 1372 1941 1445 imponebant
1968 1379 2163 1429 manus
2194 1390 2358 1447 super

348 1473 443 1515 eos
479 1457 573 1531 qui
604 1457 861 1529 baptizati
894 1465 1050 1513 erant
1080 1475 1111 1514 a
1142 1458 1385 1532 Philippo
1412 1460 1664 1528 diacono,
1697 1465 1753 1515 et
1797 1460 2140 1534 accipiebant
2181 1462 2356 1533 Spiri-

347 1554 465 1602 tum
494 1547 771 1603 Sanctum.
804 1546 1054 1619 Episcopi
1088 1556 1271 1602 autem
1301 1557 1430 1603 sunt
1455 1549 1508 1603 iri
1533 1548 1777 1605 Ecclesia
1802 1548 1921 1605 loco
1947 1549 2351 1621 Apostolorum,
2376 1550 2383 1557 ’
2475 1568 2487 1579 ·

347 1643 401 1691 et
441 1634 561 1689 loco
598 1633 741 1689 illius
770 1649 964 1689 manus
1005 1634 1366 1705 impositionis
1408 1635 1570 1691 datur
1612 1638 1668 1690 in
1705 1635 1952 1692 Ecclesia
1987 1638 2351 1694 confirmatio.

348 1723 591 1780 Tertium
634 1728 1035 1779 sacramentum
1066 1730 1150 1778 est
1193 1723 1572 1792 Eucharistiae,
1597 1725 1779 1796 >cujus
1808 1725 2036 1781 materia
2084 1732 2168 1783 est
2196 1728 2356 1798 panis

349 1815 615 1881 triticeus,
666 1819 721 1869 et
762 1814 950 1868 vinum
987 1814 1055 1867 de
1102 1816 1215 1867 vite
1264 1812 1477 1867 modica
1507 1828 1651 1884 aqua
1689 1814 2033 1884 permistum,
2081 1812 2160 1869 ita
2207 1815 2352 1887 quod

346 1919 490 1977 aqua
532 1908 774 1959 transeat
804 1903 857 1957 in
895 1903 1082 1957 vinum
1115 1918 1127 1955 ε
1169 1900 1298 1957 nam'
1324 1917 1470 1973 aqua
1502 1900 1775 1971 significat
1809 1901 2067 1974 populum
2096 1917 2353 1975 incorpo-

346 2001 524 2049 ratum
550 1991 783 2048 Christo.
813 1992 889 2047 De
920 1990 1027 2047 alio
1056 1998 1237 2045 autem
1278 2006 1418 2062 pane
1442 2005 1608 2061 quam
1649 1990 1838 2055 tritici,
1870 1996 1926 2044 et
1955 1990 2062 2045 alio
2092 1991 2216 2045 vino
2245 2006 2352 2046 non

346 2087 527 2155 potest
553 2080 657 2136 hoc
683 2079 874 2135 confici
914 2088 1335 2137 sacramentum.
1381 2079 1575 2134 Forma
1617 2084 1800 2133 autem
1831 2078 1991 2149 huJus
2023 2080 2351 2134 sacramenti

344 2177 467 2225 sunt
498 2170 615 2241 ipsa
635 2167 803 2223 verba
822 2167 1022 2223 Christi
1042 2167 1308 2223 dicentis:
1334 2187 1361 2219 α
1386 2168 1504 2222 Hoc
1518 2175 1602 2222 est
1617 2181 1818 2237 corpus
1839 2181 2019 2222 meum
2047 2184 2095 2236 n,
2119 2173 2175 2222 et
2201 2187 2226 2218 α
2246 2166 2352 2223 Hic

339 2267 428 2316 est
455 2257 605 2314 calix·
639 2256 919 2328 sanguinis
959 2256 1088 2321 mei,
1138 2256 1264 2312 novi
1312 2265 1367 2313 et
1414 2266 1608 2313 aeterm
1649 2262 1983 2321 testamenti,
2029 2256 2352 2328 mysterium

340 2347 491 2413 fidei,
520 2347 613 2419 qui
643 2362 741 2420 pro
771 2346 943 2403 vobis,
971 2354 1027 2401 et
1054 2362 1149 2417 pro
1182 2344 1367 2401 multis
1394 2344 1704 2401 effundetur
1733 2343 1787 2400 in
1816 2346 2190 2401 remissionem
2219 2360 2353 2417 pec-

339 2444 593 2491 catorum
623 2454 649 2487 »
680 2452 693 2488 ε
722 2433 816 2508 qui
845 2433 1101 2490 sacerdos
1132 2436 1187 2489 in
1218 2450 1448 2507 persona
1480 2434 1679 2490 Christi
1713 2433 1958 2507 loquens,
1990 2435 2094 2489 boc
2131 2433 2354 2491 conficit

339 2529 766 2586 sacramentum.
818 2523 1064 2577 Minister
1118 2530 1303 2578 autem
1351 2522 1680 2578 sacramenti
1732 2522 1894 2593 hujus
1938 2529 2024 2577 est
2073 2523 2348 2583 sacerdos,

340 2626 522 2683 neque
542 2610 741 2680 aliquis
770 2609 909 2664 alius
934 2616 1115 2681 potest
1138 2625 1338 2681 corpus
1364 2609 1564 2665 Christi
1590 2608 1879 2665 conficere.
1904 2610 2145 2665 Effectus
2169 2617 2354 2667 autem

335 2698 505 2771 hujus
528 2696 727 2768 duplex
754 2703 858 2763 est,
905 2712 1137 2769 quorum
1168 2690 1373 2767 primus
1402 2696 1654 2751 consistit
1692 2697 1746 2751 in
1783 2697 1904 2767 ipsa
1941 2693 2246 2755 consecrati

338 2787 673 2845 sacramenti
704 2799 865 2839 :nam
887 2785 1089 2838 virtute
1112 2784 1818 2855 praedictorumverborum
1843 2786 1997 2857 panis
2016 2715 2816 2844 convertam

338 2876 398 2931 in
434 2890 633 2947 corpus
669 2871 889 2938 Christi,
924 2877 979 2927 ει
1007 2871 1193 2926 vinum
1224 2870 1279 2926 in
1322 2872 1663 2942 sanguinem,
1698 2872 1774 2927 ita
1806 2880 1990 2927 tamen
2019 2875 2166 2947 quod
2210 2882 2356 2931 totus

340 2964 591 3021 Christus
629 2962 939 3019 continetur
964 2960 1067 3015 sub
1094 2959 1379 3032 speciebus
1408 2959 1566 3029 panis
1590 2973 1714 3031 quae
1743 2969 2025 3016 remanent
2063 2962 2184 3015 sine
2221 2962 2357 3017 sub-

334 3054 505 3125 ject0,
552 3058 607 3107 et
637 3057 785 3107 totus
813 3049 1061 3106 Christus
1107 3054 1417 3104 continetur
1465 3046 1569 3103 sub
1609 3046 1895 3119 speciebus
1935 3048 2047 3103 vini
2095 3065 2109 3105 τ
2159 3056 2215 3104 ει
2255 3050 2356 3105 sub

342 3140 590 3213 qualibet
630 3147 783 3210 parte
825 3138 1021 3194 host-im
1049 3142 1406 3201 consecratae,
1453 3141 1509 3190 et
1538 3134 1649 3190 vini
1680 3137 1986 3203 consecrati
2014 3137 2357 3209 separatione

342 3229 507 3295 facta,
555 3234 642 3285 εει
670 3234 819 3284 totus
848 3228 1113 3283 Christus.
1162 3225 1317 3281 Alius
1348 3228 1495 3281 ‘vero
1525 3224 1752 3281 effectus
1799 3225 1959 3296 hujus
2005 3226 2353 3289 sacramenti,

343 3332 508 3390 quem
550 3316 602 3371 in
651 3317 835 3371 anima
878 3315 1042 3385 digne
1085 3314 1353 3370 sumentis
1395 3314 1548 3380 facit,
1595 3320 1681 3371 εει
1721 3313 1980 3369 adunatio
2008 3312 2243 3367 hominis
2288 3312 2358 3367 ad

344 3405 637 3471 Christum,
668 3405 812 3459 sicut
836 3405 953 3475 ipse
976 3402 1133 3469 dicit,
1158 3404 1316 3458 Joan.
1344 3417 1403 3458 vr
1435 3419 1447 3455 :
1478 3403 1582 3468 Qui
1627 3402 1907 3458 manducat
1931 3416 2096 3455 meam
2123 3415 2358 3463 carnem,

344 3500 397 3550 et
422 3492 549 3547 bibit
586 3508 756 3547 meum
792 3490 1127 3564 sanquinem,
1172 3491 1232 3545 in
1258 3506 1341 3545 me
1366 3498 1569 3556 manet,
1599 3497 1649 3546 et
1683 3507 1771 3561 eqo
1802 3505 1861 3544 tn
1891 3504 1965 3543 eo.
1999 3488 2066 3543 Et
2091 3488 2222 3561 quia
2264 3504 2362 3557 per

343 3581 579 3655 gratiam
628 3581 787 3637 homo
842 3580 1058 3637 Christo
1116 3580 1516 3653 incorporatur,
1568 3586 1625 3635 et
1669 3578 1929 3634 membris
1972 3578 2093 3648 ejus
2153 3576 2358 3642 unitur,

330 3671 569 3741 ‘dignum
591 3677 675 3726 est
704 3669 852 3742 quod
887 3670 992 3725 hoc
1018 3676 1424 3725 sacramentum
1453 3666 1794 3723 sumentibus
1835 3665 1996 3736 digne
2033 3664 2218 3737 gratia·
2257 3678 2380 3729 au·-

329 3763 555 3829 4geatur.
588 3756 677 3813 Sic
704 3756 872 3828 igitur
901 3756 956 3811 in
994 3756 1097 3811 boc
1136 3760 1480 3811 sacramento
1519 3761 1603 3809 est
1641 3752 1850 3826 aliquid
1879 3750 2025 3826 quod
2059 3757 2143 3807 est
2168 3764 2360 3805 sacra-

330 3850 588 3901 mentum
627 3851 861 3912 tantum,
912 3843 1122 3900 scilicet
1156 3842 1276 3914 ipsa
1322 3842 1533 3914 species
1578 3842 1736 3915 panis
1781 3848 1839 3899 et
1885 3840 2018 3907 vini,
2060 3845 2117 3896 et
2153 3836 2362 3911 aliquid
