2850 4517
641 381 731 424 m.
778 397 857 414 --
897 383 974 427 ms
1016 382 1373 428 ramea-rus
1412 383 1797 444 σιῐΑιιιτΑτιε,
1845 386 1978 430 nro.
2199 371 2320 432 279

314 495 609 563 nationem,
634 496 829 554 Matth.
870 505 975 554 x'1x
1010 516 1022 552 :
1055 498 1195 564 Quos
1228 499 1381 556 'Deus
1408 499 1710 571 conjunxit,
1737 500 1887 556 bomo·
1931 519 2039 558 non
2078 487 2315 576 separet.

310 585 466 652 Item,
496 590 688 641 contra
724 586 931 647 EccleS.
962 593 1191 655 statuta,
1222 587 1307 645 vel
1349 598 1774 647 sacramentum.
1807 591 1892 646 Fit
1933 592 2078 648 enim
2119 594 2318 650 matri-

303 674 551 729 monium
577 674 634 728 in
658 674 799 730 facie
824 675 1103 742 Ecclesiae‚
1126 683 1183 732 et
1209 677 1332 733 ideo
1357 677 1651 734 adducitur
1675 678 1821 734 Deus
1846 673 2015 750 q‘uasi
2035 681 2089 736 in
2121 689 2317 738 testem

310 770 365 817 et
390 762 766 834 fidejussorem
807 763 876 819 de
917 765 1186 824 servanda
1214 765 1339 822 fide.
1369 765 1566 823 Malao.
1595 782 1642 822 11
1672 783 1684 820 ε
1719 765 1982 822 Dominus
2001 769 2320 839 testificatas

309 858 383 907 cat
418 849 568 905 inter
606 859 657 908 te
698 859 753 908 et
791 868 1011 916 uxorem
1053 853 1355 925 pubertatis
1398 861 1526 924 tuoe,
1557 869 1718 926 qaam
1759 861 1820 910 tu
1854 853 2158 926 despexisti,
2187 871 2320 926 ergo

210 1011 215 1015 ι
310 945 569 1012 peccatur
588 946 781 997 contra
810 939 1003 1012 legem,
1036 950 1230 999 contra
1258 949 1546 1009 statutum,
1575 951 1632 1000 et
1674 950 1867 999 contra
1909 952 2318 1000 sacramentum

307 1029 427 1084 Dei.
471 1029 745 1096 Secundo,
787 1038 979 1102 peccat
1024 1047 1122 1103 per
1164 1030 1550 1102 proditionem,
1594 1031 1726 1097 auia
1766 1030 2061 1105 dereliquit
2112 1031 2315 1088 virum.

307 1120 448 1189 Apo·
473 1118 498 1174 1
522 1117 769 1174 Corinth.
796 1134 881 1174 vu
912 1136 925 1173 t
958 1117 1164 1177 Mulier
1185 1118 1272 1175 sui
1295 1120 1536 1192 corporis
1559 1126 1869 1192 potestatem
1896 1135 2005 1174 non
2027 1120 2199 1185 habet,
2228 1119 2320 1174 sed

306 1206 393 1259 vir
418 1222 440 1262 .·
469 1199 590 1262 ideo
613 1207 781 1262 etiam
806 1223 907 1262 nec
925 1207 1241 1264 castitatem
1264 1223 1485 1266 servare
1514 1214 1695 1281 potest
1719 1209 1837 1264 sine
1865 1199 2134 1264 consensu
2165 1209 2266 1263 viri
2302 1226 2315 1262 ε

305 1299 361 1347 et
389 1293 517 1349 ideo
544 1294 590 1349 si
621 1294 945 1362 moechatur,
973 1295 1339 1368 proditionem
1367 1298 1665 1354 committit
1702 1297 1832 1353 dum
1875 1297 2114 1368 seipsam
2157 1297 2316 1352 alteri

308 1383 657 1449 tradit,sicut
680 1399 872 1439 servus
896 1385 1035 1442 dans
1054 1401 1114 1440 se
1138 1384 1297 1442 alteri
1327 1385 1745 1444 domin0.Prov.
1765 1402 1812 1442 u
1833 1385 2107 1457 :Reliquit
2133 1384 2316 1440 ducem

301 1470 604 1541 pubertatis
625 1487 757 1538 suoe,
778 1487 830 1529 et
852 1474 1001 1546 pacti
1025 1473 1127 1531 Dei
1158 1474 1247 1532 aui
1281 1473 1446 1532 oblita
1488 1481 1584 1532 est.
1617 1475 1825 1540 Tertio,
1848 1490 1948 1546 per
1991 1473 2122 1529 furti
2161 1488 2320 1528 com-

304 1560 643 1628 missionem,
670 1562 801 1634 quia
830 1578 895 1617 ex
924 1562 1103 1621 alieno
1128 1563 1247 1620 viro
1271 1564 1562 1620 constituit
1593 1563 1698 1618 sibi
1730 1562 1889 1628 filios,
1916 1569 1973 1618 et
1997 1561 2102 1616 hoc
2139 1561 2321 1628 maxi<-

302 1663 455 1702 mum
490 1647 697 1704 furtum
736 1656 841 1714 est,
882 1650 1013 1721 quia
1064 1656 1239 1706 totam
1289 1650 1667 1706 haereditatem
1695 1649 1794 1705 dat
1839 1649 2032 1705 alienis
2070 1647 2214 1703 filiis.
2249 1647 2318 1702 Et

305 1739 458 1798 nota,
486 1732 633 1806 quod
657 1732 763 1788 ista
801 1730 1025 1787 deberet
1066 1732 1310 1802 studere,
1336 1733 1486 1805 quod
1530 1732 1626 1789 filii
1669 1734 1940 1790 intrarent
1979 1734 2316 1805 religionem,

304 1821 390 1880 vel
414 1819 625 1892 aliquid
651 1818 801 1876 aliud
829 1819 1090 1885 facerent,
1124 1821 1203 1875 ita
1232 1821 1378 1893 quod
1409 1821 1464 1875 in
1491 1821 1648 1877 honis
1665 1822 1772 1876 viri
1800 1834 1910 1878 non
1937 1819 2318 1878 succederent.

300 1910 403 1966 Est
433 1923 566 1978 ergo
592 1907 784 1962 mulier
813 1907 1111 1973 moechans,
1144 1906 1432 1979 sacrilega,
1466 1908 1754 1979 proditrix,
1771 1907 2025 1964 furatrix.
2049 1908 2163 1965 Viri
2190 1922 2320 1963 vero

298 2002 544 2070 peccant
568 2010 674 2050 non
706 1994 883 2051 minus
910 2010 1077 2068 quam
1105 2010 1323 2064 uxoreS,
1356 1995 1486 2054 licet
1513 1995 1616 2052 sibi
1656 1996 1984 2069 quandoque
2028 1994 2322 2070 blandian-

303 2096 419 2151 tur,
445 2085 593 2157 quod
624 2090 773 2153 patet
798 2099 865 2139 ex
894 2083 1089 2142 tribus.
1114 2085 1314 2152 Primo,
1331 2100 1400 2140 ex
1427 2084 1748 2156 aequalitate
1776 2100 1943 2158 quam
1967 2084 2152 2141 habet.
2177 2086 2320 2140 Nam

302 2177 397 2232 vir
418 2173 511 2229 sui
533 2173 773 2242 corporis
788 2177 1102 2244 potestatem
1122 2189 1231 2230 mn
1245 2172 1418 2238 habet,
1430 2172 1520 2228 sed
1540 2172 1756 2239 mulier,
1772 2178 1832 2230 ut
1857 2172 1964 2228 dici
1973 2180 2080 2230 tur.
2094 2172 2118 2227 1
2133 2173 2316 2228 Corin.

306 2280 411 2322 vn.
440 2263 510 2318 Et
545 2261 672 2320 ideo
695 2268 889 2317 neuter
926 2269 1109 2334 potest
1152 2261 1358 2334 aliquid
1403 2260 1586 2319 facere
1623 2262 1741 2317 sine
1779 2260 2011 2317 alterius
2053 2276 2321 2317 consensu

308 2358 577 2427 quantum
601 2348 672 2408 ad
694 2351 1125 2406 matrimonium.
1158 2349 1225 2405 Et
1252 2349 1323 2406 ad
1353 2348 1458 2405 hoc
1481 2349 1902 2420 significandum
1922 2350 2070 2406 Deus
2111 2364 2218 2406 non
2250 2349 2321 2405 de

206 2483 211 2488 -
309 2442 469 2514 pede,
500 2439 586 2496 vel
613 2439 815 2510 capite,
847 2439 946 2494 sed
969 2437 1037 2494 de
1062 2445 1216 2496 costa
1246 2437 1533 2494 mulierem
1561 2438 1839 2496 formavit.
1861 2438 2091 2497 Etideo
2125 2439 2322 2494 matri-

310 2529 557 2586 monium
579 2542 854 2600 nunquam
872 2532 1078 2584 statum
1110 2515 1412 2600 perfectum
1441 2527 1652 2594 habuit,
1682 2527 1786 2583 nisi
1831 2528 1886 2583 in
1917 2527 2034 2600 lege
2074 2528 2276 2584 Christi
2305 2543 2321 2581 ε

310 2619 442 2692 quia
480 2617 703 2678 Judaeus
749 2631 891 2674 unus
931 2616 1117 2688 plures
1168 2615 1409 2672 habebat
1447 2631 1668 2682 uxoreS‚
1691 2617 1788 2678 sed
1823 2632 1959 2672 uxor
1997 2632 2102 2674 non
2136 2617 2323 2688 plures

311 2708 479 2775 viros,
502 2713 558 2762 ot
596 2704 718 2761 ideo
751 2720 859 2760 non
900 2711 1023 2759 erat
1056 2703 1366 2776 aequalitas.
1404 2703 1674 2769 Secundo,
1707 2720 1775 2759 ex
1817 2704 1920 2758 viri
1976 2704 2320 2769 fortitudine,

313 2797 441 2868 quia
463 2794 686 2867 propria
713 2794 897 2867 passio
920 2790 1211 2849 mulierum
1236 2798 1322 2846 est
1346 2791 1814 2862 concupiscentia.
1841 2792 1865 2845 1
1889 2792 2006 2846 Pet.
2045 2805 2112 2846 ιιι
2146 2807 2159 2843 :
2198 2790 2323 2845 Viri

312 2883 567 2940 similiter
583 2881 941 2939 cohabitantes
964 2877 1249 2934 secundum
1284 2876 1564 2933 scientiam
1599 2877 1751 2949 quasi
1779 2876 2080 2947 infirmiori
2111 2877 2322 2932 vasculo

314 2971 563 3032 muliebri
589 2970 959 3044 impartientes
984 2970 1253 3026 honorem.
1284 2965 1354 3021 Et
1376 2965 1501 3021 ideo
1532 2965 1575 3022 si
1602 2965 1746 3037 petis
1775 2965 1846 3020 ab
1875 2979 2060 3030 uxore,
2086 2965 2231 3036 quod
2262 2969 2322 3020 tu

314 3077 419 3121 non
447 3061 536 3117 vis
575 3075 817 3127 servare,
848 3058 1052 3130 frangis
1088 3056 1273 3112 fidem.
1311 3053 1517 3120 Tertio,
1543 3070 1610 3108 ex
1651 3053 1770 3125 ejus
1808 3053 2160 3120 auctoritate,
2189 3052 2322 3124 quia

320 3151 395 3206 vir
424 3156 513 3206 est
540 3155 707 3222 caput
733 3147 979 3204 mulieris
1004 3164 1017 3204 t
1050 3143 1197 3200 unde
1226 3141 1484 3200 mulieres
1507 3157 1614 3198 non
1643 3141 1850 3202 debent,
1874 3141 2021 3214 loqui
2048 3141 2101 3198 in
2125 3141 2323 3198 Eccle-

317 3239 413 3306 sia,
459 3238 557 3296 sed
598 3237 745 3293 domi
783 3235 929 3292 viros
966 3237 1324 3306 interrogare,
1356 3239 1418 3287 ut
1463 3231 1666 3287 dicitur
1712 3230 1736 3285 1
1776 3229 2022 3289 Corinth.
2069 3246 2192 3288 xlv.
2223 3231 2322 3289 Est

318 3342 447 3398 ergo
488 3327 574 3383 vir
608 3326 801 3383 doctor
839 3323 1102 3390 mulieris,
1129 3329 1187 3380 et
1230 3323 1355 3386 ideo
1394 3322 1546 3378 Deus
1601 3324 1936 3392 praeceptum
1972 3319 2126 3374 dedit
2177 3319 2320 3375 viro.

317 3414 490 3490 Magis
536 3420 723 3472 autem
762 3418 953 3486 peccat
990 3412 1249 3480 sacerdos
1290 3424 1456 3484 quam
1499 3409 1688 3476 laicuS,
1716 3416 1772 3464 et
1819 3407 2108 3479 episcopus
2156 3419 2324 3478 quam

319 3505 597 3569 sacerdos,
625 3505 670 3560 si
700 3520 805 3560 non
833 3509 1053 3560 servant
1080 3516 1207 3576 quae
1242 3500 1462 3566 debent,
1496 3499 1627 3572 quia
1651 3496 1851 3554 docere
1879 3495 2017 3552 alios
2061 3495 2132 3550 ad
2175 3495 2324 3566 ipsos

320 3593 576 3664 pertinet.
608 3597 655 3650 A
681 3592 865 3660 simili,
896 3593 942 3648 si
989 3590 1069 3646 vir
1099 3589 1421 3655 moechatur,
1452 3588 1653 3658 frangit
1697 3586 1859 3642 fldem
1903 3599 2012 3640 non
2053 3583 2323 3640 servando

322 3695 385 3738 ea
410 3697 537 3754 quae
558 3681 741 3738 dehet.
768 3681 871 3737 Sed
922 3687 1105 3736 tamen
1141 3692 1339 3734 uxores
1385 3677 1674 3734 attendant
1702 3674 1772 3732 ad
1811 3673 1866 3729 id
1898 3669 2046 3745 quod
2074 3669 2322 3726 Christus

324 3768 456 3826 dicit
484 3770 675 3828 Matth.
706 3783 862 3829 xxm
896 3785 909 3824 ε
938 3766 1133 3826 Omnia
1173 3781 1504 3837 quoecumquc
1544 3763 1787 3820 dixerint
1831 3759 1996 3825 vobis,
2018 3763 2226 3814 servate
2266 3765 2318 3816 et

323 3857 501 3927 facite,
524 3857 806 3914 secuudum
824 3873 987 3930 opera
1008 3871 1133 3912 vero
1156 3870 1339 3912 eorum
1366 3853 1528 3910 nolite
1554 3851 1753 3924 facere.

336 4001 343 4010 .
393 3945 515 4008 Non
541 3947 898 4004 maechaberis.
920 3946 1071 4004 Sicut
1092 3944 1299 4004 dictum
1323 3948 1430 4010 est,
1455 3941 1604 4006 Deus
1634 3946 1746 4004 tam
1769 3938 1902 3996 viris
1925 3950 2093 4012 quam
2121 3935 2320 3995 mulie-
