2850 4517
539 350 659 415 224
1016 362 1069 408 s.
1094 361 1346 407 *monas
1387 361 1714 453 ffoumarrs
1759 359 2067 404 oruscum

543 480 715 543 verba
744 480 1053 540 intellectus
1073 478 1245 537 nostri
1274 481 1405 535 sunt
1427 477 1620 544 multa,
1649 475 1745 532 sed
1776 475 1925 532 Deus
1951 474 2136 534 omnia
2157 474 2322 536 simul
2347 475 2573 534 intelli-

542 570 643 645 git,
671 579 728 626 et
752 569 915 626 unico
939 575 1087 634 actu,
1119 565 1250 640 quia
1278 567 1398 637 eius
1419 564 1724 638 intelligere
1748 579 1857 620 non
1882 570 2064 636 potest
2084 579 2208 621 esse
2231 565 2338 621 nisi
2364 583 2567 633 unum,

542 674 669 716 cum
697 658 769 716 sit
798 653 956 714 suum
992 671 1132 722 esse,
1168 654 1313 712 unde
1347 654 1599 729 sequitur
1629 652 1776 727 quod
1804 653 1859 709 in
1889 653 2003 710 Deo
2027 653 2100 709 sit
2128 669 2298 712 unum
2327 654 2567 712 verbum

542 754 778 804 tantum.
816 745 1057 803 Ulterius
1084 750 1170 802 est
1207 741 1606 802 consideranda
1651 741 1758 799 alia
1785 741 2113 809 differentia,
2152 742 2301 815 quod
2343 742 2570 801 scilicet

543 834 769 894 verbum
798 834 1108 892 intellectus
1132 833 1307 891 nostri
1334 848 1446 889 non
1475 831 1731 904 adaequat
1773 829 2081 888 intellectus
2107 831 2392 898 virtutem,
2425 833 2572 906 quia

542 934 668 983 cum
703 923 909 998 aliquid
946 931 1129 980 mente
1160 921 1520 994 concipimuS,
1553 919 1732 977 a'dhuc
1759 934 2047 992 possumus
2073 919 2182 976 alia
2213 919 2386 977 multa
2417 936 2572 978 con-

542 1014 726 1087 cipere
756 1030 771 1071 :
802 1012 946 1070 unde
971 1010 1198 1068 verbum
1221 1010 1396 1068 nostri
1425 1008 1737 1078 intellectus
1771 1007 2154 1080 imperfectum
2185 1015 2288 1075 est,
2319 1013 2391 1064 et.
2407 1009 2474 1065 in
2497 1025 2570 1066 eo

544 1107 727 1177 potest
762 1099 1085 1173 compositio
1113 1098 1391 1164 accidere,
1418 1097 1552 1154 dum
1587 1113 1656 1154 ex
1689 1094 1877 1154 multis
1905 1094 2242 1169 imperfectis
2275 1096 2360 1154 sic
2388 1113 2572 1154 unum

544 1190 772 1250 verbum
797 1187 1111 1264 perfectius,
1150 1187 1461 1245 sicut·cum
1499 1185 1811 1243 intellectus
1843 1185 2084 1258 concipit
2112 1184 2354 1258 aliquam
2381 1201 2569 1241 enun-

478 1324 483 1334 .
539 1279 858 1345 ciationem,
886 1291 984 1332 seu
1026 1275 1399 1332 definitionem
1439 1273 1672 1346 alicujus
1712 1273 1791 1330 rei
1838 1289 1853 1329 ε
1897 1273 1992 1330 sed
2029 1272 2266 1329 Verbum
2307 1273 2568 1331 divinum

544 1369 801 1440 adoequat
841 1363 1103 1422 virtutem
1133 1363 1255 1430 Dei,
1284 1363 1415 1436 quia
1443 1379 1540 1436 per
1567 1377 1724 1420 suam
1755 1361 2052 1420 essentiam
2079 1361 2320 1435 seipsum
2346 1362 2568 1419 intelli-

545 1457 644 1527 git,
676 1461 733 1510 et
758 1453 941 1510 omnia
968 1450 1076 1509 alia
1106 1466 1122 1507 ε
1152 1450 1294 1508 unde
1320 1458 1529 1525 quanta
1561 1457 1646 1508 est
1661 1451 1931 1517 essentia,
1963 1456 2180 1507 tantum
2207 1455 2292 1506 est
2314 1449 2568 1526 Verbum

544 1542 694 1617 quod
718 1540 958 1615 concipit
982 1556 1077 1614 per
1110 1529 1405 1596 essentiam
1437 1554 1593 1596 suam
1622 1553 1704 1609 se,
1743 1538 2016 1596 etomnia
2039 1538 2148 1595 alia
2176 1535 2564 1608 intelligendo.

546 1631 643 1688 Est
670 1644 800 1702 ergo
843 1629 1144 1703 perfectum
1183 1627 1413 1702 simplex
1455 1640 1515 1686 et
1553 1627 1769 1700 aequale
1796 1628 1930 1696 Deo,
1962 1633 2022 1682 et
2054 1626 2158 1684 hoc
2187 1626 2423 1685 Verbum
2457 1618 2570 1700 Dei

547 1718 720 1775 lilium
748 1717 1089 1776 nominamus
1116 1717 1329 1774 ratione
1366 1718 1484 1789 jam
1529 1715 1700 1784 dicta,
1726 1715 1873 1791 quod
1915 1717 2160 1790 ejusdem
2188 1723 2400 1776 naturae
2428 1735 2567 1778 cum

548 1814 705 1883 patre
745 1813 801 1865 et
841 1807 986 1881 patri
1024 1812 1359 1872 coaeternum
1406 1805 1747 1878 unigenitum
1793 1812 1851 1862 et
1877 1803 2180 1882 perfectum
2207 1805 2562 1872 confitemur.

1316 1975 1600 2046 CAPUT
1666 1976 1761 2047 IV
1764 2025 1783 2049 .

692 2119 979 2200 Qualiter
1002 2121 1072 2184 in
1098 2119 1325 2185 divinis
1344 2120 1432 2182 ait
1452 2119 1802 2200 accipienda
1820 2120 2119 2200 processio
2145 2119 2426 2202 Spiritus

1142 2207 1357 2272 Sancti
1390 2225 1432 2270 a
1455 2209 1650 2272 Patre
1681 2213 1745 2294 015¹
1764 2207 1957 2275 Filio.
1983 2286 1992 2293 .

619 2345 718 2400 Est
758 2348 943 2422 autem
970 2340 1427 2398 considerandum
1466 2341 1713 2410 alteriue,
1757 2342 1904 2416 quod
1942 2357 2158 2400 omnem
2186 2343 2564 2416 cognitionem

546 2433 800 2506 sequitur
819 2429 1005 2503 aliqua
1029 2429 1329 2502 appetitiva
1348 2430 1615 2503 operatio.
1641 2431 1790 2487 Inter
1810 2445 1998 2490 omnes
2021 2439 2207 2489 autem
2225 2434 2563 2505 appetitivas

546 2519 894 2594 operationes
928 2517 1205 2580 invenitur
1246 2533 1399 2575 amor
1439 2533 1562 2576 esse
1607 2518 1953 2592 principium,
1996 2534 2106 2593 quo
2125 2519 2350 2595 ,sublato
2377 2537 2564 2598 neque

548 2607 809 2682 gaudium
840 2605 965 2675 erit,
996 2607 1040 2664 si
1072 2606 1395 2680 adipiscitur
1420 2607 1622 2680 aliquia
1653 2607 1800 2681 quod
1829 2623 1938 2669 non
1977 2617 2130 2666 amat
2161 2625 2177 2665 ε
2213 2624 2396 2683 neque
2425 2613 2564 2669 tris-

542 2696 695 2764 titia,
728 2696 775 2752 si
814 2695 1147 2768 impediatur
1179 2694 1251 2754 ab
1276 2708 1342 2752 eo
1369 2696 1518 2769 quod
1551 2702 1721 2765 amat,
1751 2685 1796 2752 si
1835 2696 2096 2754 videlicet
2127 2711 2282 2755 amor
2309 2699 2564 2768 tollatur,

547 2792 606 2842 et
644 2801 742 2859 per
785 2799 1125 2860 consequens
1166 2783 1433 2841 tolluntur
1458 2800 1647 2842 omnes
1679 2785 1996 2859 appetitivae
2024 2787 2391 2859 operationes,
2433 2806 2568 2864 quas

547 2875 788 2948 quodam
824 2874 983 2931 modo
1007 2873 1077 2930 ad
1110 2874 1393 2932 tristitiam
1416 2880 1474 2931 et
1497 2874 1758 2945 gaudium
1780 2872 2111 2944 referuntur.
2140 2875 2277 2932 Gum
2303 2875 2481 2948 igitur
2509 2880 2568 2942 in

548 2964 663 3020 Deo
690 2964 764 3020 sit
803 2962 1046 3037 perfecta
1071 2963 1331 3034 cognitio,
1358 2968 1577 3035 oportet
1603 2961 1773 3018 etiam
1815 2962 1871 3017 in
1908 2977 1975 3018 eo
2009 2978 2214 3035 ponere
2252 2964 2569 3038 perfectum

550 3066 814 3120 amorem,
849 3051 903 3106 in
932 3065 1041 3123 quo
1078 3050 1301 3123 quidem
1334 3064 1624 3123 processus
1645 3049 1945 3106 secundum
1969 3051 2328 3124 appetitivam
2356 3068 2572 3128 opera-

549 3140 757 3195 tionem
784 3138 1125 3210 exprimitur,
1156 3139 1300 3195 sicut
1328 3145 1381 3194 et
1417 3138 1475 3194 in
1507 3137 1675 3194 verbo
1702 3153 1800 3211 per
1823 3141 2196 3212 operationem
2221 3139 2568 3202 intellectus.

547 3226 647 3282 Est
683 3235 869 3284 autem
916 3226 1249 3286 attendenda
1292 3225 1602 3284 differentia
1647 3226 1900 3300 quaedam
1946 3227 2089 3285 inter
2130 3228 2572 3290 intellectualem

550 3313 921 3386 operationem
951 3323 1007 3374 et
1033 3315 1390 3388 appetitivam
1430 3331 1445 3370 ε
1485 3330 1613 3372 nam
1648 3314 1896 3387 operatio
1921 3314 2250 3385 intellectus,
2279 3324 2340 3374 et
2379 3322 2574 3378 omnis

548 3402 769 3459 omnino
799 3402 1077 3474 cognitiva
1103 3401 1349 3474 operatio
1380 3402 1689 3477 completur
1714 3419 1811 3476 per
1837 3402 1960 3474 hoc,
1991 3406 2138 3477 quod
2167 3395 2572 3478 cognoscibilia

548 3491 611 3548 in
640 3498 1002 3562 cognoscente
1032 3490 1436 3564 quodammodo
1461 3490 1706 3548 existunt
1731 3490 1942 3548 scilicet
1977 3492 2257 3551 sensibilia
2283 3495 2342 3550 in
2371 3509 2570 3566 sensu,

548 3585 605 3640 et
630 3578 990 3652 intelligibilia
1014 3579 1069 3635 in
1094 3578 1395 3636 intellectu.
1420 3579 1684 3654 Operatio
1715 3587 1906 3652 autem,
1926 3581 2228 3655 appetitiva
2250 3583 2574 3656 completur

548 3668 851 3728 secundum
878 3668 1171 3742 quemdam
1198 3667 1464 3737 ordinem,
1493 3667 1580 3726 vel
1609 3674 1817 3752 mptum
1839 3669 2152 3742 appetentis
2172 3670 2242 3726 ad
2269 3686 2358 3726 res
2384 3686 2576 3746 appe-

549 3757 675 3814 titui
705 3757 968 3829 obiectas.
997 3756 1075 3813 Ea
1100 3743 1230 3813 vero
1256 3771 1383 3829 quae
1406 3756 1611 3814 habent
1635 3756 1910 3820 occultum
1951 3758 2280 3832 principium
2319 3758 2409 3815 sui
2443 3776 2580 3818 mo-

550 3851 658 3913 tus,
690 3844 917 3918 spiritus
950 3859 1147 3903 nomen
1178 3846 1454 3918 accipiunt
1485 3863 1500 3903 ε
1529 3846 1613 3902 sic
1647 3846 1793 3902 enim
1831 3839 1980 3902 ve'nti
2016 3847 2245 3922 spiritus
2275 3846 2575 3921 dicuntur,

550 3932 681 4002 quia
704 3947 895 3990 eorum
920 3933 1247 4008 principium
1266 3949 1374 3991 non
1400 3943 1650 4012 apparet.
1677 3935 1986 4010 Respiratio
2012 3935 2181 3994 etiam
2203 3937 2574 4010 arteriarum,
