2850 4517
804 430 917 479 vn.
942 447 1025 465 -
1048 433 1130 478 ιιιι
1168 434 1450 483 armeno
1487 434 1938 479 ¹-Avos'ronoium
2256 418 2374 479 407

369 547 540 605 frater
578 551 785 616 noster,
824 547 975 607 filius
1006 549 1107 605 Dei
1145 549 1343 607 faetus
1359 551 1444 605 es‘t
1479 548 1621 629 iilius
1644 545 2374 608 hominis.Joan.111:Sie

368 638 513 699 Dm
534 636 726 694 dilexit
753 638 1027 704 mundum,
1064 644 1127 696 ut
1158 638 1335 711 filium
1368 655 1523 696 suum
1547 638 1884 711 unigenitum
1925 637 2139 696 daret:
2167 643 2223 695 et
2250 640 2374 697 ideo

368 743 437 783 ex
458 726 623 799 hujus
650 727 1094 785 consideratione
1131 744 1284 785 amor
1314 728 1602 785 reaccendi
1628 728 1810 791 debet,
1847 734 1904 784 et
1939 724 2263 785 inflammari
2305 730 2374 786 ad

368 817 564 872 Deum.
590 814 817 885 Quarto,
844 816 1157 873 inducimur
1177 818 1246 874 ad
1274 802 1602 875 'servandam
1626 816 1816 889 puram
1842 816 2080 873 animam
2107 823 2373 879 nostram.
2395 806 2402 811 ’

370 904 429 959 ln
455 909 671 961 tantum
698 904 845 961 enim
872 912 1071 963 natura
1098 913 1285 963 nostra
1320 906 1423 962 fuit
1453 904 1739 962 nobilitata
1767 913 1824 963 et
1857 905 2102 963 exaltata
2143 922 2212 962 ex
2241 922 2374 963 eon-

364 992 647 1065 junetione
692 992 763 1049 ad
803 994 998 1062 Deum,
1044 995 1190 1068 quod
1248 994 1351 1051 suit
1390 996 1486 1052 ad·
1505 995 1842 1052 consortium
1883 993 2086 1053 divinae
2127 1010 2376 1068 personae

250 1088 255 1091 '
366 1086 623 1155 suscepta
653 1098 668 1137 ι
694 1082 840 1139 unde
862 1083 1101 1156 Angelus
1129 1086 1251 1157 post
1279 1082 1710 1141 incarnationem
1733 1082 1909 1140 noluit
1931 1082 2201 1141 sustinere
2228 1084 2376 1158 quod

366 1169 559 1228 beatus
576 1171 813 1228 Joannes
835 1172 1093 1230 adoraret
1110 1188 1256 1237 eum,
1282 1172 1428 1245 quod
1446 1180 1574 1229 ante
1595 1174 1930 1231 sustinuerat
1953 1170 2120 1229 ctiam
2141 1188 2175 1229 a
2194 1173 2377 1229 maxi-

366 1257 471 1317 mis
489 1259 823 1317 Patriarchis
852 1276 867 1315 t
898 1260 1022 1317 ideo
1046 1260 1209 1317 homo
1232 1260 1393 1334 hujus
1420 1260 1810 1319 exaltationem
1833 1258 2082 1319 recolens
2105 1266 2160 1317 et
2186 1266 2376 1317 atten-

328 1348 520 1417 ,dens,
564 1348 728 1405 debet
759 1348 1043 1421 dedignari
1074 1349 1338 1407 vilificare
1372 1350 1454 1416 se,
1486 1356 1542 1406 et
1573 1358 1826 1407 naturam
1857 1348 2014 1407 suam
2050 1364 2377 1423 per-pccca-

356 1444 485 1493 ·tum
528 1454 544 1493 ι
587 1437 713 1495 ideo
753 1436 887 1495 dicit
922 1438 1119 1496 beatus
1153 1440 1295 1508 Pet„
1333 1440 1383 1495 ΙΙ
1419 1439 1566 1496 Petri
1605 1454 1628 1496 1
1667 1434 1821 1497 :Per
1861 1454 2012 1512 quem
2045 1437 2287 1495 maxim
2323 1444 2378 1495 et

360 1525 598 1599 pretiosa
654 1526 803 1583 nobis
835 1528 1101 1601 promissa
1160 1526 1403 1595 donavit,
1444 1534 1508 1586 ut
1551 1542 1654 1601 per
1692 1528 1786 1585 hoc
1839 1528 2130 1600 efficiamur
2173 1526 2375 1583 divinar

364 1621 627 1671 consortes
642 1622 879 1682 naturoe,
902 1616 1261 1689 confuyientes
1278 1617 1393 1688 ejus
1410 1632 1526 1689 quoe
1545 1616 1600 1672 ιἰι
1627 1617 1824 1673 mundo
1847 1624 1920 1674 est
1939 1616 2374 1691 concupiscentiae

360 1697 779 1777 corruptionem.
826 1706 1049 1773 Quinte,
1104 1720 1173 1759 ex
1210 1704 1301 1759 his
1342 1704 1731 1785 inflammatur·
1755 1705 2088 1763 desiderium
2125 1712 2378 1774 nostrum

360 1792 431 1849 ad
468 1792 895 1866 perveniendum
922 1793 993 1847 ad
1028 1792 1324 1849 Christum.
1367 1791 1424 1849 Si
1459 1793 1605 1848 enim
1633 1792 1836 1866 aliquis
1875 1810 1972 1849 rex
2013 1802 2159 1849 esset
2203 1794 2377 1850 frater

362 1880 616 1954 aiicujus,
648 1887 704 1936 et
728 1888 873 1937 esset
902 1886 1141 1947 remotus
1159 1880 1230 1937 ab
1252 1896 1337 1948 eo,
1370 1880 1710 1937 desideraret
1737 1881 1828 1935 iile
1853 1880 2008 1953 cujus
2036 1880 2207 1937 frater
2229 1888 2378 1937 esset

358 1986 479 2037 rex,
516 1970 589 2025 ad
630 1985 755 2025 eum
796 1968 1002 2035 venire,
1038 1976 1095 2025 et
1130 1969 1273 2043 apud
1312 1973 1439 2024 eum
1471 1982 1619 2037 esse,
1664 1976 1721 2025 et
1751 1984 1970 2025 manere
1999 1986 2016 2025 ι
2044 1969 2216 2038 unde,
2248 1984 2377 2025 curn

360 2058 615 2115 Christus
650 2058 725 2114 sit
759 2057 928 2115 frater
962 2064 1167 2126 noster,
1210 2056 1474 2113 debemus
1513 2054 1830 2113 desiderare
1873 2072 1994 2113 esse
2030 2074 2156 2114 cum
2189 2072 2274 2127 eo,
2319 2068 2377 2115 et

360 2147 618 2219 conjungi
648 2147 719 2202 ei.
744 2147 939 2212 Matth.
976 2162 1125 2204 xxiv
1151 2162 1165 2203 :
1206 2146 1522 2219 Ubicumque
1555 2145 1733 2219 fuerat
1757 2162 1968 2219 cor-pus,
1997 2146 2122 2203 illuc
2151 2161 2374 2220 conqre-

360 2234 633 2307 qabuntur
666 2242 717 2293 et
760 2234 1009 2309 aquiloe:
1052 2244 1109 2293 et
1150 2235 1474 2309 Apostolus
1486 2235 1819 2292 desiderium
1845 2234 2082 2292 habebat
2125 2235 2374 2303 dissolvi,

360 2330 421 2380 et
452 2340 572 2381 esse
600 2340 727 2381 cum
762 2325 979 2381 Christo
1022 2341 1037 2381 t
1078 2324 1225 2398 quod
1264 2326 1486 2398 quidem
1527 2324 1861 2381 desiderium
1889 2324 2088 2381 crescit
2121 2324 2178 2381 in
2215 2324 2376 2381 nobis

361 2406 757 2471 considerando
780 2410 1212 2470 incarnationem
1240 2415 1379 2486 ejus.
2291 2450 2294 2453 -

358 2540 369 2545 -
428 2502 645 2560 Passus
650 2502 745 2559 sub
771 2502 969 2561 Pontio
995 2502 1198 2570 Pilato,
1221 2503 1540 2576 crucifixus,
1557 2508 1826 2570 mortuus,
1852 2510 1904 2561 et
1929 2504 2184 2577 sepultas.
2215 2504 2372 2563 Sicut

359 2594 734 2649 necessarium
762 2598 847 2648 est
887 2593 1195 2650 Christiano
1233 2593 1379 2667 quod
1409 2593 1600 2651 credat
1638 2594 2072 2651 incarnationem
2112 2595 2207 2651 filii
2249 2596 2373 2663 Dei,

360 2681 441 2739 ita'
470 2695 629 2738 neces
630 2682 837 2742 sarium
865 2688 949 2737 est
975 2681 1121 2754 quod
1146 2682 1337 2738 credat
1366 2682 1676 2754 passionem
1703 2684 1824 2755 ejus
1850 2689 1906 2737 et
1935 2692 2208 2741 mortem·
2241 2686 2376 2758 quia

360 2766 506 2827 sieut
542 2762 676 2826 dicit
705 2770 996 2841 Gregorst
1028 2789 1055 2821 α
1095 2768 1243 2825 Nihil
1270 2769 1428 2825 nobis
1453 2768 1606 2826 nasci
1629 2770 1852 2842 profuit,
1885 2771 1987 2827 nisi
2017 2773 2210 2829 redimi
2240 2785 2375 2853 pro-'-

359 2854 574 2917 fuisset.
605 2878 633 2911 ιο
658 2859 773 2914 Hoc
798 2863 985 2914 autem
1012 2856 1224 2913 scilicet·
1243 2857 1388 2931 quod
1414 2857 1662 2914 Christus
1685 2874 1784 2931 pro
1807 2857 1964 2915 nobis
1989 2868 2074 2915 est
2100 2868 2372 2935 mortuae,

362 2950 442 3005 ita
476 2957 559 3006 est
586 2949 837 3023 arduum,
869 2946 1015 3019 quod
1042 2943 1135 3005 vix
1172 2951 1354 3019 potest
1380 2945 1690 3003 intellectus
1713 2950 1898 3003 noster
1926 2962 2122 3025 capere
2161 2965 2175 3003 ι
2205 2950 2372 3008 ἰιιιιιιο

362 3033 513 3095 nuno
536 3039 697 3095 modo
721 3038 869 3095 cadit
900 3039 952 3093 in
976 3036 1255 3093 intellectu
1284 3040 1491 3093 nostro.
1523 3035 1593 3091 Et
1615 3035 1719 3092 hoc
1745 3044 1829 3094 est
1857 3038 2002 3111 quod
2032 3036 2168 3095 dicit
2189 3042 2374 3112 Apos-

292 3150 297 3154 ·
362 3124 527 3199 tolus,
556 3117 795 3205 Actuum
834 3144 945 3184 xm
978 3144 992 3182 :
1030 3126 1175 3199 Opus
1200 3120 1393 3205 operor
1417 3141 1507 3198 eqo
1542 3124 1604 3181 ιἰι
1639 3125 1818 3182 diebus
1843 3125 2054 3193 vestris,
2075 3144 2205 3201 opus
2235 3129 2374 3202 quod

361 3214 469 3273 non
496 3218 716 3291 credetis
736 3216 785 3272 si
807 3217 924 3289 quis
950 3215 1295 3272 enarraverit
1317 3213 1476 3270 vobis.
1495 3214 1564 3271 Et
1577 3214 1890 3272 Habacuch.
1910 3232 1931 3272 1
1955 3234 1975 3271 ι
2001 3217 2146 3289 Opus
2166 3218 2373 3289 sactum

355 3314 441 3363 *eat
474 3307 533 3361 in
564 3297 747 3361 diebus
770 3305 979 3370 vestris,
1011 3306 1147 3377 quod
1175 3321 1320 3361 nemo
1352 3304 1528 3361 credet
1563 3320 1680 3360 cum
1703 3304 2048 3362 narrabitur.
2081 3307 2256 3363 Tanta
2286 3312 2372 3363 est

363 3395 511 3453 enim
542 3393 721 3467 gratia
748 3395 849 3451 Dei
873 3400 930 3450 et
956 3408 1109 3451 amor
1137 3395 1207 3451 ad
1235 3409 1360 3462 nos;
1380 3392 1527 3466 quod
1555 3392 1719 3467 plus
1705 3410 1820 3467 ipse
1846 3393 1976 3450 fecit
1999 3394 2172 3461 nobiS‚
2205 3411 2372 3469 quam

363 3494 653 3559 possumus
678 3476 999 3567 intelligere.
1028 3484 1150 3539 Non
1182 3488 1363 3539 tamen
1390 3482 1653 3539 debemus
1678 3482 1920 3550 credere,
1955 3483 2098 3556 quod
2123 3483 2374 3541 Christus

364 3575 442 3631 ita
468 3574 787 3639 sustinuerit
816 3578 1047 3628 mortem
1076 3572 1221 3644 quod
1251 3572 1429 3629 deitas
1451 3580 1668 3631 mortua
1695 3573 1788 3639 sit,
1829 3573 1926 3629 sed
1959 3573 2104 3646 quod
2133 3560 2410 3631 humana

365 3671 561 3720 natura
588 3664 642 3718 in
668 3662 789 3740 ipso
818 3666 1032 3737 mortua
1056 3661 1149 3717 sit.
1178 3662 1299 3717 Non
1332 3662 1477 3717 enim
1503 3669 1752 3718 mortuus
1773 3668 1857 3719 est
1896 3662 2193 3718 secundum
2223 3662 2369 3735 quod

364 3740 512 3809 Deus
538 3756 674 3820 erat,
702 3751 797 3808 sed
822 3748 1120 3833 secundum
1140 3750 1283 3823 quod
1309 3748 1509 3806 homo:
1537 3756 1594 3807 et
1619 3750 1724 3807 hoc
1753 3756 1902 3825 patet
1927 3767 2023 3823 per
2049 3751 2154 3809 tria
2179 3766 2366 3807 exem-

256 3892 261 3897 .
363 3843 473 3916 pla.
504 3824 702 3899 Unum
712 3832 797 3897 ¹est
836 3842 909 3896 in
930 3838 1104 3913 nobis.
1146 3840 1372 3895 Constat
1400 3833 1546 3895 enim
1582 3840 1725 3913 quod
1757 3855 1882 3896 cum
1908 3838 2070 3897 homo
2114 3838 2369 3909 moritur,-

366 3935 419 3987 in
460 3913 805 4004 separatione
842 3929 1038 3986 animae
1066 3946 1099 3986 a
1137 3919 1364 4015 corpore
1400 3944 1508 3985 non
1545 3930 1776 3985 moritur
1812 3930 2014 4000 anima,
2055 3929 2152 3985 sed
2191 3931 2370 4015 ipsum

366 4020 589 4094 eorpus,
615 4035 713 4077 seu
736 4034 905 4077 caro·
926 4019 1009 4076 sic
1030 4026 1087 4075 et
1109 4018 1165 4075 in
1182 4025 1359 4076 morte
1382 4013 1585 4077 Christi
1607 4032 1718 4076 non
1745 4026 1828 4077 est
1846 4024 2068 4077 mortua
2085 4019 2370 4092 divinita&
