2850 4517
718 342 867 389 -vm.
900 356 981 375 -
1004 342 1073 389 m
1114 342 1476 391 ommonem
1523 344 1874 393 nommant
2190 331 2310 395 447

293 458 686 533 Augustinum.
730 458 887 530 Quod
922 458 1145 533 quidem
1187 460 1386 518 vitium
1412 460 1604 519 docuit
1629 477 1731 519 nos
1757 461 1955 532 vitare,
1983 463 2186 522 docens
2212 476 2315 519 nos

294 559 484 623 petere
516 565 715 623 panem
750 556 1021 617 nostrum,
1054 565 1159 608 non
1203 549 1462 613 alienum.
1501 550 1774 625 Raptor-es
1805 551 1952 609 enim
1979 568 2086 609 non
2125 569 2314 610 come-

294 640 432 695 dunt
458 654 653 713 panem
683 654 863 710 suum,
884 638 981 696 sed
1012 639 1270 699 alienum.
1302 640 1550 697 Tertium
1573 652 1658 697 est
1677 640 1954 714 superflua
1981 642 2310 699 sollicitudo.-

293 726 483 800 Aliqui
508 726 655 787 enim
696 732 843 795 sunt,
876 727 971 800 qui
995 742 1275 800 nunquam
1309 734 1444 787 sunta
1461 730 1708 787 contenti
1728 730 1800 785 de
1827 744 1894 785 eo
1917 730 2064 804 quod
2089 729 2309 797 habent,

294 817 393 873 sed
438 832 653 890 semper
684 815 807 890 plus
844 815 1055 884 volunt,
1101 816 1247 891 quod
1286 818 1512 891 quidem
1548 818 1968 877 immoderatum
1998 825 2083 876 est
2127 836 2156 875 ε·
2183 820 2315 893 quia

294 904 629 963 desiderium
656 906 819 962 debet
848 905 1121 965 moderari
1158 905 1462 963 secundum
1490 905 1896 965 necessitatem.
1942 909 2103 966 Prov.
2137 922 2266 966 xxx
2295 922 2311 962 ι

298 992 537 1051 Divitias
576 999 628 1052 et
662 1000 1037 1066 paupertatem
1080 1010 1147 1051 ue
1190 994 1401 1051 dederis
1439 994 1598 1062 mihi,
1645 995 1735 1051 sed
1763 1002 1974 1053 tantum
2005 996 2174 1053 victui
2201 1010 2314 1049 meo

298 1081 473 1139 tribue
498 1081 817 1148 necessaria,
846 1091 953 1139 etc.
984 1083 1055 1141 Et
1084 1082 1191 1143 hoc
1224 1082 1438 1141 monuit
1465 1100 1566 1141 nos
1601 1084 1778 1142 vitare
1817 1084 2006 1141 dicens
2049 1102 2064 1141 ι
2111 1084 2314 1142 Panem

295 1177 539 1227 nostrum
558 1170 946 1244 quotidianum,
974 1172 1030 1228 id
1055 1178 1161 1239 est,
1190 1170 1351 1229 unius
1372 1172 1620 1240 diei-,vel
1645 1174 1804 1231 unius
1821 1174 2104 1246 temporis.
2129 1171 2316 1243 Quar-

300 1266 416 1317 tum
441 1260 639 1329 vitium
662 1268 747 1317 est
782 1260 1144 1319 immoderata
1176 1262 1472 1319 voracitas.
1501 1263 1639 1320 Sunt
1663 1263 1810 1318 enim
1839 1262 2028 1335 aliqui,
2061 1262 2153 1337 qui
2188 1268 2315 1318 tan-

298 1356 417 1405 tum
446 1348 633 1408 volunt
654 1364 977 1416 consumere
1006 1366 1115 1407 uno
1138 1351 1246 1418 die,
1270 1350 1417 1424 quod
1439 1351 1713 1411 sufficeret
1739 1350 1987 1423 pluribus
2015 1349 2226 1419 diebuS,
2259 1358 2314 1405 et

298 1438 389 1494 isti
416 1446 607 1511 petunt
634 1456 743 1497 non
767 1455 964 1514 panem
993 1440 1393 1514 quotidianum,
1421 1440 1519 1497 sed
1544 1439 1734 1497 decem
1753 1440 1968 1495 dierum
1995 1456 2010 1496 ε
2042 1445 2096 1495 et
2122 1456 2190 1495 ex
2213 1440 2316 1495 hoc

300 1526 446 1602 quod
480 1528 643 1585 nimis
678 1529 1010 1601 expendunt,
1067 1530 1338 1601 contingit
1376 1530 1526 1603 quod
1571 1530 1754 1589 omnia
1786 1536 2135 1586 consumunt.
2176 1529 2318 1585 Pro-

299 1634 415 1673 ver.
462 1632 615 1675 xxm
665 1634 679 1673 z
740 1617 996 1675 Vacantes
1026 1617 1259 1689 potibus,
1299 1624 1350 1675 et
1394 1617 1581 1673 dantes
1621 1616 1873 1687 symbola,
1915 1624 2312 1674 conmmeatum

299 1704 447 1763 Eccl.
472 1721 583 1763 xix
608 1722 623 1761 ε
651 1704 947 1779 Operarius
970 1704 1206 1761 ebriosus
1228 1719 1335 1759 uon
1366 1702 1793 1775 locupletabitur.
1825 1702 2088 1773 Quintum
2117 1704 2315 1760 vitium

300 1802 386 1853 est
412 1790 769 1866 ingratitudo.
798 1792 939 1851 Nam
966 1807 1092 1848 cum
1118 1791 1317 1863 aliquis
1344 1806 1412 1845 ex
1440 1789 1648 1847 divitiis
1677 1791 1940 1862 superbit,
1990 1799 2045 1847 et
2085 1807 2192 1847 non
2222 1808 2317 1847 re·-

298 1882 581 1955 cognoscit
609 1896 643 1939 a
670 1882 789 1937 Deo
811 1896 879 1937 ea
900 1895 1027 1953 quae
1054 1879 1238 1946 habet,
1270 1878 1374 1935 hoc
1401 1884 1488 1934 est
1511 1877 1670 1936 valde
1695 1877 1898 1935 malum
1927 1895 1941 1934 ε
1973 1879 2106 1953 quia
2131 1880 2317 1935 omnia

300 1985 428 2045 quae
454 1968 719 2025 habemus
748 1969 867 2027 sive
892 1968 1219 2042 spiritualia,
1260 1968 1375 2045 sive
1404 1966 1729 2041 temporalia
1755 1982 1787 2024 a
1815 1967 1930 2023 Deo
1957 1974 2106 2024 sunt.
2143 1969 2169 2024 Ι
2208 1969 2318 2025 Pa-

298 2051 405 2124 ral.
432 2076 619 2117 xxix:
654 2056 849 2115 Omnia
886 2064 984 2115 tua
1018 2064 1164 2123 suat,
1186 2072 1299 2129 quce
1334 2056 1397 2112 de
1435 2072 1601 2112 mauu
1639 2062 1736 2113 tua
1757 2055 2065 2128 accipimus.
2093 2056 2226 2116 Ideo
2245 2057 2316 2114 ad

300 2150 693 2209 removendum
730 2148 835 2205 hoc
861 2147 1062 2208 vitium⁴
1093 2146 1227 2203 dicit
1260 2162 1275 2203 ε
1304 2147 1393 2203 Da
1417 2145 1584 2211 nobie,
1628 2150 1686 2201 et
1717 2162 1912 2218 panem
1949 2152 2211 2210 nostram,
2255 2152 2318 2202 ut

300 2242 541 2299 sciamus
563 2238 710 2313 quod
730 2238 915 2295 omnia
935 2244 1124 2293 nostra
1152 2252 1186 2293 a
1204 2237 1319 2292 Deo
1342 2243 1492 2291 sunt.
1517 2235 1626 2292 Sed
1650 2234 1840 2310 dehoc
1863 2234 2125 2291 habemus
2152 2251 2317 2291 unum

302 2331 690 2387 documentum
717 2344 732 2384 ε
764 2326 895 2401 quia
922 2324 1217 2398 aliquando
1246 2324 1448 2398 aliquis
1468 2322 1638 2379 habet
1667 2322 1870 2386 multas
1895 2323 2136 2389 divitiaS,
2171 2332 2224 2379 et
2250 2338 2318 2379 ex

302 2417 615 2491 eisnullam
645 2416 940 2473 utilitatem
962 2415 1341 2489 consequitur,
1370 2415 1468 2470 sed
1495 2412 1754 2471 damnum
1781 2410 2067 2486 spirituale
2091 2418 2318 2468 et-tem-

300 2506 509 2581 potale.
538 2507 679 2562 Nam
706 2504 875 2577 aliqui
921 2510 1142 2577 propter
1170 2504 1391 2561 divitias
1415 2502 1713 2576 perierunt.
1745 2501 1954 2559 Eccles.
1984 2516 2044 2558 v1
2076 2516 2090 2558 ε
2129 2502 2234 2558 Est
2267 2506 2318 2557 et

302 2596 456 2655 aliud
486 2595 685 2651 malum
712 2593 851 2665 quod
874 2592 987 2647 vidi
1008 2594 1105 2649 sab
1134 2593 1263 2660 sole,
1284 2600 1337 2649 et
1370 2592 1582 2663 quidem
1617 2592 1866 2664 frequens
1898 2589 2044 2663 apud
2064 2589 2314 2648 herniae&

308 2685 413 2745 Vir
444 2682 531 2739 cui
557 2682 701 2739 dedit
737 2682 879 2737 Deus
918 2680 1163 2746 divitias,
1210 2687 1261 2739 et
1294 2680 1669 2745 substantiam,
1709 2686 1759 2737 et
1791 2679 2061 2744 honorem,
2099 2686 2151 2736 et
2181 2678 2320 2735 nihil

302 2772 444 2831 deest
457 2768 655 2826 anima»
678 2784 788 2824 suoe
810 2784 876 2823 ex
894 2766 1136 2849 omuibus
1159 2783 1275 2839 quae
1298 2767 1586 2832 desiderat,
1607 2782 1702 2822 nee
1723 2765 1918 2824 tribuit
1943 2764 1993 2821 ei
2007 2772 2320 2838 potestatem

302 2862 464 2920 Deus·
492 2866 556 2916 ut
588 2856 819 2916 comedat
846 2872 913 2914 ex
947 2873 1026 2921 eo,
1074 2855 1163 2911 sed
1196 2857 1344 2912 homo
1386 2862 1680 2912 extraneus
1715 2855 1928 2913 vorabit
1963 2853 2117 2911 illud.
2156 2855 2316 2921 Item,¹
2427 2880 2431 2884 -

303 2950 513 3007 EccleS.
554 2962 591 3005 v
630 2964 645 3003 ε
691 2945 915 3002 Diuitias
956 2952 1282 3017 conareqatae
1316 2944 1376 3000 in
1420 2946 1620 3001 malum
1661 2943 1883 3011 Domini
1908 2942 2018 3000 sui.
2043 2942 2318 2999 Debemus

305 3054 434 3110 ergo
482 3042 667 3110 petere
709 3041 771 3091 ut
816 3033 1027 3091 divitiae
1070 3042 1271 3091 nostrae
1312 3033 1423 3090 sint
1460 3033 1616 3089 nobis
1657 3033 1728 3089 ad
1763 3032 2082 3101 utilitatem,
2115 3037 2181 3087 „et
2217 3030 2320 3087 hoc
2355 3102 2358 3107 Ι

304 3128 545 3203 petimus
574 3140 699 3181 cum
742 3123 976 3181 dicimus
1002 3140 1018 3179 ι
1047 3122 1247 3179 Panem
1288 3130 1534 3179 uestrum
1555 3122 1626 3178 da
1647 3121 1816 3188 noble,
1844 3119 1902 3177 id
1929 3126 2034 3188 est,
2061 3120 2149 3177 sac
2172 3120 2319 3178 divi-

307 3217 415 3273 tias
442 3212 599 3271 nobis
624 3212 805 3269 utiles.
832 3212 955 3271 Job.
972 3228 1088 3269 xx:
1122 3210 1291 3268 Panis
1312 3212 1425 3284 ejus
1453 3210 1514 3267 ia
1535 3218 1690 3267 utero
1715 3209 1866 3267 illius
1884 3216 2128 3267 vertetur
2155 3208 2216 3265 ia
2245 3210 2318 3282 fel
2364 3201 2368 3207 ’

305 3302 548 3377 aspidum
574 3300 919 3359 intrinsecus.
950 3300 1188 3357 Divitias
1214 3316 1343 3373 quas
1380 3299 1675 3363 devoravit,
1699 3305 1894 3353 evomet
1923 3314 1948 3355 .··
1971 3304 2023 3355 et
2045 3299 2110 3354 de
2135 3306 2320 3354 ventre

306 3393 453 3451 illias
475 3390 719 3449 extrahet
746 3406 833 3445 eas
860 3390 1023 3447 Deus·
1047 3388 1210 3446 Aliud
1230 3390 1425 3445 vitium
1463 3389 1630 3445 estin
1661 3386 1824 3443 rebus
1852 3386 2061 3453 mundi,
2109 3387 2318 3443 scilicet

304 3479 589 3556 superflua·
639 3478 972 3536 sollicitudo.
1024 3479 1166 3535 Nam
1208 3476 1375 3551 aliqui
1416 3483 1546 3544 sunt
1588 3476 1684 3549 qui
1746 3475 1907 3530 hodie
1955 3473 2318 3532 sollicitantur

306 3573 376 3629 de
404 3570 567 3627 rebus
598 3568 1005 3641 temporalibus,
1040 3584 1165 3641 quae
1186 3574 1347 3624 erunt
1376 3582 1550 3639 usque
1577 3566 1647 3623 ad
1676 3578 1845 3622 unum
1873 3578 2096 3619 annum.
2126 3562 2197 3619 Et
2224 3564 2319 3635 qui

305 3659 411 3717 hoc
450 3657 655 3715 habent
688 3672 967 3731 nunquam
1009 3655 1318 3728 quiescunt.
1358 3654 1662 3711 Matth.·vl
1708 3670 1722 3709 z
1764 3650 1947 3711 Nolite
1971 3649 2189 3707 solliciti
2215 3665 2319 3705 esse

306 3736 535 3805 dicentes
570 3762 592 3805 .·
636 3744 776 3813 Quid
810 3742 1265 3809 manducabimus,
1305 3751 1416 3799 etc.
1463 3742 1532 3799 Et
1567 3741 1690 3799 ideo
1727 3740 1992 3797 Dominus
2022 3737 2184 3815 docet
2221 3754 2318 3795 nos
2424 3740 2430 3746 “

307 3846 515 3911 potero,
546 3835 695 3909 quod
730 3834 891 3891 hodie
920 3834 1078 3889 detur
1104 3830 1262 3888 nobis
1306 3832 1464 3904 panis
1500 3835 1687 3887 noster
1727 3829 1784 3886 id
1821 3833 1906 3885 est
1931 3842 1998 3885 ea
2023 3842 2152 3901 quae
2191 3837 2323 3886 sunt.

308 3926 467 3985 nobis
492 3924 801 3987 necessaria
840 3923 909 3986 ad
940 3936 1178 4002 praesens
1219 3929 1457 3995 tempus.
1482 3918 1760 3980 Invenitur
1787 3918 2011 3995 quidem
2047 3918 2188 3977 alius
2214 3918 2320 3975 du-
