<?xml version="1.0" encoding="UTF-8"?>
<!DOCTYPE html PUBLIC "-//W3C//DTD XHTML 1.0 Transitional//EN"
    "http://www.w3.org/TR/xhtml1/DTD/xhtml1-transitional.dtd">
<html xmlns="http://www.w3.org/1999/xhtml" xml:lang="en" lang="en">
 <head>
  <title>
</title>
<meta http-equiv="Content-Type" content="text/html;charset=utf-8" />
  <meta name='ocr-system' content='tesseract 3.04.00' />
  <meta name='ocr-capabilities' content='ocr_page ocr_carea ocr_par ocr_line ocrx_word'/>
</head>
<body>
  <div class='ocr_page' id='page_1' title='image "./sthomaquinatisd02thomgoog_0130.png"; bbox 0 0 2850 4517; ppageno 0'>
   <div class='ocr_carea' id='block_1_1' title="bbox 604 380 2139 469">
    <p class='ocr_par' dir='ltr' id='par_1_1' title="bbox 604 380 2139 469">
     <span class='ocr_line' id='line_1_1' title="bbox 604 380 2139 469; baseline -0.001 -2"><span class='ocrx_word' id='word_1_1' title='bbox 604 397 726 468; x_wconf 80' lang='lat'><strong>116</strong></span> <span class='ocrx_word' id='word_1_2' title='bbox 1087 421 1139 464; x_wconf 89' lang='lat' dir='ltr'><strong>s.</strong></span> <span class='ocrx_word' id='word_1_3' title='bbox 1185 408 1418 463; x_wconf 60' lang='lat' dir='ltr'><strong>‘monam</strong></span> <span class='ocrx_word' id='word_1_4' title='bbox 1459 409 1787 469; x_wconf 61' lang='lat' dir='ltr'><strong>Aoumltns</strong></span> <span class='ocrx_word' id='word_1_5' title='bbox 1827 380 2139 467; x_wconf 61' lang='grc' dir='ltr'><strong>οευεοῡωι</strong></span> 
     </span>
    </p>
   </div>
   <div class='ocr_carea' id='block_1_2' title="bbox 991 583 2232 842">
    <p class='ocr_par' dir='ltr' id='par_1_2' title="bbox 991 583 2232 842">
     <span class='ocr_line' id='line_1_2' title="bbox 1267 583 2059 688; baseline 0.001 -2"><span class='ocrx_word' id='word_1_6' title='bbox 1267 617 1555 688; x_wconf 72' lang='lat' dir='ltr'>CAPUT</span> <span class='ocrx_word' id='word_1_7' title='bbox 1599 605 1953 687; x_wconf 79' lang='lat' dir='ltr'><strong>ovam&#39;.</strong></span> <span class='ocrx_word' id='word_1_8' title='bbox 1992 583 2000 588; x_wconf 73' lang='grc'><strong><em>’</em></strong></span> <span class='ocrx_word' id='word_1_9' title='bbox 2052 663 2059 668; x_wconf 75' lang='lat'>-</span> 
     </span>
     <span class='ocr_line' id='line_1_3' title="bbox 991 746 2232 842; baseline -0.001 -16"><span class='ocrx_word' id='word_1_10' title='bbox 991 747 1084 838; x_wconf 75' lang='lat' dir='ltr'><strong>Do</strong></span> <span class='ocrx_word' id='word_1_11' title='bbox 1109 746 1351 826; x_wconf 70' lang='lat' dir='ltr'><strong>dotibus</strong></span> <span class='ocrx_word' id='word_1_12' title='bbox 1377 777 1698 842; x_wconf 77' lang='lat' dir='ltr'><strong>corporum</strong></span> <span class='ocrx_word' id='word_1_13' title='bbox 1721 760 2232 842; x_wconf 58' lang='lat' dir='ltr'><strong>glorificatorum.</strong></span> 
     </span>
    </p>
   </div>
   <div class='ocr_carea' id='block_1_3' title="bbox 549 885 2633 3013">
    <p class='ocr_par' dir='ltr' id='par_1_3' title="bbox 549 885 2633 3013">
     <span class='ocr_line' id='line_1_4' title="bbox 672 885 2618 970; baseline 0 -17"><span class='ocrx_word' id='word_1_14' title='bbox 672 898 754 953; x_wconf 83' lang='lat' dir='ltr'><strong>Ex</strong></span> <span class='ocrx_word' id='word_1_15' title='bbox 780 896 885 953; x_wconf 88' lang='lat' dir='ltr'><strong>hoc</strong></span> <span class='ocrx_word' id='word_1_16' title='bbox 910 901 1095 952; x_wconf 86' lang='lat' dir='ltr'><strong>autem</strong></span> <span class='ocrx_word' id='word_1_17' title='bbox 1138 894 1375 970; x_wconf 86' lang='lat' dir='ltr'><strong>perspici</strong></span> <span class='ocrx_word' id='word_1_18' title='bbox 1404 899 1607 967; x_wconf 84' lang='lat' dir='ltr'><strong>potest,</strong></span> <span class='ocrx_word' id='word_1_19' title='bbox 1652 893 1832 967; x_wconf 87' lang='lat' dir='ltr'><strong>qualis</strong></span> <span class='ocrx_word' id='word_1_20' title='bbox 1873 893 1947 950; x_wconf 89' lang='lat' dir='ltr'><strong>sit</strong></span> <span class='ocrx_word' id='word_1_21' title='bbox 1992 885 2281 967; x_wconf 83' lang='lat' dir='ltr'><strong>dispositio</strong></span> <span class='ocrx_word' id='word_1_22' title='bbox 2323 899 2618 969; x_wconf 81' lang='lat' dir='ltr'><strong>corporum</strong></span> 
     </span>
     <span class='ocr_line' id='line_1_5' title="bbox 601 982 2617 1056; baseline 0 -14"><span class='ocrx_word' id='word_1_23' title='bbox 601 986 911 1042; x_wconf 86' lang='lat' dir='ltr'><strong>beatorum.</strong></span> <span class='ocrx_word' id='word_1_24' title='bbox 943 983 1139 1040; x_wconf 82' lang='lat' dir='ltr'><strong>Anima</strong></span> <span class='ocrx_word' id='word_1_25' title='bbox 1167 982 1313 1039; x_wconf 89' lang='lat' dir='ltr'><strong>enim</strong></span> <span class='ocrx_word' id='word_1_26' title='bbox 1350 987 1435 1038; x_wconf 86' lang='lat' dir='ltr'><strong>est</strong></span> <span class='ocrx_word' id='word_1_27' title='bbox 1466 983 1713 1054; x_wconf 86' lang='lat' dir='ltr'><strong>corporis</strong></span> <span class='ocrx_word' id='word_1_28' title='bbox 1736 982 1911 1038; x_wconf 86' lang='lat' dir='ltr'><strong>forma</strong></span> <span class='ocrx_word' id='word_1_29' title='bbox 1940 991 1995 1037; x_wconf 90' lang='lat' dir='ltr'><strong>et</strong></span> <span class='ocrx_word' id='word_1_30' title='bbox 2034 989 2233 1040; x_wconf 87' lang='lat' dir='ltr'><strong>motor.</strong></span> <span class='ocrx_word' id='word_1_31' title='bbox 2260 983 2322 1039; x_wconf 88' lang='lat' dir='ltr'><strong>In</strong></span> <span class='ocrx_word' id='word_1_32' title='bbox 2351 992 2617 1056; x_wconf 87' lang='lat' dir='ltr'><strong>quantum</strong></span> 
     </span>
     <span class='ocr_line' id='line_1_6' title="bbox 605 1069 2619 1146; baseline 0.001 -15"><span class='ocrx_word' id='word_1_33' title='bbox 605 1081 792 1131; x_wconf 88' lang='lat' dir='ltr'><strong>antem</strong></span> <span class='ocrx_word' id='word_1_34' title='bbox 820 1078 905 1129; x_wconf 84' lang='lat' dir='ltr'><strong>est</strong></span> <span class='ocrx_word' id='word_1_35' title='bbox 927 1071 1120 1138; x_wconf 76' lang='lat' dir='ltr'><strong>forma,</strong></span> <span class='ocrx_word' id='word_1_36' title='bbox 1153 1086 1259 1128; x_wconf 91' lang='lat' dir='ltr'><strong>non</strong></span> <span class='ocrx_word' id='word_1_37' title='bbox 1288 1069 1464 1128; x_wconf 88' lang='lat' dir='ltr'><strong>solum</strong></span> <span class='ocrx_word' id='word_1_38' title='bbox 1494 1076 1579 1127; x_wconf 83' lang='lat' dir='ltr'><strong>est</strong></span> <span class='ocrx_word' id='word_1_39' title='bbox 1606 1069 1935 1143; x_wconf 89' lang='lat' dir='ltr'><strong>principium</strong></span> <span class='ocrx_word' id='word_1_40' title='bbox 1974 1073 2221 1144; x_wconf 88' lang='lat' dir='ltr'><strong>corporis</strong></span> <span class='ocrx_word' id='word_1_41' title='bbox 2257 1079 2524 1146; x_wconf 88' lang='lat' dir='ltr'><strong>quantum</strong></span> <span class='ocrx_word' id='word_1_42' title='bbox 2548 1075 2619 1132; x_wconf 88' lang='lat' dir='ltr'><strong>ad</strong></span> 
     </span>
     <span class='ocr_line' id='line_1_7' title="bbox 603 1158 2619 1236; baseline 0.001 -17"><span class='ocrx_word' id='word_1_43' title='bbox 603 1177 725 1220; x_wconf 86' lang='lat' dir='ltr'><strong>esse</strong></span> <span class='ocrx_word' id='word_1_44' title='bbox 753 1161 1134 1228; x_wconf 73' lang='lat' dir='ltr'><strong>substantiale,</strong></span> <span class='ocrx_word' id='word_1_45' title='bbox 1167 1159 1264 1216; x_wconf 86' lang='lat' dir='ltr'><strong>sed</strong></span> <span class='ocrx_word' id='word_1_46' title='bbox 1293 1161 1461 1217; x_wconf 89' lang='lat' dir='ltr'><strong>etiam</strong></span> <span class='ocrx_word' id='word_1_47' title='bbox 1487 1167 1754 1233; x_wconf 87' lang='lat' dir='ltr'><strong>quantum</strong></span> <span class='ocrx_word' id='word_1_48' title='bbox 1780 1158 1849 1214; x_wconf 89' lang='lat' dir='ltr'><strong>ad</strong></span> <span class='ocrx_word' id='word_1_49' title='bbox 1878 1160 2097 1233; x_wconf 89' lang='lat' dir='ltr'><strong>propria</strong></span> <span class='ocrx_word' id='word_1_50' title='bbox 2135 1161 2462 1230; x_wconf 85' lang='lat' dir='ltr'><strong>accidentia,</strong></span> <span class='ocrx_word' id='word_1_51' title='bbox 2493 1179 2619 1236; x_wconf 84' lang='lat' dir='ltr'><strong>quae</strong></span> 
     </span>
     <span class='ocr_line' id='line_1_8' title="bbox 605 1237 2619 1323; baseline 0 -16"><span class='ocrx_word' id='word_1_52' title='bbox 605 1260 920 1309; x_wconf 85' lang='lat' dir='ltr'><strong>causantur·</strong></span> <span class='ocrx_word' id='word_1_53' title='bbox 947 1251 1002 1305; x_wconf 91' lang='lat' dir='ltr'><strong>in</strong></span> <span class='ocrx_word' id='word_1_54' title='bbox 1045 1249 1292 1323; x_wconf 89' lang='lat' dir='ltr'><strong>subjecto</strong></span> <span class='ocrx_word' id='word_1_55' title='bbox 1331 1237 1410 1304; x_wconf 68' lang='lat' dir='ltr'><strong>ex&#39;</strong></span> <span class='ocrx_word' id='word_1_56' title='bbox 1449 1248 1645 1305; x_wconf 89' lang='lat' dir='ltr'><strong>unione</strong></span> <span class='ocrx_word' id='word_1_57' title='bbox 1687 1247 1879 1304; x_wconf 86' lang='lat' dir='ltr'><strong>formae</strong></span> <span class='ocrx_word' id='word_1_58' title='bbox 1925 1249 1995 1304; x_wconf 84' lang='lat' dir='ltr'><strong>ad</strong></span> <span class='ocrx_word' id='word_1_59' title='bbox 2045 1249 2355 1305; x_wconf 82' lang='lat' dir='ltr'><strong>materiam.</strong></span> <span class='ocrx_word' id='word_1_60' title='bbox 2400 1250 2619 1320; x_wconf 87' lang='lat' dir='ltr'><strong>Quanto</strong></span> 
     </span>
     <span class='ocr_line' id='line_1_9' title="bbox 605 1336 2619 1418; baseline -0.001 -19"><span class='ocrx_word' id='word_1_61' title='bbox 605 1342 794 1399; x_wconf 85' lang='lat' dir='ltr'><strong>autem</strong></span> <span class='ocrx_word' id='word_1_62' title='bbox 838 1340 1012 1396; x_wconf 85' lang='lat' dir='ltr'><strong>forma</strong></span> <span class='ocrx_word' id='word_1_63' title='bbox 1056 1338 1222 1394; x_wconf 87' lang='lat' dir='ltr'><strong>fuerit</strong></span> <span class='ocrx_word' id='word_1_64' title='bbox 1266 1336 1477 1401; x_wconf 86' lang='lat' dir='ltr'><strong>fortior,</strong></span> <span class='ocrx_word' id='word_1_65' title='bbox 1514 1344 1671 1393; x_wconf 89' lang='lat' dir='ltr'><strong>tanto</strong></span> <span class='ocrx_word' id='word_1_66' title='bbox 1714 1336 2004 1418; x_wconf 82' lang='lat' dir='ltr'><strong>impressio</strong></span> <span class='ocrx_word' id='word_1_67' title='bbox 2049 1336 2240 1394; x_wconf 83' lang='lat' dir='ltr'><strong>formae</strong></span> <span class='ocrx_word' id='word_1_68' title='bbox 2287 1338 2341 1393; x_wconf 92' lang='lat' dir='ltr'><strong>in</strong></span> <span class='ocrx_word' id='word_1_69' title='bbox 2389 1341 2619 1396; x_wconf 87' lang='lat' dir='ltr'><strong>materia</strong></span> 
     </span>
     <span class='ocr_line' id='line_1_10' title="bbox 604 1423 2620 1501; baseline -0.002 -15"><span class='ocrx_word' id='word_1_70' title='bbox 604 1423 798 1486; x_wconf 79' lang='lat' dir='ltr'><strong>minus&#39;</strong></span> <span class='ocrx_word' id='word_1_71' title='bbox 830 1435 1009 1500; x_wconf 84' lang='lat' dir='ltr'><strong>potest</strong></span> <span class='ocrx_word' id='word_1_72' title='bbox 1037 1427 1289 1498; x_wconf 90' lang='lat' dir='ltr'><strong>impediri</strong></span> <span class='ocrx_word' id='word_1_73' title='bbox 1319 1442 1352 1482; x_wconf 88' lang='lat' dir='ltr'><strong>a</strong></span> <span class='ocrx_word' id='word_1_74' title='bbox 1387 1441 1734 1499; x_wconf 89' lang='lat' dir='ltr'><strong>quocumque</strong></span> <span class='ocrx_word' id='word_1_75' title='bbox 1754 1424 2023 1494; x_wconf 59' lang='lat' dir='ltr'><strong>¹exteriori</strong></span> <span class='ocrx_word' id='word_1_76' title='bbox 2048 1433 2264 1497; x_wconf 80' lang='lat' dir='ltr'>agente,</span> <span class='ocrx_word' id='word_1_77' title='bbox 2295 1427 2441 1482; x_wconf 84' lang='lat' dir='ltr'><strong>sicut</strong></span> <span class='ocrx_word' id='word_1_78' title='bbox 2468 1427 2620 1501; x_wconf 82' lang='lat' dir='ltr'><strong>&#39;patet</strong></span> 
     </span>
     <span class='ocr_line' id='line_1_11' title="bbox 549 1501 2618 1598; baseline -0.002 -22"><span class='ocrx_word' id='word_1_79' title='bbox 549 1528 552 1531; x_wconf 84' lang='lat'>&#39;</span> <span class='ocrx_word' id='word_1_80' title='bbox 603 1521 662 1576; x_wconf 89' lang='lat' dir='ltr'><strong>in</strong></span> <span class='ocrx_word' id='word_1_81' title='bbox 692 1518 1024 1598; x_wconf 80' lang='lat' dir='ltr'><strong>igne,·cujus</strong></span> <span class='ocrx_word' id='word_1_82' title='bbox 1061 1515 1238 1572; x_wconf 85' lang='lat' dir='ltr'><strong>forma</strong></span> <span class='ocrx_word' id='word_1_83' title='bbox 1271 1531 1396 1588; x_wconf 82' lang='lat' dir='ltr'><strong>quae</strong></span> <span class='ocrx_word' id='word_1_84' title='bbox 1419 1515 1626 1573; x_wconf 89' lang='lat' dir='ltr'><strong>dicitur</strong></span> <span class='ocrx_word' id='word_1_85' title='bbox 1668 1515 1795 1570; x_wconf 78' lang='lat' dir='ltr'><strong>esse&#39;</strong></span> <span class='ocrx_word' id='word_1_86' title='bbox 1816 1513 2156 1571; x_wconf 88' lang='lat' dir='ltr'><strong>nobilissima</strong></span> <span class='ocrx_word' id='word_1_87' title='bbox 2195 1501 2336 1571; x_wconf 83' lang='lat' dir='ltr'><strong>inter</strong></span> <span class='ocrx_word' id='word_1_88' title='bbox 2374 1515 2618 1573; x_wconf 85' lang='lat' dir='ltr'><strong>elemen-</strong></span> 
     </span>
     <span class='ocr_line' id='line_1_12' title="bbox 606 1602 2621 1677; baseline 0.001 -15"><span class='ocrx_word' id='word_1_89' title='bbox 606 1611 756 1664; x_wconf 76' lang='lat' dir='ltr'><strong>tares</strong></span> <span class='ocrx_word' id='word_1_90' title='bbox 797 1604 1140 1662; x_wconf 63' lang='lat' dir='ltr'><strong>formas-hoc</strong></span> <span class='ocrx_word' id='word_1_91' title='bbox 1175 1604 1387 1660; x_wconf 79' lang='lat' dir='ltr'><strong>confert</strong></span> <span class='ocrx_word' id='word_1_92' title='bbox 1425 1604 1558 1677; x_wconf 82' lang='lat' dir='ltr'>igni,</span> <span class='ocrx_word' id='word_1_93' title='bbox 1604 1609 1666 1658; x_wconf 89' lang='lat' dir='ltr'><strong>ut</strong></span> <span class='ocrx_word' id='word_1_94' title='bbox 1704 1619 1809 1659; x_wconf 91' lang='lat' dir='ltr'><strong>non</strong></span> <span class='ocrx_word' id='word_1_95' title='bbox 1851 1602 1919 1659; x_wconf 91' lang='lat' dir='ltr'><strong>de</strong></span> <span class='ocrx_word' id='word_1_96' title='bbox 1946 1602 2095 1659; x_wconf 84' lang='lat' dir='ltr'><strong>facili</strong></span> <span class='ocrx_word' id='word_1_97' title='bbox 2139 1611 2547 1661; x_wconf 78' lang='lat' dir='ltr'><strong>transmutetur</strong></span> <span class='ocrx_word' id='word_1_98' title='bbox 2590 1623 2621 1665; x_wconf 86' lang='lat' dir='ltr'><strong>a</strong></span> 
     </span>
     <span class='ocr_line' id='line_1_13' title="bbox 604 1691 2623 1770; baseline -0.002 -16"><span class='ocrx_word' id='word_1_99' title='bbox 604 1698 705 1754; x_wconf 82' lang='lat' dir='ltr'><strong>sua</strong></span> <span class='ocrx_word' id='word_1_100' title='bbox 734 1695 971 1753; x_wconf 88' lang='lat' dir='ltr'><strong>naturali</strong></span> <span class='ocrx_word' id='word_1_101' title='bbox 1017 1692 1376 1766; x_wconf 84' lang='lat' dir='ltr'><strong>dispositione</strong></span> <span class='ocrx_word' id='word_1_102' title='bbox 1419 1692 1678 1764; x_wconf 88' lang='lat' dir='ltr'><strong>patiendo</strong></span> <span class='ocrx_word' id='word_1_103' title='bbox 1708 1691 1779 1749; x_wconf 87' lang='lat' dir='ltr'><strong>ab</strong></span> <span class='ocrx_word' id='word_1_104' title='bbox 1813 1691 1997 1765; x_wconf 83' lang='lat' dir='ltr'><strong>aliquo</strong></span> <span class='ocrx_word' id='word_1_105' title='bbox 2040 1699 2259 1770; x_wconf 76' lang='lat' dir='ltr'><strong>agente.</strong></span> <span class='ocrx_word' id='word_1_106' title='bbox 2285 1693 2425 1762; x_wconf 86' lang='lat' dir='ltr'><strong>Quia</strong></span> <span class='ocrx_word' id='word_1_107' title='bbox 2455 1695 2623 1766; x_wconf 82' lang='lat' dir='ltr'><strong>igitur</strong></span> 
     </span>
     <span class='ocr_line' id='line_1_14' title="bbox 607 1775 2622 1858; baseline -0.001 -16"><span class='ocrx_word' id='word_1_108' title='bbox 607 1786 790 1842; x_wconf 83' lang='lat' dir='ltr'><strong>anima</strong></span> <span class='ocrx_word' id='word_1_109' title='bbox 826 1785 989 1841; x_wconf 89' lang='lat' dir='ltr'><strong>beata</strong></span> <span class='ocrx_word' id='word_1_110' title='bbox 1028 1783 1084 1837; x_wconf 90' lang='lat' dir='ltr'><strong>in</strong></span> <span class='ocrx_word' id='word_1_111' title='bbox 1103 1797 1346 1858; x_wconf 26' lang='lat' dir='ltr'><strong>‘summo&#39;</strong></span> <span class='ocrx_word' id='word_1_112' title='bbox 1365 1780 1669 1837; x_wconf 83' lang='lat' dir='ltr'><strong>nobilitatis</strong></span> <span class='ocrx_word' id='word_1_113' title='bbox 1699 1788 1755 1837; x_wconf 91' lang='lat' dir='ltr'><strong>et</strong></span> <span class='ocrx_word' id='word_1_114' title='bbox 1781 1782 2000 1837; x_wconf 86' lang='lat' dir='ltr'><strong>virtutis</strong></span> <span class='ocrx_word' id='word_1_115' title='bbox 2029 1783 2153 1848; x_wconf 89' lang='lat' dir='ltr'><strong>erit,</strong></span> <span class='ocrx_word' id='word_1_116' title='bbox 2182 1775 2246 1837; x_wconf 83' lang='lat' dir='ltr'><strong>ut</strong></span> <span class='ocrx_word' id='word_1_117' title='bbox 2282 1793 2411 1856; x_wconf 88' lang='lat' dir='ltr'><strong>pote</strong></span> <span class='ocrx_word' id='word_1_118' title='bbox 2438 1798 2622 1841; x_wconf 83' lang='lat' dir='ltr'><strong>rerum</strong></span> 
     </span>
     <span class='ocr_line' id='line_1_15' title="bbox 609 1855 2620 1946; baseline 0 -18"><span class='ocrx_word' id='word_1_119' title='bbox 609 1873 783 1946; x_wconf 87' lang='lat' dir='ltr'><strong>primo</strong></span> <span class='ocrx_word' id='word_1_120' title='bbox 805 1869 1090 1946; x_wconf 54' lang='lat' dir='ltr'><strong>*principio</strong></span> <span class='ocrx_word' id='word_1_121' title='bbox 1127 1871 1442 1943; x_wconf 87' lang='lat' dir='ltr'><strong>conjuncta,</strong></span> <span class='ocrx_word' id='word_1_122' title='bbox 1484 1855 1696 1926; x_wconf 80' lang='lat' dir='ltr'><strong>confert</strong></span> <span class='ocrx_word' id='word_1_123' title='bbox 1731 1871 1949 1943; x_wconf 83' lang='lat' dir='ltr'><strong>corpori</strong></span> <span class='ocrx_word' id='word_1_124' title='bbox 1994 1869 2099 1925; x_wconf 86' lang='lat' dir='ltr'><strong>sibi</strong></span> <span class='ocrx_word' id='word_1_125' title='bbox 2134 1871 2403 1928; x_wconf 85' lang='lat' dir='ltr'><strong>divinitus</strong></span> <span class='ocrx_word' id='word_1_126' title='bbox 2444 1874 2620 1940; x_wconf 85' lang='lat' dir='ltr'><strong>unito,</strong></span> 
     </span>
     <span class='ocr_line' id='line_1_16' title="bbox 605 1955 2625 2038; baseline 0 -20"><span class='ocrx_word' id='word_1_127' title='bbox 605 1963 782 2038; x_wconf 88' lang='lat' dir='ltr'><strong>primo</strong></span> <span class='ocrx_word' id='word_1_128' title='bbox 808 1961 1030 2036; x_wconf 91' lang='lat' dir='ltr'><strong>quidem</strong></span> <span class='ocrx_word' id='word_1_129' title='bbox 1059 1975 1180 2016; x_wconf 86' lang='lat' dir='ltr'><strong>esse</strong></span> <span class='ocrx_word' id='word_1_130' title='bbox 1205 1957 1569 2017; x_wconf 88' lang='lat' dir='ltr'><strong>substantiale</strong></span> <span class='ocrx_word' id='word_1_131' title='bbox 1598 1955 1937 2014; x_wconf 76' lang='lat' dir='ltr'><strong>nobilissimo</strong></span> <span class='ocrx_word' id='word_1_132' title='bbox 1965 1959 2129 2016; x_wconf 89' lang='lat' dir='ltr'><strong>modo</strong></span> <span class='ocrx_word' id='word_1_133' title='bbox 2159 1959 2407 2016; x_wconf 87' lang='lat' dir='ltr'><strong>totaliter</strong></span> <span class='ocrx_word' id='word_1_134' title='bbox 2444 1961 2625 2034; x_wconf 83' lang='lat' dir='ltr'><strong>ipsum</strong></span> 
     </span>
     <span class='ocr_line' id='line_1_17' title="bbox 604 2046 2624 2120; baseline -0.001 -11"><span class='ocrx_word' id='word_1_135' title='bbox 604 2052 708 2109; x_wconf 85' lang='lat' dir='ltr'><strong>sub</strong></span> <span class='ocrx_word' id='word_1_136' title='bbox 739 2068 799 2108; x_wconf 89' lang='lat' dir='ltr'><strong>se</strong></span> <span class='ocrx_word' id='word_1_137' title='bbox 835 2049 1182 2117; x_wconf 79' lang='lat' dir='ltr'><strong>continendo,</strong></span> <span class='ocrx_word' id='word_1_138' title='bbox 1229 2047 1374 2105; x_wconf 87' lang='lat' dir='ltr'><strong>unde</strong></span> <span class='ocrx_word' id='word_1_139' title='bbox 1405 2046 1608 2103; x_wconf 82' lang='lat' dir='ltr'><strong>subtile</strong></span> <span class='ocrx_word' id='word_1_140' title='bbox 1655 2055 1710 2102; x_wconf 88' lang='lat' dir='ltr'><strong>et</strong></span> <span class='ocrx_word' id='word_1_141' title='bbox 1746 2046 2030 2120; x_wconf 83' lang='lat' dir='ltr'><strong>spirituale</strong></span> <span class='ocrx_word' id='word_1_142' title='bbox 2071 2048 2197 2104; x_wconf 87' lang='lat' dir='ltr'><strong>erit.</strong></span> <span class='ocrx_word' id='word_1_143' title='bbox 2241 2048 2408 2106; x_wconf 86' lang='lat' dir='ltr'><strong>Dabit</strong></span> <span class='ocrx_word' id='word_1_144' title='bbox 2454 2051 2624 2107; x_wconf 89' lang='lat' dir='ltr'><strong>etiam</strong></span> 
     </span>
     <span class='ocr_line' id='line_1_18' title="bbox 605 2134 2627 2213; baseline 0 -17"><span class='ocrx_word' id='word_1_145' title='bbox 605 2141 707 2197; x_wconf 91' lang='lat' dir='ltr'><strong>sibi</strong></span> <span class='ocrx_word' id='word_1_146' title='bbox 739 2139 1063 2213; x_wconf 85' lang='lat' dir='ltr'><strong>qualitatem</strong></span> <span class='ocrx_word' id='word_1_147' title='bbox 1099 2137 1517 2201; x_wconf 84' lang='lat' dir='ltr'><strong>nobilissimam,</strong></span> <span class='ocrx_word' id='word_1_148' title='bbox 1548 2134 1761 2192; x_wconf 86' lang='lat' dir='ltr'><strong>scilicet</strong></span> <span class='ocrx_word' id='word_1_149' title='bbox 1798 2136 2029 2208; x_wconf 83' lang='lat' dir='ltr'><strong>gloriam</strong></span> <span class='ocrx_word' id='word_1_150' title='bbox 2062 2136 2353 2205; x_wconf 74' lang='lat' dir='ltr'><strong>claritatis„</strong></span> <span class='ocrx_word' id='word_1_151' title='bbox 2398 2145 2455 2194; x_wconf 88' lang='lat' dir='ltr'><strong>et</strong></span> <span class='ocrx_word' id='word_1_152' title='bbox 2496 2156 2627 2212; x_wconf 91' lang='lat' dir='ltr'><strong>pro-</strong></span> 
     </span>
     <span class='ocr_line' id='line_1_19' title="bbox 607 2221 2628 2302; baseline 0 -19"><span class='ocrx_word' id='word_1_153' title='bbox 607 2236 728 2302; x_wconf 86' lang='lat' dir='ltr'><strong>pter</strong></span> <span class='ocrx_word' id='word_1_154' title='bbox 770 2230 1031 2284; x_wconf 81' lang='lat' dir='ltr'><strong>virtutem</strong></span> <span class='ocrx_word' id='word_1_155' title='bbox 1073 2227 1272 2283; x_wconf 83' lang='lat' dir='ltr'><strong>animae</strong></span> <span class='ocrx_word' id='word_1_156' title='bbox 1307 2221 1341 2283; x_wconf 78' lang='lat' dir='ltr'><strong>a</strong></span> <span class='ocrx_word' id='word_1_157' title='bbox 1382 2223 1533 2281; x_wconf 89' lang='lat' dir='ltr'><strong>nullo</strong></span> <span class='ocrx_word' id='word_1_158' title='bbox 1572 2232 1768 2296; x_wconf 87' lang='lat' dir='ltr'><strong>agente</strong></span> <span class='ocrx_word' id='word_1_159' title='bbox 1810 2241 1841 2282; x_wconf 87' lang='lat' dir='ltr'><strong>a</strong></span> <span class='ocrx_word' id='word_1_160' title='bbox 1877 2241 1978 2282; x_wconf 88' lang='lat' dir='ltr'><strong>sua</strong></span> <span class='ocrx_word' id='word_1_161' title='bbox 2024 2227 2383 2297; x_wconf 86' lang='lat' dir='ltr'><strong>dispositione</strong></span> <span class='ocrx_word' id='word_1_162' title='bbox 2422 2229 2628 2300; x_wconf 87' lang='lat' dir='ltr'><strong>poterit</strong></span> 
     </span>
     <span class='ocr_line' id='line_1_20' title="bbox 607 2313 2627 2388; baseline 0.001 -18"><span class='ocrx_word' id='word_1_163' title='bbox 607 2316 996 2382; x_wconf 75' lang='lat' dir='ltr'><strong>transmutari,·</strong></span> <span class='ocrx_word' id='word_1_164' title='bbox 1032 2314 1177 2387; x_wconf 90' lang='lat' dir='ltr'><strong>quod</strong></span> <span class='ocrx_word' id='word_1_165' title='bbox 1225 2322 1310 2371; x_wconf 85' lang='lat' dir='ltr'><strong>est</strong></span> <span class='ocrx_word' id='word_1_166' title='bbox 1355 2315 1536 2388; x_wconf 89' lang='lat' dir='ltr'><strong>ipsum</strong></span> <span class='ocrx_word' id='word_1_167' title='bbox 1584 2313 1919 2386; x_wconf 84' lang='lat' dir='ltr'><strong>impassibile</strong></span> <span class='ocrx_word' id='word_1_168' title='bbox 1956 2329 2094 2382; x_wconf 86' lang='lat' dir='ltr'><strong>esse,</strong></span> <span class='ocrx_word' id='word_1_169' title='bbox 2138 2323 2193 2370; x_wconf 88' lang='lat' dir='ltr'><strong>et</strong></span> <span class='ocrx_word' id='word_1_170' title='bbox 2229 2315 2361 2388; x_wconf 87' lang='lat' dir='ltr'><strong>quia</strong></span> <span class='ocrx_word' id='word_1_171' title='bbox 2402 2315 2627 2373; x_wconf 83' lang='lat' dir='ltr'><strong>obediet</strong></span> 
     </span>
     <span class='ocr_line' id='line_1_21' title="bbox 607 2398 2627 2475; baseline 0.001 -15"><span class='ocrx_word' id='word_1_172' title='bbox 607 2403 852 2460; x_wconf 88' lang='lat' dir='ltr'><strong>totaliter</strong></span> <span class='ocrx_word' id='word_1_173' title='bbox 879 2404 1100 2471; x_wconf 86' lang='lat' dir='ltr'><strong>animae,</strong></span> <span class='ocrx_word' id='word_1_174' title='bbox 1141 2409 1201 2458; x_wconf 84' lang='lat' dir='ltr'><strong>ut</strong></span> <span class='ocrx_word' id='word_1_175' title='bbox 1228 2403 1652 2461; x_wconf 83' lang='lat' dir='ltr'><strong>instrumentum</strong></span> <span class='ocrx_word' id='word_1_176' title='bbox 1683 2401 1901 2470; x_wconf 85' lang='lat' dir='ltr'><strong>motori,</strong></span> <span class='ocrx_word' id='word_1_177' title='bbox 1941 2398 2083 2475; x_wconf 83' lang='lat' dir='ltr'><strong>agile</strong></span> <span class='ocrx_word' id='word_1_178' title='bbox 2122 2402 2403 2459; x_wconf 87' lang='lat' dir='ltr'><strong>reddetur.</strong></span> <span class='ocrx_word' id='word_1_179' title='bbox 2450 2405 2627 2462; x_wconf 89' lang='lat' dir='ltr'><strong>Erunt</strong></span> 
     </span>
     <span class='ocr_line' id='line_1_22' title="bbox 607 2479 2624 2566; baseline 0.001 -19"><span class='ocrx_word' id='word_1_180' title='bbox 607 2493 778 2565; x_wconf 84' lang='lat' dir='ltr'><strong>i&#39;gitur</strong></span> <span class='ocrx_word' id='word_1_181' title='bbox 816 2491 905 2549; x_wconf 82' lang='lat' dir='ltr'><strong>hae</strong></span> <span class='ocrx_word' id='word_1_182' title='bbox 933 2479 1196 2564; x_wconf 64' lang='lat' dir='ltr'><strong>&#39;quatuor</strong></span> <span class='ocrx_word' id='word_1_183' title='bbox 1234 2491 1577 2548; x_wconf 85' lang='lat' dir='ltr'><strong>conditiones</strong></span> <span class='ocrx_word' id='word_1_184' title='bbox 1623 2507 1913 2566; x_wconf 88' lang='lat' dir='ltr'><strong>corporum</strong></span> <span class='ocrx_word' id='word_1_185' title='bbox 1949 2490 2271 2560; x_wconf 88' lang='lat' dir='ltr'><strong>beatorum,</strong></span> <span class='ocrx_word' id='word_1_186' title='bbox 2317 2493 2624 2566; x_wconf 62' lang='lat' dir='ltr'><strong>subtilitati,</strong></span> 
     </span>
     <span class='ocr_line' id='line_1_23' title="bbox 607 2579 2625 2661; baseline 0 -24"><span class='ocrx_word' id='word_1_187' title='bbox 607 2579 875 2661; x_wconf 52' lang='lat' dir='ltr'><strong>claritas„</strong></span> <span class='ocrx_word' id='word_1_188' title='bbox 902 2579 1331 2652; x_wconf 84' lang='lat' dir='ltr'><strong>impassibilitas,</strong></span> <span class='ocrx_word' id='word_1_189' title='bbox 1373 2588 1429 2635; x_wconf 89' lang='lat' dir='ltr'><strong>et</strong></span> <span class='ocrx_word' id='word_1_190' title='bbox 1468 2581 1704 2653; x_wconf 59' lang='lat' dir='ltr'><strong>agnita&amp;</strong></span> <span class='ocrx_word' id='word_1_191' title='bbox 1746 2582 1902 2637; x_wconf 86' lang='lat' dir='ltr'><strong>Unde</strong></span> <span class='ocrx_word' id='word_1_192' title='bbox 1940 2583 2133 2653; x_wconf 85' lang='lat' dir='ltr'><strong>Apost.</strong></span> <span class='ocrx_word' id='word_1_193' title='bbox 2171 2582 2216 2637; x_wconf 92' lang='lat'><strong>1.</strong></span> <span class='ocrx_word' id='word_1_194' title='bbox 2253 2581 2323 2636; x_wconf 89' lang='lat' dir='ltr'><strong>ad</strong></span> <span class='ocrx_word' id='word_1_195' title='bbox 2357 2582 2487 2638; x_wconf 90' lang='lat' dir='ltr'><strong>Cor.</strong></span> <span class='ocrx_word' id='word_1_196' title='bbox 2523 2597 2625 2639; x_wconf 86' lang='lat' dir='ltr'><strong>xv.</strong></span> 
     </span>
     <span class='ocr_line' id='line_1_24' title="bbox 609 2669 2630 2746; baseline 0.001 -20"><span class='ocrx_word' id='word_1_197' title='bbox 609 2670 748 2726; x_wconf 89' lang='lat' dir='ltr'><strong>dicit</strong></span> <span class='ocrx_word' id='word_1_198' title='bbox 781 2686 795 2726; x_wconf 75' lang='lat' dir='ltr'>x</span> <span class='ocrx_word' id='word_1_199' title='bbox 829 2669 1036 2742; x_wconf 73' lang='lat' dir='ltr'><strong>Corpus</strong></span> <span class='ocrx_word' id='word_1_200' title='bbox 1075 2671 1214 2743; x_wconf 77' lang='lat' dir='ltr'><strong>quod</strong></span> <span class='ocrx_word' id='word_1_201' title='bbox 1247 2686 1350 2742; x_wconf 78' lang='lat' dir='ltr'><strong>per</strong></span> <span class='ocrx_word' id='word_1_202' title='bbox 1375 2678 1603 2728; x_wconf 81' lang='lat' dir='ltr'><strong>mortem</strong></span> <span class='ocrx_word' id='word_1_203' title='bbox 1629 2670 1927 2746; x_wconf 73' lang='lat' dir='ltr'><strong>seminatur</strong></span> <span class='ocrx_word' id='word_1_204' title='bbox 1954 2671 2015 2726; x_wconf 77' lang='lat' dir='ltr'><strong>in</strong></span> <span class='ocrx_word' id='word_1_205' title='bbox 2054 2671 2419 2744; x_wconf 69' lang='lat' dir='ltr'><strong>corruptione.</strong></span> <span class='ocrx_word' id='word_1_206' title='bbox 2444 2679 2630 2744; x_wconf 67' lang='lat' dir='ltr'><strong>sur-yet</strong></span> 
     </span>
     <span class='ocr_line' id='line_1_25' title="bbox 607 2759 2628 2834; baseline 0 -19"><span class='ocrx_word' id='word_1_207' title='bbox 607 2759 668 2815; x_wconf 80' lang='lat' dir='ltr'><strong>in</strong></span> <span class='ocrx_word' id='word_1_208' title='bbox 713 2759 1156 2832; x_wconf 72' lang='lat' dir='ltr'><strong>incorruptione,·</strong></span> <span class='ocrx_word' id='word_1_209' title='bbox 1179 2767 1450 2834; x_wconf 88' lang='lat' dir='ltr'><strong>quantum</strong></span> <span class='ocrx_word' id='word_1_210' title='bbox 1501 2759 1572 2816; x_wconf 88' lang='lat' dir='ltr'><strong>ad</strong></span> <span class='ocrx_word' id='word_1_211' title='bbox 1614 2759 2115 2832; x_wconf 86' lang='lat' dir='ltr'><strong>impassibilitatem</strong></span> <span class='ocrx_word' id='word_1_212' title='bbox 2156 2778 2170 2816; x_wconf 90' lang='lat'><strong>:</strong></span> <span class='ocrx_word' id='word_1_213' title='bbox 2218 2759 2523 2818; x_wconf 81' lang='lat' dir='ltr'><strong>seminatur</strong></span> <span class='ocrx_word' id='word_1_214' title='bbox 2568 2761 2628 2816; x_wconf 73' lang='lat' dir='ltr'><strong>in</strong></span> 
     </span>
     <span class='ocr_line' id='line_1_26' title="bbox 610 2844 2632 2924; baseline 0.001 -20"><span class='ocrx_word' id='word_1_215' title='bbox 610 2848 966 2921; x_wconf 73' lang='lat' dir='ltr'><strong>iynobilitate,</strong></span> <span class='ocrx_word' id='word_1_216' title='bbox 995 2855 1178 2920; x_wconf 72' lang='lat' dir='ltr'><strong>suryet</strong></span> <span class='ocrx_word' id='word_1_217' title='bbox 1204 2849 1265 2905; x_wconf 74' lang='lat' dir='ltr'><strong>in</strong></span> <span class='ocrx_word' id='word_1_218' title='bbox 1301 2847 1497 2921; x_wconf 72' lang='lat' dir='ltr'><strong>yterio,</strong></span> <span class='ocrx_word' id='word_1_219' title='bbox 1527 2845 1795 2924; x_wconf 85' lang='lat' dir='ltr'><strong>quantum</strong></span> <span class='ocrx_word' id='word_1_220' title='bbox 1830 2849 1900 2906; x_wconf 89' lang='lat' dir='ltr'><strong>ad</strong></span> <span class='ocrx_word' id='word_1_221' title='bbox 1938 2848 2249 2906; x_wconf 86' lang='lat' dir='ltr'><strong>claritatem</strong></span> <span class='ocrx_word' id='word_1_222' title='bbox 2276 2866 2289 2906; x_wconf 75' lang='grc' dir='ltr'><strong><em>ε</em></strong></span> <span class='ocrx_word' id='word_1_223' title='bbox 2321 2844 2632 2908; x_wconf 54' lang='lat' dir='ltr'><strong>&amp;minatur</strong></span> 
     </span>
     <span class='ocr_line' id='line_1_27' title="bbox 607 2937 2633 3013; baseline 0.001 -20"><span class='ocrx_word' id='word_1_224' title='bbox 607 2937 955 3010; x_wconf 75' lang='lat' dir='ltr'><strong>infirmitate,</strong></span> <span class='ocrx_word' id='word_1_225' title='bbox 979 2944 1158 3011; x_wconf 74' lang='lat' dir='ltr'><strong>suryet</strong></span> <span class='ocrx_word' id='word_1_226' title='bbox 1190 2938 1250 2994; x_wconf 80' lang='lat' dir='ltr'><strong>in</strong></span> <span class='ocrx_word' id='word_1_227' title='bbox 1278 2937 1503 3006; x_wconf 73' lang='lat' dir='ltr'><strong>virtute,</strong></span> <span class='ocrx_word' id='word_1_228' title='bbox 1538 2947 1804 3013; x_wconf 89' lang='lat' dir='ltr'><strong>quantum</strong></span> <span class='ocrx_word' id='word_1_229' title='bbox 1840 2937 1910 2994; x_wconf 89' lang='lat' dir='ltr'><strong>ad</strong></span> <span class='ocrx_word' id='word_1_230' title='bbox 1940 2937 2245 3010; x_wconf 85' lang='lat' dir='ltr'><strong>agilitatem</strong></span> <span class='ocrx_word' id='word_1_231' title='bbox 2278 2955 2293 2994; x_wconf 72' lang='grc' dir='ltr'><strong>ε</strong></span> <span class='ocrx_word' id='word_1_232' title='bbox 2321 2939 2633 2996; x_wconf 73' lang='lat' dir='ltr'><strong>seminatur</strong></span> 
     </span>
    </p>
   </div>
   <div class='ocr_carea' id='block_1_4' title="bbox 609 3026 2632 3172">
    <p class='ocr_par' dir='ltr' id='par_1_4' title="bbox 609 3026 2632 3172">
     <span class='ocr_line' id='line_1_28' title="bbox 611 3026 2632 3103; baseline 0.001 -21"><span class='ocrx_word' id='word_1_233' title='bbox 611 3043 804 3103; x_wconf 73' lang='lat' dir='ltr'><strong>corpus</strong></span> <span class='ocrx_word' id='word_1_234' title='bbox 834 3026 1106 3093; x_wconf 79' lang='lat' dir='ltr'><strong>animale,</strong></span> <span class='ocrx_word' id='word_1_235' title='bbox 1149 3031 1334 3100; x_wconf 54' lang='lat' dir='ltr'><strong>surget</strong></span> <span class='ocrx_word' id='word_1_236' title='bbox 1379 3043 1570 3100; x_wconf 65' lang='lat' dir='ltr'><strong>corpus</strong></span> <span class='ocrx_word' id='word_1_237' title='bbox 1608 3026 1927 3099; x_wconf 75' lang='lat' dir='ltr'><strong>spirituale,</strong></span> <span class='ocrx_word' id='word_1_238' title='bbox 1970 3033 2238 3100; x_wconf 86' lang='lat' dir='ltr'><strong>quantum</strong></span> <span class='ocrx_word' id='word_1_239' title='bbox 2282 3027 2351 3083; x_wconf 88' lang='lat' dir='ltr'><strong>ad</strong></span> <span class='ocrx_word' id='word_1_240' title='bbox 2399 3027 2632 3084; x_wconf 86' lang='lat' dir='ltr'><strong>subtili-</strong></span> 
     </span>
     <span class='ocr_line' id='line_1_29' title="bbox 609 3121 804 3172; baseline 0 0"><span class='ocrx_word' id='word_1_241' title='bbox 609 3121 804 3172; x_wconf 83' lang='lat' dir='ltr'><strong>tatem.</strong></span> 
     </span>
    </p>
   </div>
   <div class='ocr_carea' id='block_1_5' title="bbox 1263 3230 1936 3384">
    <p class='ocr_par' dir='ltr' id='par_1_5' title="bbox 1263 3230 1936 3384">
     <span class='ocr_line' id='line_1_30' title="bbox 1263 3230 1936 3384; baseline 0.003 -30"><span class='ocrx_word' id='word_1_242' title='bbox 1263 3230 1577 3384; x_wconf 37' lang='lat' dir='ltr'>‘CAPUT</span> <span class='ocrx_word' id='word_1_243' title='bbox 1636 3289 1936 3358; x_wconf 80' lang='lat' dir='ltr'>CLXIX.</span> 
     </span>
    </p>
   </div>
   <div class='ocr_carea' id='block_1_6' title="bbox 617 3412 2632 3511">
    <p class='ocr_par' dir='ltr' id='par_1_6' title="bbox 617 3412 2632 3511">
     <span class='ocr_line' id='line_1_31' title="bbox 617 3412 2632 3511; baseline 0 -18"><span class='ocrx_word' id='word_1_244' title='bbox 617 3412 796 3504; x_wconf 72' lang='lat' dir='ltr'><strong>Quod</strong></span> <span class='ocrx_word' id='word_1_245' title='bbox 819 3429 990 3494; x_wconf 72' lang='lat' dir='ltr'><strong>homo</strong></span> <span class='ocrx_word' id='word_1_246' title='bbox 1019 3433 1164 3492; x_wconf 76' lang='lat' dir='ltr'><strong>tuno</strong></span> <span class='ocrx_word' id='word_1_247' title='bbox 1189 3428 1603 3508; x_wconf 67' lang='lat' dir='ltr'><strong>innovabitur,</strong></span> <span class='ocrx_word' id='word_1_248' title='bbox 1629 3435 1687 3496; x_wconf 74' lang='lat' dir='ltr'><strong>et</strong></span> <span class='ocrx_word' id='word_1_249' title='bbox 1714 3431 1905 3495; x_wconf 75' lang='lat' dir='ltr'><strong>omnis</strong></span> <span class='ocrx_word' id='word_1_250' title='bbox 1930 3435 2215 3496; x_wconf 74' lang='lat' dir='ltr'><strong>creatura</strong></span> <span class='ocrx_word' id='word_1_251' title='bbox 2256 3433 2632 3511; x_wconf 71' lang='lat' dir='ltr'><strong>corporalis.</strong></span> 
     </span>
    </p>
   </div>
   <div class='ocr_carea' id='block_1_7' title="bbox 603 3553 2643 4094">
    <p class='ocr_par' dir='ltr' id='par_1_7' title="bbox 603 3553 2643 4094">
     <span class='ocr_line' id='line_1_32' title="bbox 645 3553 2638 3640; baseline 0.001 -20"><span class='ocrx_word' id='word_1_252' title='bbox 645 3553 650 3584; x_wconf 77' lang='lat'><em>³</em></span> <span class='ocrx_word' id='word_1_253' title='bbox 679 3563 1028 3620; x_wconf 78' lang='lat' dir='ltr'><strong>Manifestum</strong></span> <span class='ocrx_word' id='word_1_254' title='bbox 1063 3567 1147 3618; x_wconf 82' lang='lat' dir='ltr'><strong>est</strong></span> <span class='ocrx_word' id='word_1_255' title='bbox 1175 3569 1359 3620; x_wconf 84' lang='lat' dir='ltr'><strong>autem</strong></span> <span class='ocrx_word' id='word_1_256' title='bbox 1398 3564 1545 3638; x_wconf 83' lang='lat' dir='ltr'><strong>quod</strong></span> <span class='ocrx_word' id='word_1_257' title='bbox 1571 3581 1636 3622; x_wconf 87' lang='lat' dir='ltr'><strong>ea</strong></span> <span class='ocrx_word' id='word_1_258' title='bbox 1664 3582 1789 3640; x_wconf 86' lang='lat' dir='ltr'><strong>quae</strong></span> <span class='ocrx_word' id='word_1_259' title='bbox 1811 3571 1939 3622; x_wconf 87' lang='lat' dir='ltr'><strong>sunt</strong></span> <span class='ocrx_word' id='word_1_260' title='bbox 1963 3563 2225 3632; x_wconf 85' lang='lat' dir='ltr'><strong>adfinem</strong></span> <span class='ocrx_word' id='word_1_261' title='bbox 2256 3563 2638 3636; x_wconf 89' lang='lat' dir='ltr'><strong>disponuntur</strong></span> 
     </span>
     <span class='ocr_line' id='line_1_33' title="bbox 605 3645 2635 3728; baseline 0 -19"><span class='ocrx_word' id='word_1_262' title='bbox 605 3649 910 3709; x_wconf 79' lang='lat' dir='ltr'><strong>secundum</strong></span> <span class='ocrx_word' id='word_1_263' title='bbox 934 3651 1267 3723; x_wconf 84' lang='lat' dir='ltr'><strong>exigentiam</strong></span> <span class='ocrx_word' id='word_1_264' title='bbox 1296 3652 1458 3709; x_wconf 85' lang='lat' dir='ltr'><strong>finis:</strong></span> <span class='ocrx_word' id='word_1_265' title='bbox 1492 3654 1634 3711; x_wconf 87' lang='lat' dir='ltr'><strong>unde</strong></span> <span class='ocrx_word' id='word_1_266' title='bbox 1662 3655 1706 3710; x_wconf 89' lang='lat' dir='ltr'><strong>si</strong></span> <span class='ocrx_word' id='word_1_267' title='bbox 1737 3654 1811 3720; x_wconf 88' lang='lat' dir='ltr'><strong>id,</strong></span> <span class='ocrx_word' id='word_1_268' title='bbox 1835 3662 2059 3728; x_wconf 86' lang='lat' dir='ltr'><strong>propter</strong></span> <span class='ocrx_word' id='word_1_269' title='bbox 2086 3645 2388 3726; x_wconf 81' lang='lat' dir='ltr'><strong>quodsunt</strong></span> <span class='ocrx_word' id='word_1_270' title='bbox 2414 3653 2635 3727; x_wconf 85' lang='lat' dir='ltr'><strong>aliqua,</strong></span> 
     </span>
     <span class='ocr_line' id='line_1_34' title="bbox 603 3740 2640 3816; baseline 0 -18"><span class='ocrx_word' id='word_1_271' title='bbox 603 3741 852 3798; x_wconf 78' lang='lat' dir='ltr'><strong>varietur</strong></span> <span class='ocrx_word' id='word_1_272' title='bbox 891 3740 1190 3797; x_wconf 88' lang='lat' dir='ltr'><strong>secundum</strong></span> <span class='ocrx_word' id='word_1_273' title='bbox 1219 3741 1525 3814; x_wconf 87' lang='lat' dir='ltr'><strong>perfectum</strong></span> <span class='ocrx_word' id='word_1_274' title='bbox 1557 3749 1611 3797; x_wconf 90' lang='lat' dir='ltr'><strong>et</strong></span> <span class='ocrx_word' id='word_1_275' title='bbox 1641 3741 2039 3816; x_wconf 83' lang='lat' dir='ltr'><strong>imperfectum,</strong></span> <span class='ocrx_word' id='word_1_276' title='bbox 2067 3759 2133 3799; x_wconf 90' lang='lat' dir='ltr'><strong>ea</strong></span> <span class='ocrx_word' id='word_1_277' title='bbox 2172 3758 2298 3815; x_wconf 83' lang='lat' dir='ltr'><strong>quae</strong></span> <span class='ocrx_word' id='word_1_278' title='bbox 2335 3741 2405 3798; x_wconf 88' lang='lat' dir='ltr'><strong>ad</strong></span> <span class='ocrx_word' id='word_1_279' title='bbox 2445 3740 2640 3816; x_wconf 87' lang='lat' dir='ltr'><strong>ipsum</strong></span> 
     </span>
     <span class='ocr_line' id='line_1_35' title="bbox 607 3816 2641 3904; baseline 0.001 -19"><span class='ocrx_word' id='word_1_280' title='bbox 607 3816 1353 3898; x_wconf 63' lang='lat' dir='ltr'><strong>ordinantur5‘diversimode</strong></span> <span class='ocrx_word' id='word_1_281' title='bbox 1388 3818 1604 3903; x_wconf 83' lang='lat' dir='ltr'><strong>disponi</strong></span> <span class='ocrx_word' id='word_1_282' title='bbox 1636 3836 1870 3904; x_wconf 84' lang='lat' dir='ltr'><strong>oportet,</strong></span> <span class='ocrx_word' id='word_1_283' title='bbox 1900 3838 1962 3887; x_wconf 91' lang='lat' dir='ltr'><strong>ut</strong></span> <span class='ocrx_word' id='word_1_284' title='bbox 1992 3831 2042 3887; x_wconf 93' lang='lat' dir='ltr'><strong>ei</strong></span> <span class='ocrx_word' id='word_1_285' title='bbox 2075 3831 2392 3887; x_wconf 75' lang='lat' dir='ltr'><strong>deserviant</strong></span> <span class='ocrx_word' id='word_1_286' title='bbox 2420 3832 2641 3888; x_wconf 83' lang='lat' dir='ltr'><strong>&#39;secun-</strong></span> 
     </span>
     <span class='ocr_line' id='line_1_36' title="bbox 605 3917 2643 3993; baseline 0.002 -20"><span class='ocrx_word' id='word_1_287' title='bbox 605 3919 740 3974; x_wconf 88' lang='lat' dir='ltr'><strong>dum</strong></span> <span class='ocrx_word' id='word_1_288' title='bbox 768 3926 1066 3993; x_wconf 87' lang='lat' dir='ltr'><strong>utrumque</strong></span> <span class='ocrx_word' id='word_1_289' title='bbox 1108 3923 1315 3976; x_wconf 85' lang='lat' dir='ltr'><strong>statum</strong></span> <span class='ocrx_word' id='word_1_290' title='bbox 1343 3936 1356 3975; x_wconf 90' lang='lat'>:</span> <span class='ocrx_word' id='word_1_291' title='bbox 1383 3917 1546 3974; x_wconf 84' lang='lat' dir='ltr'><strong>cibus</strong></span> <span class='ocrx_word' id='word_1_292' title='bbox 1576 3919 1719 3974; x_wconf 89' lang='lat' dir='ltr'><strong>enim</strong></span> <span class='ocrx_word' id='word_1_293' title='bbox 1747 3925 1802 3975; x_wconf 90' lang='lat' dir='ltr'><strong>et</strong></span> <span class='ocrx_word' id='word_1_294' title='bbox 1832 3920 2221 3976; x_wconf 85' lang='lat' dir='ltr'><strong>vestimentum</strong></span> <span class='ocrx_word' id='word_1_295' title='bbox 2269 3918 2435 3977; x_wconf 81' lang='lat' dir='ltr'><strong>aliter</strong></span> <span class='ocrx_word' id='word_1_296' title='bbox 2476 3937 2643 3992; x_wconf 83' lang='lat' dir='ltr'><strong>prae-</strong></span> 
     </span>
     <span class='ocr_line' id='line_1_37' title="bbox 606 4005 2639 4094; baseline 0.002 -34"><span class='ocrx_word' id='word_1_297' title='bbox 606 4012 873 4076; x_wconf 87' lang='lat' dir='ltr'><strong>parantur</strong></span> <span class='ocrx_word' id='word_1_298' title='bbox 898 4023 1087 4080; x_wconf 86' lang='lat' dir='ltr'><strong>puero,</strong></span> <span class='ocrx_word' id='word_1_299' title='bbox 1132 4015 1190 4066; x_wconf 89' lang='lat' dir='ltr'><strong>et</strong></span> <span class='ocrx_word' id='word_1_300' title='bbox 1217 4007 1378 4066; x_wconf 84' lang='lat' dir='ltr'><strong>aliter</strong></span> <span class='ocrx_word' id='word_1_301' title='bbox 1415 4007 1559 4068; x_wconf 84' lang='lat' dir='ltr'><strong>viro.</strong></span> <span class='ocrx_word' id='word_1_302' title='bbox 1592 4006 1885 4067; x_wconf 87' lang='lat' dir='ltr'><strong>Ostensum</strong></span> <span class='ocrx_word' id='word_1_303' title='bbox 1922 4005 2006 4064; x_wconf 83' lang='lat' dir='ltr'><strong>est</strong></span> <span class='ocrx_word' id='word_1_304' title='bbox 2035 4017 2221 4065; x_wconf 87' lang='lat' dir='ltr'><strong>autem</strong></span> <span class='ocrx_word' id='word_1_305' title='bbox 2249 4023 2441 4080; x_wconf 84' lang='lat' dir='ltr'><strong>supra,</strong></span> <span class='ocrx_word' id='word_1_306' title='bbox 2468 4009 2639 4094; x_wconf 23' lang='lat' dir='ltr'><strong>‘quod</strong></span> 
     </span>
    </p>
   </div>
   <div class='ocr_carea' id='block_1_8' title="bbox 2646 687 2660 811">
    <p class='ocr_par' dir='ltr' id='par_1_8' title="bbox 2646 687 2660 811">
     <span class='ocr_line' id='line_1_38' title="bbox 2646 687 2660 811; textangle 90"><span class='ocrx_word' id='word_1_307' title='bbox 2646 705 2660 811; x_wconf 65' lang='grc' dir='ltr'><strong>..ι-</strong></span> <span class='ocrx_word' id='word_1_308' title='bbox 2648 687 2657 700; x_wconf 66' lang='lat'><strong>.-</strong></span> 
     </span>
    </p>
   </div>
   <div class='ocr_carea' id='block_1_9' title="bbox 2814 2219 2830 3572">
    <p class='ocr_par' dir='ltr' id='par_1_9' title="bbox 2814 2219 2830 3572">
     <span class='ocr_line' id='line_1_39' title="bbox 2814 2219 2830 3572; baseline 0 0"><span class='ocrx_word' id='word_1_309' title='bbox 2814 2219 2830 3572; x_wconf 95' lang='lat' dir='ltr'><strong> </strong></span> 
     </span>
    </p>
   </div>
  </div>
 </body>
</html>
