2850 4517
821 356 866 399 ι.
897 371 980 386 -·
1004 316 1406 400 conen-numu
1458 356 1819 403 monoom
2242 347 2318 406 61

313 479 404 530 ast
444 471 592 546 quod
621 471 757 528 fides
795 470 1064 528 catholica
1093 473 1266 528 Deum
1291 471 1718 545 omnipotentem
1758 489 1861 530 non
1903 475 2079 534 solnm
2105 484 2323 535 creato-

315 578 455 627 rem,
484 559 582 617 sed
619 561 786 616 etiam
824 559 1086 616 factorem
1116 561 1378 627 nominat.
1428 561 1567 617 Nam
1596 561 1776 632 facere
1820 565 2033 636 proprie
2072 571 2157 621 est
2182 565 2349 623 επὶ--

315 652 456 717 licie,
487 649 582 723 qui
609 666 704 722 per
735 648 1080 720 voluntatem
1102 655 1378 721 operatur.
1396 650 1477 705 Ἐι
1514 652 1644 723 qnia
1670 667 1827 708 omne
1875 669 2039 724 agens
2065 654 2321 711 volunta-

269 793 274 796 .
317 741 482 807 rium,
510 755 608 814 per
633 739 1044 811 conceptionem
1063 739 1146 795 sui
1168 738 1478 796 intellectus
1504 742 1637 812 agit,
1663 757 1789 814 quae
1814 741 2038 798 verbum
2060 741 2231 816 ipsius
2249 745 2325 802 di-

317 830 483 897 citur,
517 835 766 902 utsupra
793 837 1070 884 ostensum
1095 836 1178 885 est
1206 845 1219 883 ε
1251 827 1478 884 verbnm
1498 835 1682 885 autem
1702 830 1800 885 Dei
1827 829 1971 886 filius
1995 840 2097 898 est,
2126 839 2181 888 et
2201 833 2325 891 ideo

317 917 458 976 fides
479 917 752 975 catholica
785 917 1078 974 confitetur
1101 917 1172 972 de
1200 916 1312 973 filio
1339 917 1485 990 quod
1514 934 1614 991 per
1636 934 1762 975 eum
1790 919 1973 977 omitia,
1998 919 2146 994 facta
2175 928 2319 978 sunt.

1019 1085 1302 1154 CAPUT
1362 1087 1629 1156 XCVII.

607 1229 785 1306 Quod
810 1228 977 1291 Deus
1003 1227 1073 1291 in
1097 1245 1212 1291 sua
1238 1229 1471 1292 actione
1495 1234 1585 1293 est
1622 1223 2042 1295 immutabilis.

389 1367 471 1422 Ex
495 1365 600 1420 hoc
621 1371 807 1420 antem
831 1362 975 1436 quod
1002 1361 1280 1419 voluntate
1310 1379 1397 1420 res
1427 1363 1479 1420 in
1510 1379 1630 1420 esse
1675 1355 1945 1439 producit,
1978 1367 2325 1426 manifestum

317 1463 424 1524 est,
459 1455 604 1528 quod
643 1452 850 1526 absque
891 1452 974 1508 sni
1019 1452 1319 1509 mutatione
1362 1468 1451 1508 res
1497 1453 1564 1510 de
1594 1467 1735 1511 novo
1782 1455 1834 1510 in
1868 1471 1986 1512 esse
2028 1457 2327 1529 producere

319 1549 524 1617 potest.
568 1542 696 1598 Haeo
720 1547 804 1598 est
831 1541 976 1596 enim
1007 1540 1314 1596 diffatentia
1357 1541 1500 1596 inter
1542 1557 1709 1613 agens
1750 1543 2018 1611 naturale,
2062 1551 2119 1600 et
2161 1561 2329 1617 agens

319 1630 710 1695 voluntarium,
739 1627 884 1702 quod
914 1644 1080 1700 agens
1107 1627 1356 1685 naturale
1391 1628 1585 1687 eodem
1614 1630 1771 1685 modo
1796 1631 1909 1702 agit
1934 1632 2196 1704 quamdiu
2229 1649 2330 1688 eo-

317 1721 446 1776 dem
476 1717 639 1776 modo
676 1733 736 1774 se
771 1717 956 1784 habet,
983 1733 1048 1773 eo
1090 1717 1234 1790 quod
1265 1717 1428 1790 quale
1451 1725 1553 1786 est,
1588 1718 1719 1776 talia
1748 1719 1861 1791 agit
1902 1738 1915 1774 ε
1948 1735 2117 1792 agens
2143 1727 2328 1778 autem

316 1807 694 1867 voluntarium
735 1807 850 1876 agit
887 1805 1070 1878 qualia
1114 1806 1248 1862 vult.
1299 1808 1485 1864 Potest
1521 1814 1703 1864 autern
1754 1809 2070 1880 contingere
2122 1809 2329 1883 absque

317 1899 442 1969 ejus
473 1893 796 1958 mutatione,
831 1891 978 1964 quod
1007 1891 1137 1946 velit
1166 1908 1309 1948 nnnc
1337 1909 1516 1964 agere,
1549 1900 1603 1948 et
1642 1894 1793 1966 prius
1836 1911 1941 1950 non
1971 1911 2152 1967 agere.
2182 1895 2329 1952 Nihil

317 1986 471 2042 enim
498 1979 750 2055 prohibet
779 1980 972 2035 adesse
997 1979 1154 2034 alicui
1187 1980 1523 2036 voluntatem
1551 1981 1619 2036 de
1648 1983 1921 2052 operando
1949 1984 2004 2038 in
2029 1990 2329 2055 posterum,

319 2061 494 2130 etia'tn
543 2069 764 2145 quando
795 2083 900 2124 non
942 2077 1220 2140 operatur,
1265 2067 1471 2142 absque
1499 2069 1584 2136 sni
1623 2070 1950 2126 mutatione.
1996 2071 2081 2128 Ita
2130 2069 2333 2145 absque

322 2162 424 2218 Dei
465 2159 770 2216 mutatione
798 2155 1114 2228 contingere
1137 2161 1336 2229 potest,
1367 2156 1514 2230 quod
1557 2157 1721 2226 Deus,
1754 2159 2007 2232 quamvis
2046 2160 2120 2217 sit
2166 2169 2329 2218 aeter-

324 2267 448 2322 nus,
471 2265 564 2306 res
585 2249 639 2305 in
663 2262 784 2304 esse
813 2244 1128 2320 produxerit
1151 2259 1257 2300 non
1281 2243 1352 2302 ab
1377 2251 1603 2303 aeterno.

1017 2417 1298 2486 CAPUT
1343 2419 1641 2489 XCVIII.

407 2563 600 2628 Ratio
619 2559 886 2642 probans
911 2535 1140 2622 motum
1175 2559 1248 2622 ab
1284 2564 1499 2624 aterno
1522 2563 1739 2640 fuisse,
1770 2567 1828 2626 et
1847 2562 2072 2628 solutio
2100 2565 2252 2643 ejus·

399 2697 631 2761 Videtur
679 2701 868 2760 autem
897 2692 1044 2765 quod
1073 2693 1120 2748 si
1157 2693 1302 2752 Deus
1331 2693 1611 2752 voluntate
1655 2702 1864 2754 aeterna
1912 2703 1969 2753 et
2006 2697 2334 2756 immutabili

330 2801 534 2844 novum
553 2784 803 2840 effectum
831 2783 1129 2854 producere
1157 2783 1348 2852 possit,
1383 2783 1535 2854 ,quod
1568 2791 1751 2838 tamen
1781 2793 2031 2857 oporteat
2060 2787 2205 2858 quod
2235 2802 2339 2843 no-

331 2891 458 2932 vum
483 2872 738 2930 effectum
783 2871 983 2944 aliquis
1011 2879 1193 2924 motus
1233 2868 1531 2942 praecedat.
1573 2869 1691 2923 Non
1731 2871 1877 2925 enim
1917 2872 2165 2928 videmus
2192 2875 2338 2945 quod

329 2964 588 3020 voluntas
613 2955 745 3030 iilnd
770 2959 916 3032 qnod
940 2957 1058 3015 vult
1081 2956 1261 3014 Facere
1291 2955 1553 3022 retardet,
1581 2952 1686 3012 nisi
1712 2963 1933 3029 propter
1962 2957 2168 3030 aliquid
2192 2961 2341 3032 quod

331 3071 478 3113 nunc
505 3060 610 3120 est,
638 3058 694 3108 et
721 3058 901 3108 cessat
928 3051 984 3106 in
1031 3057 1306 3122 posterum
1340 3064 1354 3102 ε
1387 3045 1469 3102 vel
1498 3045 1643 3120 qnod
1680 3061 1784 3103 non
1808 3055 1913 3114 est,
1942 3055 1997 3103 et
2022 3055 2342 3121 expectatur

315 3144 610 3210 ‘intumum'
631 3141 774 3198 sicut
800 3139 963 3195 homo
987 3139 1043 3194 in
1065 3143 1260 3194 aestate
1283 3135 1451 3192 habet
1472 3135 1807 3192 voluntatem
1836 3143 1898 3192 ut
1928 3136 2119 3193 induat
2147 3153 2206 3195 se
2234 3137 2341 3195 ali-

333 3250 440 3308 quo
469 3231 813 3295 indumento,
841 3226 990 3301 quod
1018 3233 1198 3283 tamen
1232 3225 1302 3282 ad
1345 3241 1587 3298 praesens
1610 3225 1835 3281 induere
1858 3241 1965 3282 non
1993 3224 2129 3294 vult,
2160 3229 2257 3286 sed
2287 3230 2340 3286 in

333 3323 600 3386 futurum,
627 3319 757 3392 quia
798 3331 943 3373 nuno
978 3322 1061 3371 est
1102 3314 1250 3372 calor
1277 3314 1372 3388 qui
1415 3313 1653 3370 cessabit
1682 3313 1881 3386 frigore
1923 3315 2245 3375 adveniente
2286 3320 2343 3376 in

332 3408 720 3488 posterum..Si
754 3406 922 3478 igitur
949 3406 1094 3460 Deus
1117 3404 1189 3462 ab
1227 3410 1435 3461 aeterno
1462 3403 1631 3460 voluit
1657 3403 1893 3477 aliquem
1922 3407 2175 3462 effectum
2213 3424 2343 3481 pro-

332 3502 560 3567 ducere,
605 3505 664 3554 et
691 3512 798 3552 non
827 3493 899 3552 ab
929 3498 1133 3551 aeterno
1161 3491 1438 3567 produxit,
1484 3491 1699 3548 videtur
1726 3493 1873 3566 quod
1902 3494 1986 3550 vel
2013 3495 2219 3569 aliquid
2244 3513 2345 3552 ex-

335 3594 653 3664 pectaretur
680 3584 925 3641 futurum
947 3582 1094 3657 quod
1132 3580 1370 3637 nondum
1399 3589 1560 3637 erat:
1604 3580 1688 3637 vel
1732 3591 1878 3640 esset
1905 3583 2052 3640 aliud
2089 3585 2347 3642 auferen-

337 3679 486 3745 dum,
505 3674 655 3750 qnod
682 3683 815 3730 tune
842 3678 960 3730 erat
989 3677 1280 3730 :neutrum
1300 3678 1484 3727 autem
1509 3669 1699 3726 horum
1725 3672 1840 3729 sine
1860 3683 2011 3731 motu
2030 3677 2346 3746 contingere

341 3773 539 3840 potest.
589 3765 822 3822 Videtur
850 3763 1017 3836 igitur
1044 3758 1190 3836 quod
1231 3775 1265 3817 a
1314 3759 1599 3815 voluntate
1626 3761 1965 3833 praeoedente
2017 3779 2123 3837 non
2165 3770 2347 3832 posset

341 3857 568 3913 effeetus
597 3854 798 3926 aliquis
823 3851 1046 3927 produci
1067 3851 1123 3906 in
1147 3856 1447 3924 posterum,
1473 3849 1573 3905 nisi
1602 3848 1786 3922 aliquo
1808 3859 1959 3926 motu
1982 3848 2345 3921 praecedente,

342 3953 398 4004 et
435 3945 520 4008 sio
545 3943 596 4002 si
625 3941 879 4001 voluntas
918 3941 1016 4000 Dei
1059 3939 1159 3997 fuit
1200 3945 1410 3999 aeterna
1434 3936 1509 4004 de
1542 3951 1725 3996 rerum
1768 3933 2145 4010 productione,
2177 3943 2235 3996 et
2260 3953 2351 3994 ree
