2850 4517
474 397 592 458 110
951 415 1001 458 s.
1047 413 1282 457 'rnoMAE
1307 412 1649 464 aetum-ms
1690 411 2002 458 opuscum

470 545 654 603 opera,
697 535 894 586 natura
915 526 1132 602 'integre
1161 516 1467 603 reparetur.
1512 530 1683 585 Erunt
1712 546 1839 602 ergo
1883 529 2193 601 hujusmodi
2238 530 2487 589 membra

470 619 525 672 in
570 619 975 691 resurgentibus
1016 625 1238 692 propter
1276 620 1650 690 integritatem
1684 628 1897 676 naturae
1932 620 2387 688 conservandam,
2426 629 2486 678 et

469 723 576 763 non
604 715 824 780 propter
850 714 1026 774 actus,
1054 706 1254 781 quibus
1281 706 1638 780 deputantur.
1666 708 1825 774 Item,
1852 707 1899 763 si
1929 709 1985 762 in
2020 706 2113 763 illo
2139 713 2288 766 statu
2317 707 2488 764 homi-

469 813 566 852 nes
593 813 691 870 pro
719 796 933 852 actibus
961 811 1100 869 quos
1143 811 1286 851 nunc
1324 803 1515 868 agunt,
1559 811 1796 869 poenam,
1841 796 1925 852 vel
1967 797 2252 868 praemium
2283 799 2486 854 ‘conse-

470 893 729 958 quuntur,
763 893 824 940 ut
849 890 1036 958 postea
1067 883 1526 949 manifestabitur,
1553 885 1881 955 conveniens
1907 892 1992 940 est
2019 891 2079 940 ut
2102 886 2296 941 eadem
2319 901 2486 941 mem·

470 973 568 1028 bra
609 973 855 1029 homines
892 972 1146 1039 habeant,
1193 972 1392 1044 quibus
1430 980 1676 1045 peccate,
1721 973 1806 1028 vel
1828 973 2065 1044 justitiae
2102 973 2483 1032 deservierunt

470 1061 526 1117 in
566 1060 672 1118 hac
700 1062 832 1129 vita,
868 1069 928 1118 ut
955 1061 1010 1118 in
1037 1061 1234 1135 quibus
1271 1069 1643 1164 peccaverunt
1679 1055 1767 1118 vel
1808 1068 2143 1132 meruerunt,
2185 1063 2485 1136 puniantur

469 1149 556 1204 vel
587 1151 964 1222 praemientur
1030 1205 1035 1210 ,

1167 1321 1451 1390 CAPUT
1497 1320 1789 1392 CLVIII.

812 1463 990 1538 Quod
1010 1481 1131 1526 non
1151 1469 1467 1545 ream-yenit
1494 1481 1629 1529 oum
1656 1463 1866 1545 aliquo
1890 1465 2145 1542 defectu.

543 1597 804 1654 Similiter
833 1603 1018 1654 autem
1055 1586 1400 1655 conveniens
1418 1606 1522 1666 est,
1557 1605 1617 1655 ut
1655 1614 1843 1662 omnes
1871 1597 2147 1655 naturales
2174 1597 2421 1654 desectus
2448 1614 2482 1656 a
2508 1633 2515 1638 -

474 1686 793 1759 corporibus
826 1687 1226 1759 resurgentium
1255 1687 1592 1744 auferantur.
1644 1689 1745 1744 Per
1771 1703 1959 1743 omnes
1987 1688 2133 1742 enim
2170 1687 2481 1759 hujusmodi

465 1775 722 1833 defectus
759 1776 1064 1847 integritati
1104 1785 1316 1833 naturae
1355 1776 1672 1847 derogatur.
1704 1777 1758 1832 Si
1803 1777 1970 1848 igitur
2010 1777 2336 1833 conveniens
2374 1783 2478 1844 est,

475 1871 538 1919 ut
564 1865 621 1919 in
661 1865 1057 1921 resurrectione
1084 1871 1280 1922 natura
1307 1864 1546 1921 humana
1584 1864 1922 1936 integraliter
1958 1872 2241 1936 reparetur
2283 1883 2314 1922 a
2342 1867 2477 1932 Deo,

475 1969 814 2027 consequens
842 1960 926 2010 est
948 1961 1024 2009 ut
1052 1955 1220 2010 etiam
1265 1953 1577 2025 hujusmodi
1602 1953 1850 2010 defectus
1876 1953 2154 2011 tollantur.
2187 1956 2478 2022 Praeterea,

474 2041 784 2113 hujusmodi
823 2043 1068 2099 defectus
1095 2059 1162 2098 ex
1201 2043 1417 2099 defectu
1446 2043 1669 2098 virtutis
1704 2043 1989 2120 naturalis„
2023 2059 2148 2116 quae
2187 2042 2290 2098 fult
2328 2059 2482 2114 gene-

475 2131 704 2186 rationis
725 2131 979 2187 humanae
999 2131 1344 2202 principium,
1369 2137 1737 2202 provenerunt
1765 2148 1778 2186 :
1802 2132 1857 2186 in
1882 2129 2277 2187 resurrectione
2298 2137 2479 2187 autem

475 2231 582 2275 non
601 2219 705 2275 erit
733 2221 908 2274 virtus
932 2234 1098 2289 agens
1127 2218 1229 2272 nisi
1256 2218 1459 2285 divina,
1490 2217 1543 2273 in
1574 2234 1737 2293 quam
1767 2218 2014 2276 defectus
2042 2235 2145 2275 non
2172 2219 2343 2288 cadit,
2374 2235 2482 2274 non

476 2307 644 2378 igitur
670 2305 978 2376 hujusmodi
1006 2305 1270 2373 defectus,
1303 2305 1398 2379 qui
1428 2314 1555 2363 sunt
1582 2306 1637 2362 in
1668 2307 1979 2385 hominibus
2002 2308 2292 2380 general-ie,
2321 2317 2482 2365 erunt

477 2393 532 2449 in
559 2393 868 2449 hominibus
897 2409 992 2466 per
1021 2395 1475 2452 resurrectionem
1498 2397 1790 2468 reparatis.

1195 2563 1479 2633 CAPUT
1526 2526 1803 2634 <nt-131.⁴

585 2702 764 2778 Quod
789 2677 1101 2784 reauryent
1128 2705 1324 2774 solum
1349 2724 1481 2791 quea
1502 2707 1763 2771 suntad
1788 2709 2097 2772 veritatem
2124 2715 2379 2781 natum.

544 2833 700 2905 Quod
742 2841 929 2892 autem
971 2842 1056 2892 est
1101 2837 1310 2895 dictum
1351 2837 1420 2895 de
1462 2839 1780 2912 integritate
1822 2843 2242 2914 resurgentium,
2287 2842 2476 2898 referri

475 2929 689 2996 oportet
727 2925 795 2980 ad
819 2916 898 2991 id,
939 2926 1084 2998 quod
1113 2934 1197 2984 est
1233 2927 1302 2983 de
1329 2929 1565 2984 veritate
1591 2929 1847 2987 humanae
1874 2939 2105 2988 naturae.
2147 2931 2477 3002 Qnedbenim

473 3009 541 3066 de
567 3013 800 3068 veritate
836 3012 1089 3072 humanae
1115 3022 1329 3072 naturae
1357 3032 1465 3072 non
1506 3024 1609 3084 est,
1652 3017 1706 3074 in
1746 3018 2153 3090 resurgentibus
2180 3035 2288 3074 non
2318 3034 2476 3074 resu-

471 3107 668 3167 metur,
701 3101 941 3173 alioquin
968 3093 1243 3174 oporteret
1269 3106 1688 3163 immoderatam
1710 3102 1829 3163 esse
1851 3109 2282 3185 magnitudinem
2308 3123 2478 3163 resur·

472 3188 734 3257 gentium,
765 3190 808 3243 si
837 3190 1095 3262 quicquid
1127 3209 1192 3248 ex
1219 3192 1358 3248 cibis
1385 3195 1443 3248 in
1466 3211 1686 3251 carnem
1711 3203 1765 3252 et
1789 3197 2108 3267 sanguinem
2133 3205 2217 3253 est
2244 3212 2476 3254 conver·-

472 3291 612 3341 sum,
645 3277 698 3330 in
729 3280 1137 3350 resurgentibus
1173 3291 1480 3338 resumetur
1513 3301 1526 3338 :
1564 3286 1773 3340 veritas
1810 3292 1993 3340 autem
2022 3287 2183 3342 unius
2209 3287 2475 3358 cujusque

473 3372 682 3421 naturae
723 3369 1026 3424 secundum
1071 3386 1227 3426 suam
1267 3372 1523 3443 speciem,
1555 3380 1611 3428 et
1652 3374 1881 3430 formam
1924 3377 2246 3432 attenditur.
2288 3377 2475 3431 Partes

469 3454 637 3525 igitur
681 3454 934 3524 hominis,
979 3473 1102 3530 quae
1145 3459 1448 3516 secundum
1476 3462 1713 3534 speciem
1751 3469 1807 3518 et
1835 3460 2064 3520 formam
2092 3465 2471 3530 attenduntur,

470 3559 657 3600 omnes
687 3545 1026 3618 integraliter
1063 3538 1132 3602 in‘
1167 3551 1579 3620 resurgentibus
1605 3558 1783 3618 erunt,
1817 3568 1921 3607 non
1964 3553 2141 3608 solum
2170 3562 2355 3626 partes
2382 3569 2475 3608 or·-

469 3634 699 3704 ganicae,
718 3635 814 3690 sed
833 3635 998 3692 etiam
1013 3645 1198 3708 partes
1216 3637 1543 3702 consimiles,
1566 3647 1627 3695 ut
1647 3656 1796 3707 caro,
1815 3657 2031 3709 nervus,
2063 3650 2118 3698 et
2142 3642 2469 3715 hujusmodi,

447 3735 536 3776 ’ex
555 3723 752 3796 quibus
771 3725 1014 3781 membra
1039 3726 1294 3797 organica
1317 3737 1733 3802 componuntur.
1761 3732 1883 3787 Non
1906 3742 2091 3787 autem
2114 3737 2290 3788 totum
2316 3732 2475 3805 quio-

471 3810 602 3881 quid
646 3812 968 3868 naturaliter
1009 3812 1111 3869 fuit
1139 3814 1240 3870 sub
1285 3815 1354 3872 iis
1395 3818 1659 3889 partibus,
1692 3827 2019 3888 resumetur,
2065 3819 2161 3876 sed
2208 3827 2472 3894 quantum

472 3895 746 3954 sufficiens
760 3900 866 3954 erit
889 3901 957 3957 ad
973 3902 1209 3974 speciem
1227 3907 1467 3978 partium
1491 3907 1887 3978 integrandam.
1909 3910 2024 3966 Nec
2047 3915 2229 3966 tamen
2256 3915 2472 3982 propter
2505 3903 2529 3922 “’

443 3985 578 4042 ‘boc
603 3982 766 4057 home
790 3984 936 4044 idern
974 4005 1220 4060 numero,
1265 4001 1360 4050 aut
1385 3994 1594 4066 integer
1622 4009 1727 4052 nen
1754 3997 1881 4066 erit,
1912 3996 1961 4052 si
2003 4001 2179 4054 totum
2208 3994 2469 4070 quicquid
