<?xml version="1.0" encoding="UTF-8"?>
<!DOCTYPE html PUBLIC "-//W3C//DTD XHTML 1.0 Transitional//EN"
    "http://www.w3.org/TR/xhtml1/DTD/xhtml1-transitional.dtd">
<html xmlns="http://www.w3.org/1999/xhtml" xml:lang="en" lang="en">
 <head>
  <title>
</title>
<meta http-equiv="Content-Type" content="text/html;charset=utf-8" />
  <meta name='ocr-system' content='tesseract 3.04.00' />
  <meta name='ocr-capabilities' content='ocr_page ocr_carea ocr_par ocr_line ocrx_word'/>
</head>
<body>
  <div class='ocr_page' id='page_1' title='image "./sthomaquinatisd02thomgoog_0338.png"; bbox 0 0 2850 4517; ppageno 0'>
   <div class='ocr_carea' id='block_1_1' title="bbox 584 363 2115 445">
    <p class='ocr_par' dir='ltr' id='par_1_1' title="bbox 584 363 2115 445">
     <span class='ocr_line' id='line_1_1' title="bbox 584 363 2115 445; baseline -0.004 -2"><span class='ocrx_word' id='word_1_1' title='bbox 584 363 705 445; x_wconf 78' lang='lat'><strong>32&#39;4</strong></span> <span class='ocrx_word' id='word_1_2' title='bbox 1065 395 1118 439; x_wconf 77' lang='lat' dir='ltr'><strong>s,</strong></span> <span class='ocrx_word' id='word_1_3' title='bbox 1161 378 1395 437; x_wconf 64' lang='lat' dir='ltr'><strong>⁰¹1·quAE</strong></span> <span class='ocrx_word' id='word_1_4' title='bbox 1436 376 1764 441; x_wconf 50' lang='lat' dir='ltr'><strong>minuaris</strong></span> <span class='ocrx_word' id='word_1_5' title='bbox 1805 376 2115 438; x_wconf 62' lang='lat' dir='ltr'><strong>croscum</strong></span> 
     </span>
    </p>
   </div>
   <div class='ocr_carea' id='block_1_2' title="bbox 585 506 2620 2723">
    <p class='ocr_par' dir='ltr' id='par_1_2' title="bbox 585 506 2620 2723">
     <span class='ocr_line' id='line_1_2' title="bbox 588 506 2618 584; baseline -0.001 -15"><span class='ocrx_word' id='word_1_6' title='bbox 588 511 877 569; x_wconf 88' lang='lat' dir='ltr'><strong>tinentiam</strong></span> <span class='ocrx_word' id='word_1_7' title='bbox 903 510 1250 576; x_wconf 85' lang='lat' dir='ltr'><strong>servandam,</strong></span> <span class='ocrx_word' id='word_1_8' title='bbox 1282 515 1339 566; x_wconf 91' lang='lat' dir='ltr'><strong>et</strong></span> <span class='ocrx_word' id='word_1_9' title='bbox 1376 525 1499 566; x_wconf 87' lang='lat' dir='ltr'><strong>eam</strong></span> <span class='ocrx_word' id='word_1_10' title='bbox 1526 514 1731 577; x_wconf 87' lang='lat' dir='ltr'><strong>servat,</strong></span> <span class='ocrx_word' id='word_1_11' title='bbox 1762 506 1929 564; x_wconf 88' lang='lat' dir='ltr'><strong>habet</strong></span> <span class='ocrx_word' id='word_1_12' title='bbox 1969 513 2025 563; x_wconf 83' lang='lat' dir='ltr'><strong>et</strong></span> <span class='ocrx_word' id='word_1_13' title='bbox 2066 506 2424 566; x_wconf 78' lang='lat' dir='ltr'><strong>continentiae</strong></span> <span class='ocrx_word' id='word_1_14' title='bbox 2479 528 2618 584; x_wconf 79' lang='lat' dir='ltr'><strong>per-</strong></span> 
     </span>
     <span class='ocr_line' id='line_1_3' title="bbox 585 596 2620 669; baseline -0 -12"><span class='ocrx_word' id='word_1_15' title='bbox 585 601 899 668; x_wconf 84' lang='lat' dir='ltr'><strong>fectionem,</strong></span> <span class='ocrx_word' id='word_1_16' title='bbox 939 605 996 656; x_wconf 89' lang='lat' dir='ltr'><strong>et</strong></span> <span class='ocrx_word' id='word_1_17' title='bbox 1037 598 1171 655; x_wconf 88' lang='lat' dir='ltr'><strong>voti.</strong></span> <span class='ocrx_word' id='word_1_18' title='bbox 1214 596 1484 655; x_wconf 84' lang='lat' dir='ltr'><strong>Perfectio</strong></span> <span class='ocrx_word' id='word_1_19' title='bbox 1522 602 1707 654; x_wconf 85' lang='lat' dir='ltr'><strong>autem</strong></span> <span class='ocrx_word' id='word_1_20' title='bbox 1750 612 1876 669; x_wconf 84' lang='lat' dir='ltr'><strong>quae</strong></span> <span class='ocrx_word' id='word_1_21' title='bbox 1917 613 1984 652; x_wconf 87' lang='lat' dir='ltr'><strong>ex</strong></span> <span class='ocrx_word' id='word_1_22' title='bbox 2029 603 2181 665; x_wconf 88' lang='lat' dir='ltr'><strong>voto,</strong></span> <span class='ocrx_word' id='word_1_23' title='bbox 2223 598 2620 656; x_wconf 85' lang='lat' dir='ltr'><strong>conditionem</strong></span> 
     </span>
     <span class='ocr_line' id='line_1_4' title="bbox 588 676 2616 760; baseline -0.001 -13"><span class='ocrx_word' id='word_1_24' title='bbox 588 695 765 747; x_wconf 88' lang='lat' dir='ltr'><strong>mutat</strong></span> <span class='ocrx_word' id='word_1_25' title='bbox 787 696 843 745; x_wconf 88' lang='lat' dir='ltr'><strong>et</strong></span> <span class='ocrx_word' id='word_1_26' title='bbox 867 687 1407 756; x_wconf 83' lang='lat' dir='ltr'><strong>statum‚secundum</strong></span> <span class='ocrx_word' id='word_1_27' title='bbox 1432 681 1578 760; x_wconf 88' lang='lat' dir='ltr'><strong>quod</strong></span> <span class='ocrx_word' id='word_1_28' title='bbox 1608 682 1834 743; x_wconf 89' lang='lat' dir='ltr'><strong>libertas</strong></span> <span class='ocrx_word' id='word_1_29' title='bbox 1857 691 1916 742; x_wconf 88' lang='lat' dir='ltr'><strong>et</strong></span> <span class='ocrx_word' id='word_1_30' title='bbox 1937 686 2176 743; x_wconf 84' lang='lat' dir='ltr'><strong>servitus</strong></span> <span class='ocrx_word' id='word_1_31' title='bbox 2195 676 2435 744; x_wconf 76' lang='lat' dir='ltr'><strong>diversae</strong></span> <span class='ocrx_word' id='word_1_32' title='bbox 2473 705 2616 747; x_wconf 89' lang='lat' dir='ltr'><strong>con-</strong></span> 
     </span>
     <span class='ocr_line' id='line_1_5' title="bbox 585 776 2616 853; baseline 0 -16"><span class='ocrx_word' id='word_1_33' title='bbox 585 779 828 848; x_wconf 74' lang='lat' dir='ltr'><strong>ditioni3‚</strong></span> <span class='ocrx_word' id='word_1_34' title='bbox 844 778 929 837; x_wconf 92' lang='lat' dir='ltr'><strong>vel</strong></span> <span class='ocrx_word' id='word_1_35' title='bbox 954 784 1131 835; x_wconf 85' lang='lat' dir='ltr'><strong>status</strong></span> <span class='ocrx_word' id='word_1_36' title='bbox 1154 793 1275 834; x_wconf 83' lang='lat' dir='ltr'><strong>esse</strong></span> <span class='ocrx_word' id='word_1_37' title='bbox 1302 777 1578 835; x_wconf 85' lang='lat' dir='ltr'><strong>dicuntur.</strong></span> <span class='ocrx_word' id='word_1_38' title='bbox 1597 776 1688 833; x_wconf 85' lang='lat' dir='ltr'><strong>Sic</strong></span> <span class='ocrx_word' id='word_1_39' title='bbox 1711 776 1858 833; x_wconf 90' lang='lat' dir='ltr'><strong>enim</strong></span> <span class='ocrx_word' id='word_1_40' title='bbox 1887 776 2154 851; x_wconf 78' lang='lat' dir='ltr'>accipitur</span> <span class='ocrx_word' id='word_1_41' title='bbox 2169 783 2350 833; x_wconf 86' lang='lat' dir='ltr'><strong>status</strong></span> <span class='ocrx_word' id='word_1_42' title='bbox 2372 782 2426 835; x_wconf 81' lang='lat'><strong>2.</strong></span> <span class='ocrx_word' id='word_1_43' title='bbox 2465 798 2534 853; x_wconf 87' lang='lat' dir='ltr'><strong>q.</strong></span> <span class='ocrx_word' id='word_1_44' title='bbox 2562 786 2616 837; x_wconf 81' lang='grc'><strong>9.</strong></span> 
     </span>
     <span class='ocr_line' id='line_1_6' title="bbox 586 864 2612 940; baseline 0 -13"><span class='ocrx_word' id='word_1_45' title='bbox 586 868 978 927; x_wconf 81' lang='lat' dir='ltr'><strong>ubi-Adrianus</strong></span> <span class='ocrx_word' id='word_1_46' title='bbox 1014 869 1160 940; x_wconf 86' lang='lat' dir='ltr'><strong>Papa</strong></span> <span class='ocrx_word' id='word_1_47' title='bbox 1188 866 1267 924; x_wconf 89' lang='lat' dir='ltr'><strong>ait</strong></span> <span class='ocrx_word' id='word_1_48' title='bbox 1296 883 1309 921; x_wconf 91' lang='lat'><strong>:</strong></span> <span class='ocrx_word' id='word_1_49' title='bbox 1340 886 1365 920; x_wconf 79' lang='grc' dir='ltr'><strong>α</strong></span> <span class='ocrx_word' id='word_1_50' title='bbox 1392 865 1695 939; x_wconf 89' lang='lat' dir='ltr'><strong>Siquando</strong></span> <span class='ocrx_word' id='word_1_51' title='bbox 1735 865 1790 922; x_wconf 88' lang='lat' dir='ltr'><strong>in</strong></span> <span class='ocrx_word' id='word_1_52' title='bbox 1828 881 1998 923; x_wconf 88' lang='lat' dir='ltr'><strong>causa</strong></span> <span class='ocrx_word' id='word_1_53' title='bbox 2022 864 2268 938; x_wconf 84' lang='lat' dir='ltr'><strong>capitali,</strong></span> <span class='ocrx_word' id='word_1_54' title='bbox 2304 866 2397 924; x_wconf 88' lang='lat' dir='ltr'><strong>vel</strong></span> <span class='ocrx_word' id='word_1_55' title='bbox 2426 884 2612 927; x_wconf 89' lang='lat' dir='ltr'><strong>causa</strong></span> 
     </span>
     <span class='ocr_line' id='line_1_7' title="bbox 586 946 2615 1029; baseline -0.001 -14"><span class='ocrx_word' id='word_1_56' title='bbox 586 964 765 1016; x_wconf 85' lang='lat' dir='ltr'><strong>status</strong></span> <span class='ocrx_word' id='word_1_57' title='bbox 793 955 1198 1029; x_wconf 86' lang='lat' dir='ltr'><strong>interpellatum</strong></span> <span class='ocrx_word' id='word_1_58' title='bbox 1228 955 1410 1023; x_wconf 84' lang='lat' dir='ltr'><strong>fuerit,</strong></span> <span class='ocrx_word' id='word_1_59' title='bbox 1435 970 1542 1011; x_wconf 89' lang='lat' dir='ltr'><strong>non</strong></span> <span class='ocrx_word' id='word_1_60' title='bbox 1569 971 1667 1027; x_wconf 89' lang='lat' dir='ltr'><strong>per</strong></span> <span class='ocrx_word' id='word_1_61' title='bbox 1687 952 2078 1027; x_wconf 50' lang='lat' dir='ltr'><strong>exploratorem</strong></span> <span class='ocrx_word' id='word_1_62' title='bbox 2102 946 2196 1011; x_wconf 89' lang='lat' dir='ltr'><strong>sed</strong></span> <span class='ocrx_word' id='word_1_63' title='bbox 2221 970 2319 1027; x_wconf 90' lang='lat' dir='ltr'><strong>per</strong></span> <span class='ocrx_word' id='word_1_64' title='bbox 2342 955 2506 1029; x_wconf 87' lang='lat' dir='ltr'><strong>ipsos</strong></span> <span class='ocrx_word' id='word_1_65' title='bbox 2531 966 2615 1016; x_wconf 88' lang='lat' dir='ltr'><strong>est</strong></span> 
     </span>
     <span class='ocr_line' id='line_1_8' title="bbox 586 1044 2612 1121; baseline -0.001 -16"><span class='ocrx_word' id='word_1_66' title='bbox 586 1048 879 1121; x_wconf 87' lang='lat' dir='ltr'><strong>agendum.</strong></span> <span class='ocrx_word' id='word_1_67' title='bbox 905 1066 931 1099; x_wconf 69' lang='lat' dir='ltr'><strong>n</strong></span> <span class='ocrx_word' id='word_1_68' title='bbox 951 1046 1093 1103; x_wconf 89' lang='lat' dir='ltr'><strong>Nam</strong></span> <span class='ocrx_word' id='word_1_69' title='bbox 1119 1045 1251 1102; x_wconf 90' lang='lat' dir='ltr'><strong>dum</strong></span> <span class='ocrx_word' id='word_1_70' title='bbox 1281 1044 1481 1118; x_wconf 86' lang='lat' dir='ltr'><strong>aliquis</strong></span> <span class='ocrx_word' id='word_1_71' title='bbox 1505 1050 1668 1101; x_wconf 82' lang='lat' dir='ltr'><strong>vovet</strong></span> <span class='ocrx_word' id='word_1_72' title='bbox 1697 1044 2093 1101; x_wconf 74' lang='lat' dir='ltr'><strong>continentiam</strong></span> <span class='ocrx_word' id='word_1_73' title='bbox 2129 1060 2375 1116; x_wconf 83' lang='lat' dir='ltr'><strong>servare,</strong></span> <span class='ocrx_word' id='word_1_74' title='bbox 2405 1048 2612 1103; x_wconf 81' lang='lat' dir='ltr'>adimit</span> 
     </span>
     <span class='ocr_line' id='line_1_9' title="bbox 586 1132 2612 1206; baseline -0 -12"><span class='ocrx_word' id='word_1_75' title='bbox 586 1138 692 1195; x_wconf 81' lang='lat' dir='ltr'><strong>sibi</strong></span> <span class='ocrx_word' id='word_1_76' title='bbox 719 1136 1030 1193; x_wconf 88' lang='lat' dir='ltr'><strong>libertatem</strong></span> <span class='ocrx_word' id='word_1_77' title='bbox 1059 1134 1291 1191; x_wconf 86' lang='lat' dir='ltr'><strong>ducendi</strong></span> <span class='ocrx_word' id='word_1_78' title='bbox 1329 1149 1554 1190; x_wconf 87' lang='lat' dir='ltr'><strong>uxorem</strong></span> <span class='ocrx_word' id='word_1_79' title='bbox 1585 1148 1600 1189; x_wconf 73' lang='grc' dir='ltr'><strong>ε</strong></span> <span class='ocrx_word' id='word_1_80' title='bbox 1627 1132 1724 1206; x_wconf 89' lang='lat' dir='ltr'><strong>qui</strong></span> <span class='ocrx_word' id='word_1_81' title='bbox 1763 1139 1949 1190; x_wconf 89' lang='lat' dir='ltr'><strong>autem</strong></span> <span class='ocrx_word' id='word_1_82' title='bbox 1985 1133 2306 1206; x_wconf 88' lang='lat' dir='ltr'><strong>simpliciter</strong></span> <span class='ocrx_word' id='word_1_83' title='bbox 2351 1136 2612 1193; x_wconf 83' lang='lat' dir='ltr'><strong>continet</strong></span> 
     </span>
     <span class='ocr_line' id='line_1_10' title="bbox 586 1222 2612 1299; baseline -0 -17"><span class='ocrx_word' id='word_1_84' title='bbox 586 1224 796 1299; x_wconf 82' lang='lat' dir='ltr'><strong>absque</strong></span> <span class='ocrx_word' id='word_1_85' title='bbox 818 1230 969 1293; x_wconf 88' lang='lat' dir='ltr'><strong>voto,</strong></span> <span class='ocrx_word' id='word_1_86' title='bbox 996 1222 1265 1297; x_wconf 88' lang='lat' dir='ltr'><strong>praedicta</strong></span> <span class='ocrx_word' id='word_1_87' title='bbox 1290 1222 1545 1279; x_wconf 86' lang='lat' dir='ltr'><strong>libertate</strong></span> <span class='ocrx_word' id='word_1_88' title='bbox 1573 1237 1682 1277; x_wconf 88' lang='lat' dir='ltr'><strong>non</strong></span> <span class='ocrx_word' id='word_1_89' title='bbox 1711 1222 1994 1294; x_wconf 87' lang='lat' dir='ltr'><strong>privatur;</strong></span> <span class='ocrx_word' id='word_1_90' title='bbox 2020 1238 2130 1279; x_wconf 90' lang='lat' dir='ltr'><strong>non</strong></span> <span class='ocrx_word' id='word_1_91' title='bbox 2153 1238 2284 1294; x_wconf 77' lang='lat' dir='ltr'><strong>engo</strong></span> <span class='ocrx_word' id='word_1_92' title='bbox 2329 1222 2390 1279; x_wconf 89' lang='lat' dir='ltr'><strong>in</strong></span> <span class='ocrx_word' id='word_1_93' title='bbox 2415 1223 2612 1298; x_wconf 85' lang='lat' dir='ltr'><strong>aliquo</strong></span> 
     </span>
     <span class='ocr_line' id='line_1_11' title="bbox 588 1309 2609 1386; baseline 0 -17"><span class='ocrx_word' id='word_1_94' title='bbox 588 1320 833 1369; x_wconf 90' lang='lat' dir='ltr'><strong>mutatur</strong></span> <span class='ocrx_word' id='word_1_95' title='bbox 862 1314 980 1386; x_wconf 86' lang='lat' dir='ltr'><strong>ejus</strong></span> <span class='ocrx_word' id='word_1_96' title='bbox 1002 1312 1263 1379; x_wconf 88' lang='lat' dir='ltr'><strong>conditio,</strong></span> <span class='ocrx_word' id='word_1_97' title='bbox 1279 1312 1423 1367; x_wconf 88' lang='lat' dir='ltr'><strong>sicut</strong></span> <span class='ocrx_word' id='word_1_98' title='bbox 1448 1314 1694 1367; x_wconf 87' lang='lat' dir='ltr'><strong>mutatur</strong></span> <span class='ocrx_word' id='word_1_99' title='bbox 1713 1309 1956 1366; x_wconf 89' lang='lat' dir='ltr'><strong>conditio</strong></span> <span class='ocrx_word' id='word_1_100' title='bbox 1985 1311 2114 1383; x_wconf 82' lang='lat' dir='ltr'><strong>ejus</strong></span> <span class='ocrx_word' id='word_1_101' title='bbox 2127 1309 2222 1383; x_wconf 85' lang='lat' dir='ltr'><strong>qui</strong></span> <span class='ocrx_word' id='word_1_102' title='bbox 2248 1321 2436 1368; x_wconf 88' lang='lat' dir='ltr'><strong>vovet.</strong></span> <span class='ocrx_word' id='word_1_103' title='bbox 2461 1314 2609 1369; x_wconf 89' lang='lat' dir='ltr'><strong>Nam</strong></span> 
     </span>
     <span class='ocr_line' id='line_1_12' title="bbox 587 1388 2607 1475; baseline -0.001 -14"><span class='ocrx_word' id='word_1_104' title='bbox 587 1388 643 1460; x_wconf 80' lang='lat' dir='ltr'><strong>et</strong></span> <span class='ocrx_word' id='word_1_105' title='bbox 672 1403 815 1475; x_wconf 88' lang='lat' dir='ltr'><strong>apud</strong></span> <span class='ocrx_word' id='word_1_106' title='bbox 843 1402 1092 1457; x_wconf 86' lang='lat' dir='ltr'><strong>homines</strong></span> <span class='ocrx_word' id='word_1_107' title='bbox 1115 1402 1161 1457; x_wconf 86' lang='lat' dir='ltr'><strong>si</strong></span> <span class='ocrx_word' id='word_1_108' title='bbox 1188 1401 1312 1475; x_wconf 87' lang='lat' dir='ltr'><strong>quis</strong></span> <span class='ocrx_word' id='word_1_109' title='bbox 1328 1400 1491 1457; x_wconf 90' lang='lat' dir='ltr'><strong>alicui</strong></span> <span class='ocrx_word' id='word_1_110' title='bbox 1514 1398 1869 1473; x_wconf 84' lang='lat' dir='ltr'><strong>obsequatur,</strong></span> <span class='ocrx_word' id='word_1_111' title='bbox 1883 1415 1992 1455; x_wconf 89' lang='lat' dir='ltr'><strong>non</strong></span> <span class='ocrx_word' id='word_1_112' title='bbox 2017 1415 2085 1455; x_wconf 84' lang='lat' dir='ltr'><strong>ex</strong></span> <span class='ocrx_word' id='word_1_113' title='bbox 2106 1399 2210 1455; x_wconf 90' lang='lat' dir='ltr'><strong>hoc</strong></span> <span class='ocrx_word' id='word_1_114' title='bbox 2227 1400 2607 1459; x_wconf 85' lang='lat' dir='ltr'><strong>conditionem</strong></span> 
     </span>
     <span class='ocr_line' id='line_1_13' title="bbox 588 1487 2607 1563; baseline -0 -15"><span class='ocrx_word' id='word_1_115' title='bbox 588 1499 786 1559; x_wconf 87' lang='lat' dir='ltr'><strong>mutat,</strong></span> <span class='ocrx_word' id='word_1_116' title='bbox 815 1491 912 1549; x_wconf 85' lang='lat' dir='ltr'><strong>sed</strong></span> <span class='ocrx_word' id='word_1_117' title='bbox 942 1490 989 1547; x_wconf 88' lang='lat' dir='ltr'><strong>si</strong></span> <span class='ocrx_word' id='word_1_118' title='bbox 1013 1490 1219 1563; x_wconf 86' lang='lat' dir='ltr'><strong>obligat</strong></span> <span class='ocrx_word' id='word_1_119' title='bbox 1248 1506 1307 1547; x_wconf 85' lang='lat' dir='ltr'><strong>se</strong></span> <span class='ocrx_word' id='word_1_120' title='bbox 1347 1488 1415 1546; x_wconf 87' lang='lat' dir='ltr'><strong>ad</strong></span> <span class='ocrx_word' id='word_1_121' title='bbox 1454 1487 1823 1556; x_wconf 84' lang='lat' dir='ltr'><strong>serviendum,</strong></span> <span class='ocrx_word' id='word_1_122' title='bbox 1844 1488 1962 1561; x_wconf 89' lang='lat' dir='ltr'><strong>jam</strong></span> <span class='ocrx_word' id='word_1_123' title='bbox 2001 1487 2228 1545; x_wconf 82' lang='lat' dir='ltr'><strong>alterius</strong></span> <span class='ocrx_word' id='word_1_124' title='bbox 2267 1490 2607 1547; x_wconf 86' lang='lat' dir='ltr'><strong>conditionis</strong></span> 
     </span>
     <span class='ocr_line' id='line_1_14' title="bbox 588 1575 2606 1651; baseline 0 -14"><span class='ocrx_word' id='word_1_125' title='bbox 588 1580 843 1637; x_wconf 87' lang='lat' dir='ltr'><strong>efficitur.</strong></span> <span class='ocrx_word' id='word_1_126' title='bbox 873 1579 979 1637; x_wconf 85' lang='lat' dir='ltr'><strong>Sed</strong></span> <span class='ocrx_word' id='word_1_127' title='bbox 1008 1578 1466 1636; x_wconf 88' lang='lat' dir='ltr'><strong>considerandum</strong></span> <span class='ocrx_word' id='word_1_128' title='bbox 1495 1582 1598 1645; x_wconf 84' lang='lat' dir='ltr'><strong>est,</strong></span> <span class='ocrx_word' id='word_1_129' title='bbox 1627 1577 1771 1650; x_wconf 88' lang='lat' dir='ltr'><strong>quod</strong></span> <span class='ocrx_word' id='word_1_130' title='bbox 1803 1582 1984 1649; x_wconf 88' lang='lat' dir='ltr'><strong>potest</strong></span> <span class='ocrx_word' id='word_1_131' title='bbox 2009 1575 2207 1651; x_wconf 86' lang='lat' dir='ltr'><strong>aliquis</strong></span> <span class='ocrx_word' id='word_1_132' title='bbox 2233 1578 2337 1633; x_wconf 87' lang='lat' dir='ltr'><strong>sibi</strong></span> <span class='ocrx_word' id='word_1_133' title='bbox 2370 1578 2606 1638; x_wconf 88' lang='lat' dir='ltr'><strong>liberta-</strong></span> 
     </span>
     <span class='ocr_line' id='line_1_15' title="bbox 589 1656 2605 1743; baseline 0 -17"><span class='ocrx_word' id='word_1_134' title='bbox 589 1678 703 1726; x_wconf 87' lang='lat' dir='ltr'><strong>tem</strong></span> <span class='ocrx_word' id='word_1_135' title='bbox 731 1670 973 1726; x_wconf 84' lang='lat' dir='ltr'>adimere</span> <span class='ocrx_word' id='word_1_136' title='bbox 1003 1668 1087 1726; x_wconf 89' lang='lat' dir='ltr'><strong>vel</strong></span> <span class='ocrx_word' id='word_1_137' title='bbox 1126 1656 1415 1740; x_wconf 73' lang='lat' dir='ltr'><strong>simpliter,</strong></span> <span class='ocrx_word' id='word_1_138' title='bbox 1443 1666 1529 1723; x_wconf 88' lang='lat' dir='ltr'><strong>vel</strong></span> <span class='ocrx_word' id='word_1_139' title='bbox 1573 1666 1872 1721; x_wconf 86' lang='lat' dir='ltr'><strong>secundum</strong></span> <span class='ocrx_word' id='word_1_140' title='bbox 1914 1664 2065 1739; x_wconf 89' lang='lat' dir='ltr'><strong>quid.</strong></span> <span class='ocrx_word' id='word_1_141' title='bbox 2098 1666 2154 1723; x_wconf 90' lang='lat' dir='ltr'><strong>Si</strong></span> <span class='ocrx_word' id='word_1_142' title='bbox 2207 1668 2356 1723; x_wconf 86' lang='lat' dir='ltr'><strong>enim</strong></span> <span class='ocrx_word' id='word_1_143' title='bbox 2399 1668 2605 1743; x_wconf 85' lang='lat' dir='ltr'><strong>aliquis</strong></span> 
     </span>
     <span class='ocr_line' id='line_1_16' title="bbox 588 1754 2602 1833; baseline 0 -18"><span class='ocrx_word' id='word_1_144' title='bbox 588 1775 649 1815; x_wconf 82' lang='lat' dir='ltr'><strong>se</strong></span> <span class='ocrx_word' id='word_1_145' title='bbox 672 1759 807 1826; x_wconf 72' lang='lat' dir='ltr'><strong>Det),</strong></span> <span class='ocrx_word' id='word_1_146' title='bbox 842 1758 925 1815; x_wconf 88' lang='lat' dir='ltr'><strong>vel</strong></span> <span class='ocrx_word' id='word_1_147' title='bbox 951 1757 1155 1814; x_wconf 90' lang='lat' dir='ltr'><strong>homini</strong></span> <span class='ocrx_word' id='word_1_148' title='bbox 1182 1756 1386 1829; x_wconf 85' lang='lat' dir='ltr'><strong>obliget</strong></span> <span class='ocrx_word' id='word_1_149' title='bbox 1410 1755 1481 1812; x_wconf 89' lang='lat' dir='ltr'><strong>ad</strong></span> <span class='ocrx_word' id='word_1_150' title='bbox 1531 1754 1740 1829; x_wconf 87' lang='lat' dir='ltr'><strong>aliquid</strong></span> <span class='ocrx_word' id='word_1_151' title='bbox 1770 1755 2078 1811; x_wconf 85' lang='lat' dir='ltr'><strong>faciendum</strong></span> <span class='ocrx_word' id='word_1_152' title='bbox 2119 1756 2378 1828; x_wconf 85' lang='lat' dir='ltr'><strong>speciale,</strong></span> <span class='ocrx_word' id='word_1_153' title='bbox 2409 1766 2467 1814; x_wconf 86' lang='lat' dir='ltr'><strong>et</strong></span> <span class='ocrx_word' id='word_1_154' title='bbox 2503 1775 2602 1833; x_wconf 90' lang='lat' dir='ltr'><strong>pro</strong></span> 
     </span>
     <span class='ocr_line' id='line_1_17' title="bbox 589 1844 2606 1921; baseline 0 -17"><span class='ocrx_word' id='word_1_155' title='bbox 589 1847 774 1921; x_wconf 87' lang='lat' dir='ltr'><strong>aliquo</strong></span> <span class='ocrx_word' id='word_1_156' title='bbox 801 1857 1064 1921; x_wconf 84' lang='lat' dir='ltr'><strong>tempore,</strong></span> <span class='ocrx_word' id='word_1_157' title='bbox 1096 1863 1202 1903; x_wconf 88' lang='lat' dir='ltr'><strong>non</strong></span> <span class='ocrx_word' id='word_1_158' title='bbox 1228 1845 1552 1919; x_wconf 84' lang='lat' dir='ltr'><strong>simpliciter</strong></span> <span class='ocrx_word' id='word_1_159' title='bbox 1575 1844 1886 1901; x_wconf 83' lang='lat' dir='ltr'><strong>libertatem</strong></span> <span class='ocrx_word' id='word_1_160' title='bbox 1925 1844 2126 1912; x_wconf 86' lang='lat' dir='ltr'><strong>amisit,</strong></span> <span class='ocrx_word' id='word_1_161' title='bbox 2160 1844 2258 1900; x_wconf 88' lang='lat' dir='ltr'><strong>sed</strong></span> <span class='ocrx_word' id='word_1_162' title='bbox 2295 1846 2474 1903; x_wconf 88' lang='lat' dir='ltr'><strong>solum</strong></span> <span class='ocrx_word' id='word_1_163' title='bbox 2506 1864 2606 1905; x_wconf 83' lang='lat' dir='ltr'><strong>se-</strong></span> 
     </span>
     <span class='ocr_line' id='line_1_18' title="bbox 590 1932 2604 2009; baseline -0 -14"><span class='ocrx_word' id='word_1_164' title='bbox 590 1938 828 1995; x_wconf 87' lang='lat' dir='ltr'><strong>cundum</strong></span> <span class='ocrx_word' id='word_1_165' title='bbox 854 1936 986 1993; x_wconf 84' lang='lat' dir='ltr'><strong>illud</strong></span> <span class='ocrx_word' id='word_1_166' title='bbox 1008 1936 1079 1991; x_wconf 90' lang='lat' dir='ltr'><strong>ad</strong></span> <span class='ocrx_word' id='word_1_167' title='bbox 1107 1936 1255 2009; x_wconf 91' lang='lat' dir='ltr'><strong>quod</strong></span> <span class='ocrx_word' id='word_1_168' title='bbox 1280 1952 1338 1990; x_wconf 90' lang='lat' dir='ltr'><strong>se</strong></span> <span class='ocrx_word' id='word_1_169' title='bbox 1363 1933 1721 2005; x_wconf 85' lang='lat' dir='ltr'><strong>obligavit.Si</strong></span> <span class='ocrx_word' id='word_1_170' title='bbox 1752 1939 1936 1989; x_wconf 89' lang='lat' dir='ltr'><strong>autem</strong></span> <span class='ocrx_word' id='word_1_171' title='bbox 1965 1949 2025 1989; x_wconf 85' lang='lat' dir='ltr'><strong>se</strong></span> <span class='ocrx_word' id='word_1_172' title='bbox 2052 1932 2304 1991; x_wconf 86' lang='lat' dir='ltr'><strong>totaliter</strong></span> <span class='ocrx_word' id='word_1_173' title='bbox 2326 1934 2383 1990; x_wconf 90' lang='lat' dir='ltr'><strong>in</strong></span> <span class='ocrx_word' id='word_1_174' title='bbox 2411 1944 2604 2009; x_wconf 85' lang='lat' dir='ltr'><strong>potes-</strong></span> 
     </span>
     <span class='ocr_line' id='line_1_19' title="bbox 592 2018 2604 2098; baseline -0.001 -15"><span class='ocrx_word' id='word_1_175' title='bbox 592 2035 707 2083; x_wconf 88' lang='lat' dir='ltr'><strong>tate</strong></span> <span class='ocrx_word' id='word_1_176' title='bbox 738 2025 969 2098; x_wconf 85' lang='lat' dir='ltr'><strong>alicujus</strong></span> <span class='ocrx_word' id='word_1_177' title='bbox 1005 2031 1191 2097; x_wconf 86' lang='lat' dir='ltr'><strong>ponat,</strong></span> <span class='ocrx_word' id='word_1_178' title='bbox 1224 2025 1305 2081; x_wconf 87' lang='lat' dir='ltr'><strong>ita</strong></span> <span class='ocrx_word' id='word_1_179' title='bbox 1346 2022 1494 2097; x_wconf 88' lang='lat' dir='ltr'><strong>quod</strong></span> <span class='ocrx_word' id='word_1_180' title='bbox 1537 2018 1671 2078; x_wconf 88' lang='lat' dir='ltr'><strong>nihil</strong></span> <span class='ocrx_word' id='word_1_181' title='bbox 1711 2021 1814 2077; x_wconf 90' lang='lat' dir='ltr'><strong>sibi</strong></span> <span class='ocrx_word' id='word_1_182' title='bbox 1859 2020 2132 2079; x_wconf 77' lang='lat' dir='ltr'><strong>libertatis</strong></span> <span class='ocrx_word' id='word_1_183' title='bbox 2175 2024 2432 2091; x_wconf 84' lang='lat' dir='ltr'><strong>retineat,</strong></span> <span class='ocrx_word' id='word_1_184' title='bbox 2465 2025 2604 2081; x_wconf 89' lang='lat' dir='ltr'><strong>sim-</strong></span> 
     </span>
     <span class='ocr_line' id='line_1_20' title="bbox 590 2110 2600 2189; baseline 0 -20"><span class='ocrx_word' id='word_1_185' title='bbox 590 2116 807 2189; x_wconf 87' lang='lat' dir='ltr'><strong>pliciter</strong></span> <span class='ocrx_word' id='word_1_186' title='bbox 830 2114 1201 2170; x_wconf 85' lang='lat' dir='ltr'><strong>conditionem</strong></span> <span class='ocrx_word' id='word_1_187' title='bbox 1244 2112 1480 2169; x_wconf 88' lang='lat' dir='ltr'><strong>mutavit</strong></span> <span class='ocrx_word' id='word_1_188' title='bbox 1527 2110 1706 2168; x_wconf 79' lang='lat' dir='ltr'><strong>factus</strong></span> <span class='ocrx_word' id='word_1_189' title='bbox 1747 2110 2070 2183; x_wconf 81' lang='lat' dir='ltr'><strong>simpliciter</strong></span> <span class='ocrx_word' id='word_1_190' title='bbox 2106 2127 2321 2169; x_wconf 85' lang='lat' dir='ltr'><strong>servus.</strong></span> <span class='ocrx_word' id='word_1_191' title='bbox 2343 2114 2438 2170; x_wconf 89' lang='lat' dir='ltr'><strong>Sic</strong></span> <span class='ocrx_word' id='word_1_192' title='bbox 2471 2130 2600 2187; x_wconf 83' lang='lat' dir='ltr'><strong>ergo</strong></span> 
     </span>
     <span class='ocr_line' id='line_1_21' title="bbox 592 2199 2603 2277; baseline -0 -18"><span class='ocrx_word' id='word_1_193' title='bbox 592 2204 723 2259; x_wconf 89' lang='lat' dir='ltr'><strong>dum</strong></span> <span class='ocrx_word' id='word_1_194' title='bbox 755 2202 955 2275; x_wconf 87' lang='lat' dir='ltr'><strong>aliquis</strong></span> <span class='ocrx_word' id='word_1_195' title='bbox 983 2202 1117 2264; x_wconf 69' lang='lat' dir='ltr'><strong>DoO,</strong></span> <span class='ocrx_word' id='word_1_196' title='bbox 1142 2209 1307 2258; x_wconf 84' lang='lat' dir='ltr'><strong>vovet</strong></span> <span class='ocrx_word' id='word_1_197' title='bbox 1345 2200 1567 2275; x_wconf 84' lang='lat' dir='ltr'><strong>aliquod</strong></span> <span class='ocrx_word' id='word_1_198' title='bbox 1615 2199 1947 2275; x_wconf 79' lang='lat' dir='ltr'><strong>particulare</strong></span> <span class='ocrx_word' id='word_1_199' title='bbox 1983 2215 2138 2273; x_wconf 77' lang='lat' dir='ltr'><strong>opuS‚</strong></span> <span class='ocrx_word' id='word_1_200' title='bbox 2170 2206 2323 2272; x_wconf 87' lang='lat' dir='ltr'><strong>puta,</strong></span> <span class='ocrx_word' id='word_1_201' title='bbox 2352 2204 2603 2277; x_wconf 85' lang='lat' dir='ltr'><strong>peregri-</strong></span> 
     </span>
     <span class='ocr_line' id='line_1_22' title="bbox 592 2286 2602 2369; baseline 0 -23"><span class='ocrx_word' id='word_1_202' title='bbox 592 2292 891 2355; x_wconf 80' lang='lat' dir='ltr'><strong>nationem,</strong></span> <span class='ocrx_word' id='word_1_203' title='bbox 923 2295 1019 2345; x_wconf 91' lang='lat' dir='ltr'><strong>aut</strong></span> <span class='ocrx_word' id='word_1_204' title='bbox 1045 2288 1337 2361; x_wconf 87' lang='lat' dir='ltr'><strong>jejunium,</strong></span> <span class='ocrx_word' id='word_1_205' title='bbox 1371 2296 1468 2345; x_wconf 89' lang='lat' dir='ltr'><strong>aut</strong></span> <span class='ocrx_word' id='word_1_206' title='bbox 1515 2288 1737 2361; x_wconf 85' lang='lat' dir='ltr'><strong>aliquod</strong></span> <span class='ocrx_word' id='word_1_207' title='bbox 1772 2286 2106 2369; x_wconf 81' lang='lat' dir='ltr'><strong>hujusmodi,</strong></span> <span class='ocrx_word' id='word_1_208' title='bbox 2132 2305 2241 2347; x_wconf 91' lang='lat' dir='ltr'><strong>non</strong></span> <span class='ocrx_word' id='word_1_209' title='bbox 2283 2290 2602 2363; x_wconf 86' lang='lat' dir='ltr'><strong>simpliciter</strong></span> 
     </span>
     <span class='ocr_line' id='line_1_23' title="bbox 592 2376 2600 2452; baseline 0.002 -18"><span class='ocrx_word' id='word_1_210' title='bbox 592 2378 983 2445; x_wconf 82' lang='lat' dir='ltr'><strong>conditionem,</strong></span> <span class='ocrx_word' id='word_1_211' title='bbox 1017 2376 1105 2433; x_wconf 90' lang='lat' dir='ltr'><strong>vel</strong></span> <span class='ocrx_word' id='word_1_212' title='bbox 1132 2383 1340 2433; x_wconf 87' lang='lat' dir='ltr'><strong>statum</strong></span> <span class='ocrx_word' id='word_1_213' title='bbox 1364 2378 1621 2447; x_wconf 86' lang='lat' dir='ltr'><strong>mutavit,</strong></span> <span class='ocrx_word' id='word_1_214' title='bbox 1646 2378 1740 2434; x_wconf 84' lang='lat' dir='ltr'><strong>sed</strong></span> <span class='ocrx_word' id='word_1_215' title='bbox 1780 2378 2080 2435; x_wconf 87' lang='lat' dir='ltr'><strong>secundum</strong></span> <span class='ocrx_word' id='word_1_216' title='bbox 2125 2379 2332 2452; x_wconf 89' lang='lat' dir='ltr'><strong>aliquid</strong></span> <span class='ocrx_word' id='word_1_217' title='bbox 2364 2388 2600 2438; x_wconf 87' lang='lat' dir='ltr'><strong>tantum.</strong></span> 
     </span>
     <span class='ocr_line' id='line_1_24' title="bbox 591 2464 2604 2545; baseline 0.002 -22"><span class='ocrx_word' id='word_1_218' title='bbox 591 2465 649 2523; x_wconf 88' lang='lat' dir='ltr'><strong>Si</strong></span> <span class='ocrx_word' id='word_1_219' title='bbox 674 2480 805 2522; x_wconf 88' lang='lat' dir='ltr'><strong>vero</strong></span> <span class='ocrx_word' id='word_1_220' title='bbox 834 2470 1008 2522; x_wconf 89' lang='lat' dir='ltr'><strong>totam</strong></span> <span class='ocrx_word' id='word_1_221' title='bbox 1036 2464 1208 2523; x_wconf 83' lang='lat' dir='ltr'><strong>vitam</strong></span> <span class='ocrx_word' id='word_1_222' title='bbox 1236 2480 1395 2521; x_wconf 88' lang='lat' dir='ltr'><strong>suam</strong></span> <span class='ocrx_word' id='word_1_223' title='bbox 1422 2471 1550 2521; x_wconf 91' lang='lat' dir='ltr'><strong>voto</strong></span> <span class='ocrx_word' id='word_1_224' title='bbox 1578 2467 1692 2524; x_wconf 92' lang='lat' dir='ltr'><strong>Deo</strong></span> <span class='ocrx_word' id='word_1_225' title='bbox 1719 2466 2000 2539; x_wconf 85' lang='lat' dir='ltr'><strong>obligavit,</strong></span> <span class='ocrx_word' id='word_1_226' title='bbox 2020 2475 2082 2524; x_wconf 84' lang='lat' dir='ltr'><strong>ut</strong></span> <span class='ocrx_word' id='word_1_227' title='bbox 2109 2468 2162 2524; x_wconf 87' lang='lat' dir='ltr'><strong>in</strong></span> <span class='ocrx_word' id='word_1_228' title='bbox 2189 2467 2455 2541; x_wconf 85' lang='lat' dir='ltr'><strong>operibus</strong></span> <span class='ocrx_word' id='word_1_229' title='bbox 2475 2488 2604 2545; x_wconf 85' lang='lat' dir='ltr'><strong>per-</strong></span> 
     </span>
     <span class='ocr_line' id='line_1_25' title="bbox 592 2553 2602 2627; baseline 0.002 -18"><span class='ocrx_word' id='word_1_230' title='bbox 592 2553 847 2611; x_wconf 86' lang='lat' dir='ltr'><strong>fectionis</strong></span> <span class='ocrx_word' id='word_1_231' title='bbox 892 2553 943 2610; x_wconf 89' lang='lat' dir='ltr'><strong>ei</strong></span> <span class='ocrx_word' id='word_1_232' title='bbox 987 2554 1280 2623; x_wconf 82' lang='lat' dir='ltr'><strong>deserviat,</strong></span> <span class='ocrx_word' id='word_1_233' title='bbox 1308 2554 1429 2627; x_wconf 89' lang='lat' dir='ltr'><strong>jam</strong></span> <span class='ocrx_word' id='word_1_234' title='bbox 1469 2553 1792 2623; x_wconf 84' lang='lat' dir='ltr'><strong>simpliciter</strong></span> <span class='ocrx_word' id='word_1_235' title='bbox 1833 2556 2223 2627; x_wconf 86' lang='lat' dir='ltr'><strong>conditionem,</strong></span> <span class='ocrx_word' id='word_1_236' title='bbox 2258 2556 2348 2613; x_wconf 86' lang='lat' dir='ltr'><strong>vel</strong></span> <span class='ocrx_word' id='word_1_237' title='bbox 2395 2564 2602 2615; x_wconf 84' lang='lat' dir='ltr'><strong>statum</strong></span> 
     </span>
     <span class='ocr_line' id='line_1_26' title="bbox 592 2642 2605 2723; baseline 0.002 -24"><span class='ocrx_word' id='word_1_238' title='bbox 592 2642 945 2717; x_wconf 79' lang='lat' dir='ltr'><strong>perfectionis</strong></span> <span class='ocrx_word' id='word_1_239' title='bbox 988 2644 1303 2723; x_wconf 81' lang='lat' dir='ltr'><strong>assumpsit.</strong></span> <span class='ocrx_word' id='word_1_240' title='bbox 1348 2642 1628 2716; x_wconf 85' lang='lat' dir='ltr'><strong>Contingit</strong></span> <span class='ocrx_word' id='word_1_241' title='bbox 1675 2652 1860 2702; x_wconf 89' lang='lat' dir='ltr'><strong>autem</strong></span> <span class='ocrx_word' id='word_1_242' title='bbox 1907 2644 2122 2719; x_wconf 87' lang='lat' dir='ltr'><strong>aliquos</strong></span> <span class='ocrx_word' id='word_1_243' title='bbox 2176 2662 2340 2720; x_wconf 87' lang='lat' dir='ltr'><strong>opera</strong></span> <span class='ocrx_word' id='word_1_244' title='bbox 2381 2648 2605 2719; x_wconf 82' lang='lat' dir='ltr'><strong>perfec-</strong></span> 
     </span>
    </p>
   </div>
   <div class='ocr_carea' id='block_1_3' title="bbox 2795 1044 2798 1647">
    <p class='ocr_par' dir='ltr' id='par_1_3' title="bbox 2795 1044 2798 1647">
     <span class='ocr_line' id='line_1_27' title="bbox 2795 1044 2798 1647; baseline 0 0"><span class='ocrx_word' id='word_1_245' title='bbox 2795 1044 2798 1647; x_wconf 95' lang='lat' dir='ltr'><strong> </strong></span> 
     </span>
    </p>
   </div>
   <div class='ocr_carea' id='block_1_4' title="bbox 592 2726 2717 2807">
    <p class='ocr_par' dir='ltr' id='par_1_4' title="bbox 592 2726 2717 2807">
     <span class='ocr_line' id='line_1_28' title="bbox 592 2726 2717 2807; baseline 0.001 -18"><span class='ocrx_word' id='word_1_246' title='bbox 592 2732 759 2789; x_wconf 85' lang='lat' dir='ltr'><strong>tionis</strong></span> <span class='ocrx_word' id='word_1_247' title='bbox 786 2732 967 2789; x_wconf 86' lang='lat' dir='ltr'><strong>facere</strong></span> <span class='ocrx_word' id='word_1_248' title='bbox 1004 2750 1111 2790; x_wconf 89' lang='lat' dir='ltr'><strong>non</strong></span> <span class='ocrx_word' id='word_1_249' title='bbox 1137 2739 1421 2802; x_wconf 80' lang='lat' dir='ltr'><strong>voventeS‚</strong></span> <span class='ocrx_word' id='word_1_250' title='bbox 1455 2734 1666 2807; x_wconf 87' lang='lat' dir='ltr'><strong>aliquos</strong></span> <span class='ocrx_word' id='word_1_251' title='bbox 1703 2750 1834 2791; x_wconf 90' lang='lat' dir='ltr'><strong>vero</strong></span> <span class='ocrx_word' id='word_1_252' title='bbox 1866 2741 2038 2791; x_wconf 88' lang='lat' dir='ltr'><strong>totam</strong></span> <span class='ocrx_word' id='word_1_253' title='bbox 2072 2736 2250 2793; x_wconf 86' lang='lat' dir='ltr'><strong>vitam</strong></span> <span class='ocrx_word' id='word_1_254' title='bbox 2290 2752 2446 2793; x_wconf 89' lang='lat' dir='ltr'><strong>suam</strong></span> <span class='ocrx_word' id='word_1_255' title='bbox 2473 2743 2603 2794; x_wconf 89' lang='lat' dir='ltr'><strong>voto</strong></span> <span class='ocrx_word' id='word_1_256' title='bbox 2703 2726 2717 2739; x_wconf 86' lang='grc'><em>“</em></span> 
     </span>
    </p>
   </div>
   <div class='ocr_carea' id='block_1_5' title="bbox 591 2822 2604 3147">
    <p class='ocr_par' dir='ltr' id='par_1_5' title="bbox 591 2822 2604 3147">
     <span class='ocr_line' id='line_1_29' title="bbox 592 2822 2604 2898; baseline 0 -19"><span class='ocrx_word' id='word_1_257' title='bbox 592 2822 899 2895; x_wconf 81' lang='lat' dir='ltr'><strong>obligantes</strong></span> <span class='ocrx_word' id='word_1_258' title='bbox 936 2822 1004 2879; x_wconf 88' lang='lat' dir='ltr'><strong>ad</strong></span> <span class='ocrx_word' id='word_1_259' title='bbox 1048 2822 1399 2895; x_wconf 86' lang='lat' dir='ltr'><strong>perfectionis</strong></span> <span class='ocrx_word' id='word_1_260' title='bbox 1437 2838 1603 2895; x_wconf 87' lang='lat' dir='ltr'><strong>opera</strong></span> <span class='ocrx_word' id='word_1_261' title='bbox 1649 2840 1774 2895; x_wconf 85' lang='lat' dir='ltr'><strong>quae</strong></span> <span class='ocrx_word' id='word_1_262' title='bbox 1815 2840 1922 2880; x_wconf 92' lang='lat' dir='ltr'><strong>non</strong></span> <span class='ocrx_word' id='word_1_263' title='bbox 1971 2824 2221 2897; x_wconf 86' lang='lat' dir='ltr'><strong>implent.</strong></span> <span class='ocrx_word' id='word_1_264' title='bbox 2252 2824 2604 2898; x_wconf 85' lang='lat' dir='ltr'><strong>Undo.patet</strong></span> 
     </span>
     <span class='ocr_line' id='line_1_30' title="bbox 591 2912 2603 2988; baseline 0 -19"><span class='ocrx_word' id='word_1_265' title='bbox 591 2914 861 2988; x_wconf 85' lang='lat' dir='ltr'><strong>quosdam</strong></span> <span class='ocrx_word' id='word_1_266' title='bbox 889 2912 1159 2984; x_wconf 86' lang='lat' dir='ltr'><strong>perfectos</strong></span> <span class='ocrx_word' id='word_1_267' title='bbox 1197 2912 1421 2986; x_wconf 88' lang='lat' dir='ltr'><strong>quidem</strong></span> <span class='ocrx_word' id='word_1_268' title='bbox 1459 2928 1596 2979; x_wconf 83' lang='lat' dir='ltr'><strong>esse,</strong></span> <span class='ocrx_word' id='word_1_269' title='bbox 1631 2912 1723 2986; x_wconf 91' lang='lat' dir='ltr'><strong>qui</strong></span> <span class='ocrx_word' id='word_1_270' title='bbox 1773 2918 1960 2969; x_wconf 87' lang='lat' dir='ltr'><strong>tamen</strong></span> <span class='ocrx_word' id='word_1_271' title='bbox 1997 2914 2348 2987; x_wconf 85' lang='lat' dir='ltr'><strong>perfectionis</strong></span> <span class='ocrx_word' id='word_1_272' title='bbox 2395 2919 2603 2970; x_wconf 83' lang='lat' dir='ltr'><strong>statum</strong></span> 
     </span>
     <span class='ocr_line' id='line_1_31' title="bbox 593 3000 2602 3078; baseline 0.001 -22"><span class='ocrx_word' id='word_1_273' title='bbox 593 3014 701 3056; x_wconf 87' lang='lat' dir='ltr'><strong>non</strong></span> <span class='ocrx_word' id='word_1_274' title='bbox 729 3000 931 3057; x_wconf 86' lang='lat' dir='ltr'><strong>habent</strong></span> <span class='ocrx_word' id='word_1_275' title='bbox 962 3017 976 3059; x_wconf 71' lang='grc' dir='ltr'><strong><em>ε</em></strong></span> <span class='ocrx_word' id='word_1_276' title='bbox 1013 3002 1229 3075; x_wconf 88' lang='lat' dir='ltr'><strong>aliquos</strong></span> <span class='ocrx_word' id='word_1_277' title='bbox 1268 3018 1403 3060; x_wconf 88' lang='lat' dir='ltr'><strong>vero</strong></span> <span class='ocrx_word' id='word_1_278' title='bbox 1443 3000 1796 3075; x_wconf 81' lang='lat' dir='ltr'><strong>perfectionis</strong></span> <span class='ocrx_word' id='word_1_279' title='bbox 1831 3008 2038 3059; x_wconf 85' lang='lat' dir='ltr'><strong>statum</strong></span> <span class='ocrx_word' id='word_1_280' title='bbox 2084 3003 2308 3072; x_wconf 87' lang='lat' dir='ltr'><strong>habere,</strong></span> <span class='ocrx_word' id='word_1_281' title='bbox 2333 3004 2431 3059; x_wconf 82' lang='lat' dir='ltr'><strong>sed</strong></span> <span class='ocrx_word' id='word_1_282' title='bbox 2469 3019 2602 3078; x_wconf 85' lang='lat' dir='ltr'><strong>per-</strong></span> 
     </span>
     <span class='ocr_line' id='line_1_32' title="bbox 593 3088 1067 3147; baseline 0.008 -4"><span class='ocrx_word' id='word_1_283' title='bbox 593 3088 768 3144; x_wconf 68' lang='lat' dir='ltr'><strong>sectos</strong></span> <span class='ocrx_word' id='word_1_284' title='bbox 791 3105 898 3146; x_wconf 91' lang='lat' dir='ltr'><strong>non</strong></span> <span class='ocrx_word' id='word_1_285' title='bbox 928 3105 1067 3147; x_wconf 85' lang='lat' dir='ltr'><strong>esse.</strong></span> 
     </span>
    </p>
   </div>
   <div class='ocr_carea' id='block_1_6' title="bbox 1334 3253 1854 3333">
    <p class='ocr_par' dir='ltr' id='par_1_6' title="bbox 1334 3253 1854 3333">
     <span class='ocr_line' id='line_1_33' title="bbox 1334 3253 1854 3333; baseline 0.004 -2"><span class='ocrx_word' id='word_1_286' title='bbox 1334 3253 1620 3331; x_wconf 78' lang='lat' dir='ltr'><strong>CAPUT</strong></span> <span class='ocrx_word' id='word_1_287' title='bbox 1672 3256 1854 3333; x_wconf 85' lang='lat' dir='ltr'><strong>XVI.</strong></span> 
     </span>
    </p>
   </div>
   <div class='ocr_carea' id='block_1_7' title="bbox 763 3362 2453 3577">
    <p class='ocr_par' dir='ltr' id='par_1_7' title="bbox 763 3362 2453 3577">
     <span class='ocr_line' id='line_1_34' title="bbox 763 3362 2453 3557; baseline 0.005 -92"><span class='ocrx_word' id='word_1_288' title='bbox 763 3386 947 3478; x_wconf 71' lang='lat' dir='ltr'><strong>Quod</strong></span> <span class='ocrx_word' id='word_1_289' title='bbox 962 3362 1085 3466; x_wconf 55' lang='lat' dir='ltr'><strong>⁴«aare</strong></span> <span class='ocrx_word' id='word_1_290' title='bbox 1106 3401 1173 3465; x_wconf 77' lang='lat' dir='ltr'><strong>in</strong></span> <span class='ocrx_word' id='word_1_291' title='bbox 1198 3406 1370 3466; x_wconf 78' lang='lat' dir='ltr'><strong>statu</strong></span> <span class='ocrx_word' id='word_1_292' title='bbox 1388 3404 1783 3557; x_wconf 44' lang='lat' dir='ltr'><strong>{egestionis</strong></span> <span class='ocrx_word' id='word_1_293' title='bbox 1805 3406 2075 3471; x_wconf 74' lang='lat' dir='ltr'><strong>convenit</strong></span> <span class='ocrx_word' id='word_1_294' title='bbox 2103 3394 2453 3489; x_wconf 52' lang='lat' dir='ltr'><strong>Episcopi&amp;</strong></span> 
     </span>
     <span class='ocr_line' id='line_1_35' title="bbox 1378 3510 1816 3577; baseline 0.009 -22"><span class='ocrx_word' id='word_1_295' title='bbox 1378 3510 1407 3555; x_wconf 83' lang='lat' dir='ltr'><strong>e</strong></span> <span class='ocrx_word' id='word_1_296' title='bbox 1525 3512 1552 3557; x_wconf 81' lang='lat' dir='ltr'><strong>e</strong></span> <span class='ocrx_word' id='word_1_297' title='bbox 1581 3512 1816 3577; x_wconf 64' lang='lat' dir='ltr'><strong>zyzosw.</strong></span> 
     </span>
    </p>
   </div>
   <div class='ocr_carea' id='block_1_8' title="bbox 528 3622 2626 4071">
    <p class='ocr_par' dir='ltr' id='par_1_8' title="bbox 528 3622 2626 4071">
     <span class='ocr_line' id='line_1_36' title="bbox 662 3622 2618 3705; baseline 0.003 -22"><span class='ocrx_word' id='word_1_298' title='bbox 662 3622 745 3683; x_wconf 81' lang='lat' dir='ltr'><strong>Ex</strong></span> <span class='ocrx_word' id='word_1_299' title='bbox 772 3624 857 3681; x_wconf 88' lang='lat' dir='ltr'><strong>bis</strong></span> <span class='ocrx_word' id='word_1_300' title='bbox 876 3632 1061 3683; x_wconf 87' lang='lat' dir='ltr'><strong>autem</strong></span> <span class='ocrx_word' id='word_1_301' title='bbox 1091 3640 1215 3698; x_wconf 85' lang='lat' dir='ltr'><strong>quae</strong></span> <span class='ocrx_word' id='word_1_302' title='bbox 1241 3624 1390 3683; x_wconf 89' lang='lat' dir='ltr'><strong>dicta</strong></span> <span class='ocrx_word' id='word_1_303' title='bbox 1435 3634 1562 3683; x_wconf 86' lang='lat' dir='ltr'><strong>sunt</strong></span> <span class='ocrx_word' id='word_1_304' title='bbox 1590 3644 1776 3702; x_wconf 81' lang='lat' dir='ltr'><strong>supra,</strong></span> <span class='ocrx_word' id='word_1_305' title='bbox 1802 3628 2086 3687; x_wconf 85' lang='lat' dir='ltr'><strong>manifeste</strong></span> <span class='ocrx_word' id='word_1_306' title='bbox 2125 3636 2374 3703; x_wconf 81' lang='lat' dir='ltr'><strong>apparet,</strong></span> <span class='ocrx_word' id='word_1_307' title='bbox 2404 3630 2618 3705; x_wconf 85' lang='lat' dir='ltr'><strong>quibus</strong></span> 
     </span>
     <span class='ocr_line' id='line_1_37' title="bbox 528 3712 2618 3797; baseline 0.002 -24"><span class='ocrx_word' id='word_1_308' title='bbox 528 3717 535 3721; x_wconf 83' lang='lat'>&#39;</span> <span class='ocrx_word' id='word_1_309' title='bbox 592 3720 871 3789; x_wconf 78' lang='lat' dir='ltr'><strong>competat</strong></span> <span class='ocrx_word' id='word_1_310' title='bbox 899 3712 955 3774; x_wconf 87' lang='lat' dir='ltr'><strong>in</strong></span> <span class='ocrx_word' id='word_1_311' title='bbox 978 3713 1329 3788; x_wconf 78' lang='lat' dir='ltr'><strong>perfectionis</strong></span> <span class='ocrx_word' id='word_1_312' title='bbox 1350 3723 1502 3773; x_wconf 88' lang='lat' dir='ltr'><strong>statu</strong></span> <span class='ocrx_word' id='word_1_313' title='bbox 1533 3733 1674 3774; x_wconf 83' lang='lat' dir='ltr'><strong>esse.</strong></span> <span class='ocrx_word' id='word_1_314' title='bbox 1705 3718 1925 3775; x_wconf 84' lang='lat' dir='ltr'><strong>Dictum</strong></span> <span class='ocrx_word' id='word_1_315' title='bbox 1949 3719 2206 3797; x_wconf 61' lang='lat' dir='ltr'><strong>est-enim</strong></span> <span class='ocrx_word' id='word_1_316' title='bbox 2235 3734 2426 3792; x_wconf 79' lang='lat' dir='ltr'><strong>supra,</strong></span> <span class='ocrx_word' id='word_1_317' title='bbox 2459 3720 2618 3793; x_wconf 87' lang='lat' dir='ltr'><strong>quod</strong></span> 
     </span>
     <span class='ocr_line' id='line_1_38' title="bbox 594 3802 2622 3887; baseline 0.003 -28"><span class='ocrx_word' id='word_1_318' title='bbox 594 3806 662 3859; x_wconf 87' lang='lat' dir='ltr'><strong>ad</strong></span> <span class='ocrx_word' id='word_1_319' title='bbox 686 3802 1080 3876; x_wconf 80' lang='lat' dir='ltr'><strong>perfectionem</strong></span> <span class='ocrx_word' id='word_1_320' title='bbox 1108 3804 1309 3863; x_wconf 78' lang='lat' dir='ltr'><strong>divinae</strong></span> <span class='ocrx_word' id='word_1_321' title='bbox 1336 3804 1648 3863; x_wconf 85' lang='lat' dir='ltr'><strong>dilectionis</strong></span> <span class='ocrx_word' id='word_1_322' title='bbox 1676 3808 1878 3881; x_wconf 85' lang='lat' dir='ltr'><strong>triplici</strong></span> <span class='ocrx_word' id='word_1_323' title='bbox 1911 3806 1998 3867; x_wconf 91' lang='lat' dir='ltr'><strong>via</strong></span> <span class='ocrx_word' id='word_1_324' title='bbox 2028 3807 2365 3887; x_wconf 56' lang='lat' dir='ltr'><strong>preceditur,</strong></span> <span class='ocrx_word' id='word_1_325' title='bbox 2395 3808 2622 3865; x_wconf 83' lang='lat' dir='ltr'><strong>scilicet</strong></span> 
     </span>
     <span class='ocr_line' id='line_1_39' title="bbox 594 3891 2624 3971; baseline 0.004 -26"><span class='ocrx_word' id='word_1_326' title='bbox 594 3891 1025 3949; x_wconf 84' lang='lat' dir='ltr'><strong>abrenuntiando</strong></span> <span class='ocrx_word' id='word_1_327' title='bbox 1062 3894 1430 3967; x_wconf 81' lang='lat' dir='ltr'><strong>exterioribus</strong></span> <span class='ocrx_word' id='word_1_328' title='bbox 1475 3894 1652 3962; x_wconf 82' lang='lat' dir='ltr'><strong>boniS,</strong></span> <span class='ocrx_word' id='word_1_329' title='bbox 1682 3895 2036 3971; x_wconf 85' lang='lat' dir='ltr'><strong>relinquendo</strong></span> <span class='ocrx_word' id='word_1_330' title='bbox 2087 3909 2334 3964; x_wconf 74' lang='lat' dir='ltr'><strong>uxorem,</strong></span> <span class='ocrx_word' id='word_1_331' title='bbox 2367 3905 2426 3952; x_wconf 87' lang='lat' dir='ltr'><strong>et</strong></span> <span class='ocrx_word' id='word_1_332' title='bbox 2473 3897 2624 3953; x_wconf 83' lang='lat' dir='ltr'><strong>alias</strong></span> 
     </span>
     <span class='ocr_line' id='line_1_40' title="bbox 592 3963 2626 4071; baseline 0.007 -42"><span class='ocrx_word' id='word_1_333' title='bbox 592 3976 954 4043; x_wconf 82' lang='lat' dir='ltr'><strong>cogitationes</strong></span> <span class='ocrx_word' id='word_1_334' title='bbox 1004 3982 1271 4048; x_wconf 84' lang='lat' dir='ltr'><strong>carnalee‚</strong></span> <span class='ocrx_word' id='word_1_335' title='bbox 1310 3991 1367 4037; x_wconf 88' lang='lat' dir='ltr'><strong>et</strong></span> <span class='ocrx_word' id='word_1_336' title='bbox 1418 3982 1738 4053; x_wconf 85' lang='lat' dir='ltr'><strong>abnegando</strong></span> <span class='ocrx_word' id='word_1_337' title='bbox 1789 3987 2030 4058; x_wconf 85' lang='lat' dir='ltr'><strong>seipsum</strong></span> <span class='ocrx_word' id='word_1_338' title='bbox 2081 3963 2325 4071; x_wconf 37' lang='lat' dir='ltr'><strong>vel&#39;NPer</strong></span> <span class='ocrx_word' id='word_1_339' title='bbox 2377 3995 2626 4041; x_wconf 75' lang='lat' dir='ltr'><strong>mortem</strong></span> 
     </span>
    </p>
   </div>
   <div class='ocr_carea' id='block_1_9' title="bbox 2177 4114 2244 4451">
    <p class='ocr_par' dir='ltr' id='par_1_9' title="bbox 2177 4114 2554 4451">
     <span class='ocr_line' id='line_1_41' title="bbox 2177 4114 2244 4451; baseline 0 0"><span class='ocrx_word' id='word_1_340' title='bbox 2177 4114 2244 4451; x_wconf 72' lang='lat' dir='ltr'><strong>i</strong></span> 
     </span>
    </p>
   </div>
   <div class='ocr_carea' id='block_1_10' title="bbox 2794 1886 2800 3595">
    <p class='ocr_par' dir='ltr' id='par_1_10' title="bbox 2794 1886 2800 3595">
     <span class='ocr_line' id='line_1_42' title="bbox 2794 1886 2800 3595; baseline 0 0"><span class='ocrx_word' id='word_1_341' title='bbox 2794 1886 2800 3595; x_wconf 95' lang='lat' dir='ltr'><strong> </strong></span> 
     </span>
    </p>
   </div>
  </div>
 </body>
</html>
