2850 4517
485 380 602 439 508
959 391 1010 438 s.
1055 392 1288 436 monz
1331 393 1658 441 Aouma‘ris
1699 392 2009 436 opuscoza

484 509 530 564 si
569 509 895 565 fermentato
919 523 1058 580 pane
1085 523 1214 564 usus
1240 507 1453 564 fuisset.
1481 509 1639 564 Patet
1662 522 1793 580 ergo
1816 506 1963 580 quod
1994 505 2245 562 Christus
2271 507 2329 562 in
2371 505 2488 563 ins·

487 596 742 653 titutione
783 595 943 667 hujus
987 595 1332 662 sacramenti,
1359 612 1429 652 ex
1474 611 1614 668 pane
1644 610 1837 669 azymo
1860 609 2059 668 corpus
2088 608 2249 651 suum
2290 610 2489 652 conse-

460 685 982 742 'cravit.Sciendum
1009 691 1189 741 tamen
1218 684 1365 757 quod
1393 683 1619 757 quidam
1643 683 1832 739 dicunt
1855 683 2131 739 Christum
2157 685 2489 756 praevenisse

487 773 628 828 diem
656 788 971 846 azymorum
1003 781 1222 845 propter
1251 772 1560 844 passionem
1594 771 1965 827 imminentem
2005 778 2061 826 et
2086 780 2219 827 tunc
2244 771 2490 827 fermen-

487 867 748 917 tatoeum
779 875 936 916 usum
958 859 1144 916 fuisse.
1176 859 1330 929 Quod
1355 860 1579 933 quidem
1622 859 1909 916 ostendere
1949 859 2198 914 nituntur
2232 876 2303 914 ex
2340 861 2488 916 duo-

485 949 603 1003 bus.
631 949 810 1004 Primo
835 964 902 1004 ex
924 947 1028 1003 hoc
1050 947 1195 1020 quod
1214 947 1610 1016 dicitur,.loan.
1629 947 1921 1020 xm,quod
1950 953 2078 1004 ante
2104 947 2252 1003 diem
2282 947 2491 1005 festum

487 1037 702 1109 paschae
741 1037 993 1093 dominus
1019 1051 1145 1092 cum
1173 1035 1456 1109 discipulis
1478 1051 1692 1092 coenam
1710 1035 2031 1101 celebravit,
2064 1035 2122 1091 in
2149 1051 2259 1108 qua
2288 1051 2491 1108 corpus

485 1142 644 1180 suum
692 1125 1064 1191 consecravit,
1117 1125 1263 1181 sicut
1314 1125 1609 1195 Apostolus
1654 1123 1825 1180 tradit
1870 1125 1894 1179 1
1946 1123 2351 1182 Corinthiorum
2400 1141 2488 1181 xl.

484 1213 636 1270 Unde
667 1214 880 1269 videtur
908 1208 1056 1286 q‘uod
1083 1211 1331 1271 Christus
1357 1227 1574 1269 coenam
1600 1211 1899 1269 celebravit
1923 1218 2051 1268 ante
2078 1211 2226 1268 diem
2255 1225 2488 1286 azymo-

485 1319 623 1369 rum,
652 1309 706 1357 et
733 1302 816 1358 sic
844 1301 897 1357 in
928 1301 1338 1358 consecratione
1361 1301 1446 1356 sui
1467 1301 1709 1373 corporis
1736 1315 1864 1355 usus
1890 1298 2056 1355 fuerit
2081 1316 2221 1372 pane
2245 1299 2485 1376 sermen-

486 1398 622 1446 tato.
645 1392 762 1446 Hoc
789 1390 955 1446 etiam
985 1389 1306 1446 confirmare
1343 1388 1534 1444 volunt
1576 1404 1671 1461 per
1699 1387 1819 1450 hoc,
1853 1388 1998 1460 quod
2042 1386 2295 1452 habetur,
2325 1389 2487 1446 Joan.

484 1494 653 1546 xvnr,
681 1477 825 1550 quod
869 1476 1004 1532 seria
1049 1483 1204 1531 sexta
1243 1492 1352 1547 qua
1394 1475 1642 1531 Christus
1680 1475 1973 1532 crucifixus
2014 1482 2117 1545 est,
2156 1476 2330 1534 Judaei
2378 1493 2484 1532 nou

484 1567 824 1622 intraverunt
881 1564 1201 1636 praetorium
1251 1563 1433 1633 Pilati,
1488 1570 1546 1619 ut
1599 1578 1705 1618 non
1758 1564 2195 1620 contaminarent
2254 1566 2482 1642 Pascha.

483 1653 689 1710 Pascha
714 1661 898 1709 autem
921 1651 1124 1708 dicitur
1150 1659 1362 1724 azyma,
1393 1665 1523 1722 ergo
1546 1650 1877 1707 concludunt
1906 1652 2050 1724 quod
2076 1667 2227 1719 caena
2256 1653 2359 1709 suit
2387 1670 2485 1709 ce-

487 1743 693 1799 lebrata
739 1747 864 1797 ante
909 1755 1120 1814 azyma.
1153 1739 1234 1795 Ad
1283 1739 1386 1796 hoc
1428 1747 1609 1795 autem
1656 1739 1951 1811 respondet
2000 1739 2281 1814 Chr-ysost.
2320 1757 2484 1812 super

481 1833 763 1898 Joannom,
791 1845 954 1900 super
985 1827 1116 1883 illud
1145 1843 1158 1882 z
1189 1827 1314 1886 Non
1351 1826 1869 1894 contaminarentur,
1900 1836 1955 1884 et
1980 1837 2087 1886 caet
2118 1846 2131 1882 :
2167 1849 2193 1882 α
2223 1829 2363 1899 Quid
2398 1837 2483 1886 est

483 1921 586 1976 hoc
609 1919 810 1984 dicere,
843 1916 949 1974 nisi
993 1916 1216 1993 quia-in
1263 1916 1370 1972 alia
1412 1916 1503 1972 die
1546 1917 1901 1972 comederunt
1946 1917 2175 1982 Pascha,
2206 1925 2264 1974 et
2308 1918 2483 1990 legem

484 2008 761 2064 solverunt
814 2013 872 2062 ut
913 2004 1207 2078 pessimum
1258 2005 1425 2060 animi
1475 2005 1558 2058 sui
1614 2004 1975 2082 adimplerent
2029 2006 2361 2063 desiderium
2420 2007 2479 2064 in

483 2101 656 2152 morte
703 2093 940 2162 Christi;
987 2093 1234 2149 Christus
1277 2099 1460 2148 autem
1507 2107 1615 2149 non
1654 2093 1920 2165 praeteriit
1968 2098 2215 2167 tempore
2260 2096 2484 2154 Paschae

484 2181 629 2238 diem
657 2189 908 2238 sanctum
934 2181 1104 2250 Jovis‚
1131 2179 1227 2236 sed
1254 2180 1307 2234 in
1335 2180 1451 2252 ipso
1476 2179 1682 2236 Pascha
1722 2180 1983 2237 comedit.
2014 2197 2041 2232 »
2071 2182 2176 2238 Sed
2224 2183 2353 2255 quia
2383 2183 2487 2240 hoc

485 2285 590 2324 non
637 2276 870 2334 constat,
921 2265 1114 2323 melius
1152 2275 1334 2339 potest
1370 2267 1499 2331 dici,
1542 2267 1688 2348 quod
1740 2267 1883 2323 sicut
1930 2267 2181 2324 dominus
2237 2271 2482 2338 mandat,

482 2357 657 2412 Exod.
684 2372 789 2417 xu,
822 2354 1022 2411 festum
1050 2370 1366 2428 azymorum
1397 2362 1609 2427 septem
1636 2355 1829 2412 diebus
1856 2355 2137 2423 celebrari,
2160 2358 2303 2414 inter
2342 2375 2487 2432 quas

484 2445 602 2499 dies
628 2442 802 2513 prima
831 2448 950 2513 erat
978 2451 1168 2498 sancta
1197 2450 1363 2514 atque
1392 2442 1649 2499 solemnis
1678 2445 1950 2517 praecipue
1977 2444 2115 2498 inter
2138 2444 2296 2509 alias,
2329 2447 2482 2518 quod

483 2536 602 2586 erat
621 2527 812 2602 quinta
837 2527 1050 2585 decima
1079 2527 1168 2584 die
1190 2529 1414 2585 mensis„
1446 2531 1551 2587 Sed
1589 2531 1720 2603 quia
1766 2531 1907 2605 apud
1948 2530 2163 2588 Judaeos
2212 2532 2484 2589 solemni-

468 2624 628 2675 tates
661 2631 693 2672 a
735 2614 1060 2689 praecedenti
1103 2631 1330 2690 vespere
1371 2617 1725 2691 incipiebant,
1754 2619 1885 2676 ideo
1916 2627 2113 2695 quarta
2138 2621 2353 2678 decima
2390 2621 2484 2678 die

485 2706 552 2764 ad
597 2721 910 2778 vesperam,
961 2704 1292 2777 incipiebant
1321 2707 1609 2763 comedere
1655 2723 1871 2782 azyma,
1900 2714 1955 2764 et
1983 2705 2342 2764 comedebant
2385 2726 2482 2782 per

483 2801 694 2868 septem
741 2793 1136 2865 subsequentes
1171 2793 1306 2850 dies.
1352 2794 1420 2850 Et
1459 2795 1581 2850 ideo
1624 2796 1827 2852 dicitur
1870 2796 1925 2851 in
1967 2796 2159 2852 eodem
2196 2796 2477 2869 capitulo:

485 2905 513 2937 α
547 2882 726 2940 Primo
771 2897 973 2948 mense,
1006 2889 1204 2954 quarta
1245 2882 1459 2940 decima
1504 2883 1594 2940 die
1636 2885 1838 2940 mensis
1874 2884 1944 2940 ad
1986 2899 2271 2956 vesperam
2290 2900 2478 2942 come-

482 2972 626 3028 detis
652 2985 843 3044 azyma
877 2984 1048 3042 usque
1076 2970 1144 3026 ad
1189 2969 1335 3026 diem
1364 2970 1683 3029 vicesimam
1714 2972 1945 3042 primam
1992 2972 2238 3044 ejusdem
2278 2974 2479 3030 mensis

482 3060 550 3117 ad
580 3075 883 3132 vesperam,
917 3063 1126 3131 septem
1151 3057 1342 3116 diebus
1371 3059 1699 3116 fermentum
1724 3076 1831 3116 non
1867 3061 2177 3117 invenietur
2215 3061 2271 3116 in
2300 3061 2482 3118 domi-

480 3149 581 3203 bus
606 3148 822 3202 vestriS.
852 3165 876 3198 ιο
902 3147 972 3202 Et
1001 3147 1190 3202 eadem
1233 3155 1433 3219 quarta
1456 3147 1671 3204 decima
1703 3148 1791 3204 die
1822 3149 1893 3205 ad
1928 3165 2188 3221 vesperas
2228 3148 2484 3208 immola-

481 3237 639 3292 batur
670 3251 843 3306 agnus
867 3235 1154 3307 paschalis.
1183 3235 1362 3294 Prima
1396 3253 1525 3308 ergo
1555 3237 1671 3296 dies
1700 3253 2016 3311 azymorum
2047 3254 2079 3295 a
2108 3238 2283 3294 tribus
2295 3237 2483 3295 Evan-

479 3323 690 3396 gelistis
735 3322 1021 3386 Matthaeo,
1065 3324 1265 3389 marm,
1319 3330 1374 3378 et
1416 3324 1562 3380 Luca
1600 3325 1802 3382 dicitur
1843 3333 2044 3399 quarta
2098 3326 2309 3383 decima
2362 3326 2484 3382 dies

479 3411 700 3475 mensis,
729 3411 860 3484 quia
897 3411 966 3467 ad
1000 3427 1286 3485 vesperam
1308 3413 1697 3471 comedebatur
1722 3431 1935 3488 azyma.
1966 3421 2024 3470 et
2058 3422 2189 3472 tunc
2228 3413 2483 3471 immola-

477 3500 639 3557 batur
683 3500 908 3566 Pascha,
945 3499 1000 3554 id
1047 3507 1150 3566 est,
1184 3517 1355 3571 agnus
1404 3502 1697 3568 paschalis,
1738 3510 1795 3558 et
1838 3503 1944 3560 hoc
1994 3509 2135 3568 erat,
2180 3502 2484 3558 secundum

476 3591 633 3646 Joan.
661 3597 788 3646 ante
831 3589 977 3645 diem
1017 3587 1218 3645 festum
1252 3589 1494 3657 Paschae,
1524 3591 1578 3644 id
1604 3597 1706 3658 est,
1740 3597 1867 3648 ante
1912 3591 2165 3666 quintum
2208 3591 2485 3648 decimum

476 3677 622 3734 diem
651 3677 868 3741 mensis,
901 3676 1030 3750 quia
1057 3686 1176 3734 erat
1200 3677 1495 3733 solemnior
1524 3677 1668 3734 inter
1695 3693 1883 3735 omnes
1906 3679 1961 3736 in
1992 3695 2101 3754 quo
2128 3679 2302 3737 Judaei
2330 3679 2487 3737 vole-

451 3764 612 3821 -bant
641 3765 926 3821 comedere
963 3765 1190 3832 Pascha,
1219 3765 1272 3820 id
1307 3772 1409 3834 est,
1438 3781 1606 3838 panes
1634 3783 1855 3842 azymos
1897 3767 2205 3837 PaschaleS,
2232 3775 2288 3824 et
2311 3767 2483 3824 etiam

475 3867 677 3922 agnum
707 3851 1041 3910 paschalem.
1067 3853 1136 3909 Et
1161 3854 1248 3910 sic
1271 3853 1417 3911 nulla
1449 3853 1723 3912 discordia
1751 3857 1895 3914 inter
1925 3855 2306 3930 Evangelistas
2333 3855 2487 3913 exis-

475 3947 646 4005 tente,
671 3939 892 4019 planpm
911 3947 998 3997 est
1016 3941 1160 4012 quod
1186 3942 1436 4000 Christus
1460 3959 1528 4000 ex
1557 3958 1695 4016 pane
1720 3959 1913 4018 azymo
1941 3960 2143 4018 corpus
2170 3960 2329 4002 suum
2344 3959 2487 4001 con-
