2850 4517
432 353 555 414 236
910 363 964 408 s.
1008 360 1243 406 moure.
1284 356 1612 410 nonninus
1651 355 1964 407 croscum

434 483 645 550 mundi,
666 488 729 540 ut
754 478 1042 538 manifeste
1070 482 1361 550 appareret
1385 474 1534 548 quod
1560 474 1840 546 susceptio
1869 470 2281 544 miraculorum,
2307 475 2461 547 eius-

435 589 543 648 que
566 571 849 636 doctrinae,
884 584 990 627 non
1016 567 1271 624 humanae
1296 564 1578 637 potentiae,
1608 561 1705 620 sed
1730 562 1934 620 divinae
1965 561 2322 630 attribuenda
2349 565 2454 625 sit.

434 661 590 722 Unde
614 661 748 718 etin
775 658 861 715 his
884 672 1011 731 quae
1038 655 1189 722 fecit,
1217 653 1303 710 vel
1330 668 1523 726 passus
1549 660 1656 720 est,
1687 651 1851 730 simpl
1891 652 2368 724 conjungebantur
2389 661 2458 712 et

438 751 675 812 humana
705 747 1015 812 infirmitas,
1038 751 1093 801 et
1129 742 1317 801 divina
1345 747 1612 816 potestne.
1636 740 1699 798 In
1738 741 2030 801 nativitate
2075 743 2224 801 enim
2251 745 2459 815 pennis

438 838 715 896 involutus
752 835 810 893 in
839 833 1103 909 praesepio
1148 831 1387 906 ponitur,
1418 829 1518 891 sed
1550 829 1622 890 ab
1667 828 1891 902 Angelis
1923 828 2294 902 collaudatur,
2319 839 2380 890 et
2419 849 2458 890 a

438 927 628 1000 Magis„
646 924 805 982 stella
830 924 987 990 duce,
1014 921 1297 986 adoratur.
1319 917 1587 978 Te‘ntatur
1601 917 1886 985 adinbolo,
1906 917 2005 976 sed
2027 918 2079 975 ei
2105 918 2460 984 ministratur

442 1016 511 1076 ab
555 1013 798 1086 AngeliS.
847 1011 991 1069 Vivit
1030 1010 1187 1084 inops
1224 1015 1278 1066 et
1318 1008 1620 1078 mendicus.
1669 1008 1767 1069 sed
1801 1012 2050 1070 mortuos
2088 1009 2346 1079 suscitat,
2393 1018 2458 1068 et

440 1121 618 1164 caecos
646 1101 933 1160 illuminat.
956 1101 1185 1160 Moritur
1213 1098 1407 1161 affixus
1425 1096 2098 1173 patibulo,annumerotur
2122 1096 2451 1169 latronibus,

440 1194 538 1252 sed
563 1193 617 1249 in
646 1193 767 1266 ejus
792 1195 968 1248 morte
992 1187 1071 1246 sol
1100 1187 1446 1254 obscuratur,
1467 1181 1614 1245 terra
1638 1185 1842 1252 tremit,
1867 1184 2194 1258 franguntur
2217 1185 2451 1260 lapidee,

442 1282 764 1356 aperiuntur
812 1283 1187 1342 monumenta,
1228 1283 1285 1332 et
1327 1284 1669 1334 mortuorum
1706 1290 1933 1348 corpora
1981 1274 2336 1336 suscitantur.
2391 1278 2454 1338 si

442 1372 571 1446 quis
604 1386 733 1442 ergo
768 1385 839 1429 ex
874 1367 1073 1425 talibus
1115 1364 1289 1422 initiis
1334 1370 1551 1422 tantum
1591 1364 1832 1422 fructum
1868 1363 2058 1421 videat
2093 1372 2455 1427 consecutum

444 1458 655 1516 scilicet
681 1456 1093 1514 conversionem
1120 1454 1236 1510 fere
1263 1454 1434 1512 totius
1465 1453 1654 1513 mundi
1701 1453 1771 1510 ad
1797 1451 2094 1520 Christum,
2125 1461 2182 1512 et
2221 1456 2455 1516 ulterius

444 1547 554 1606 alia
590 1546 746 1618 signa
784 1533 997 1618 qu'aerat
1028 1543 1101 1602 ad
1141 1542 1504 1610 credendum,
1538 1541 1725 1601 durior
1767 1539 1949 1615 lapide
1988 1544 2198 1606 censeri
2241 1551 2452 1617 potest,

446 1635 655 1694 cumin
694 1642 867 1692 morte
907 1635 1027 1706 ejus
1052 1638 1110 1688 et.
1150 1637 1325 1706 petrae
1364 1632 1556 1689 scissae
1600 1631 1730 1686 sint.
1775 1630 1916 1687 Hinc
1959 1640 2043 1691 eet
2077 1631 2221 1704 quod
2247 1636 2454 1704 Apost.

442 1726 469 1781 I
492 1726 619 1786 Cor.
651 1740 693 1782 1.
726 1724 861 1780 dicit
889 1740 904 1777 ι
937 1720 1165 1780 Verbum
1187 1721 1365 1780 crucis
1403 1719 1750 1794 pereuntibus
1775 1719 2014 1780 stultitia
2037 1725 2136 1786 est,
2152 1720 2237 1782 his
2271 1728 2457 1782 nutem

395 1867 402 1873 .
446 1815 539 1887 qui
562 1813 699 1870 salvi
734 1813 897 1886 fiunt,
923 1811 982 1866 id
1011 1817 1109 1878 est,
1134 1811 1305 1878 nobis,
1331 1809 1509 1868 virtue
1535 1808 1638 1868 Dei
1674 1815 1770 1867 est.
1794 1809 1893 1868 Est
1933 1815 2118 1870 autem
2162 1809 2313 1870 circa
2347 1811 2458 1871 hoc

448 1902 597 1962 aliud
638 1901 1111 1969 considerandum,
1150 1899 1299 1974 quod
1343 1899 1644 1957 secundum
1677 1897 1927 1959 eumdem
1952 1899 2220 1956 rationem
2262 1901 2458 1974 provi·-

447 1992 667 2058 dentiae,
700 2006 810 2064 qua
839 1991 893 2046 in
922 1991 1101 2064 seipso
1130 1989 1229 2047 Dei
1252 1988 1423 2047 Filius
1451 1987 1613 2047 homo
1645 1987 1844 2056 factae,
1875 1987 2092 2046 infirma
2117 1990 2231 2062 pati
2257 1989 2450 2059 voluit,

448 2080 619 2140 etiem
651 2095 779 2138 suos
813 2078 1129 2152 discipulos,
1156 2093 1295 2153 quos
1334 2077 1590 2136 humanae
1635 2076 1831 2136 salutis
1872 2077 2151 2135 ministros
2189 2077 2450 2147 instituit,

446 2170 621 2230 voluit
647 2171 702 2225 in
724 2170 928 2226 mundo
952 2183 1072 2225 esse
1096 2167 1360 2240 abjectos.
1376 2167 1534 2228 Unde
1548 2183 1656 2226 non
1677 2166 2134 2240 elegitlitteratos
2149 2168 2451 2239 etnobileffi

450 2258 546 2316 sed
594 2257 881 2314 illiteratos
928 2264 983 2312 et
1021 2254 1305 2327 ignobiles,
1343 2272 1608 2329 pauperes
1645 2256 1859 2314 scilicet
1895 2255 2215 2329 piscatoreS,
2257 2263 2314 2316 et
2357 2274 2459 2316 eos

452 2347 678 2404 mittens
714 2345 783 2404 ad
826 2343 1059 2402 salutem
1102 2343 1379 2405 hominum
1420 2345 1843 2419 procurandum,
1869 2346 2034 2418 jussit
2073 2355 2456 2418 paupertatem

451 2449 690 2499 servare,
724 2440 779 2492 et
807 2431 1232 2504 persecutione&
1256 2439 1311 2488 et
1339 2433 1631 2506 opprobria
1661 2434 1792 2508 pati,
1825 2441 1884 2492 et
1906 2441 2138 2495 mortem
2163 2435 2332 2492 etiam
2356 2451 2458 2509 pro

451 2521 687 2582 veritate
715 2519 920 2590 subire,
948 2536 1017 2576 ne
1042 2536 1232 2579 eorum
1259 2522 1578 2599 praedicatio
1613 2522 1685 2582 ad
1713 2521 1936 2596 aliquod
1973 2528 2252 2581 terrenum
2297 2539 2460 2582 com-

454 2609 675 2667 modum
724 2609 1028 2682 composita
1065 2610 1364 2676 videretur,
1409 2616 1465 2666 et
1505 2627 1574 2668 ne
1616 2610 1766 2671 eolus
1812 2611 2000 2670 mundi
2049 2611 2460 2672 adscriberetur

452 2698 707 2758 hnmanae
747 2697 1051 2773 sapientiae,
1080 2705 1176 2757 aut
1207 2699 1419 2766 virtuti,
1452 2698 1550 2756 eed
1591 2699 1766 2756 solum
1803 2699 2024 2764 divinae.
2054 2700 2210 2758 Unde
2251 2718 2354 2758 nec
2399 2702 2457 2760 in

453 2787 535 2845 eis
557 2787 733 2845 defuit
771 2788 947 2847 virtus
986 2788 1174 2848 divina
1220 2788 1490 2846 mirabilia
1520 2804 1772 2862 operanS,
1799 2789 1894 2862 qui
1933 2795 2116 2846 tamen
2152 2791 2460 2848 secundum

454 2876 717 2935 mundum
740 2876 1070 2937 videbantur
1093 2875 1315 2951 abjecti.
1337 2878 1454 2936 Hoc
1481 2886 1668 2937 autem
1690 2877 2058 2937 necessarium
2081 2893 2202 2938 erat
2227 2895 2462 2954 repara·
2519 2921 2532 2932 .

454 2965 590 3023 tioni
616 2965 889 3034 humanae‚
921 2973 983 3024 ut
1004 2965 1250 3025 homines
1282 2966 1574 3034 discerent,
1601 2981 1672 3022 ne
1697 2966 1766 3024 de
1812 2967 2007 3039 seipsis
2045 2968 2278 3041 stiperbe
2317 2984 2464 3026 con-

454 3055 715 3122 siderent,
730 3056 829 3112 sed
855 3056 924 3112 de
951 3056 1087 3115 Deo.
1114 3056 1229 3112 Hoc
1256 3055 1403 3111 enim
1429 3055 1499 3112 ad
1533 3053 1919 3128 perfectionem
1943 3055 2198 3114 humanae
2219 3059 2462 3130 justitiae

454 3145 769 3217 requiritur,
796 3150 860 3200 ut
880 3144 1041 3205 homo
1070 3143 1313 3202 totaliter
1336 3160 1394 3200 se
1424 3145 1538 3200 Deo
1561 3131 1834 3216 subjiciat,
1863 3161 1896 3204 a
1921 3160 2032 3219 quo
2077 3147 2244 3204 etiam
2273 3148 2464 3204 omnin

452 3233 595 3290 bona
620 3232 882 3303 consequi
908 3243 1091 3306 speret
1120 3232 1559 3305 adipiscenda,et
1579 3233 1779 3306 adepta
1801 3243 2177 3306 recognoscat.
2203 3236 2286 3293 Ad
2313 3236 2464 3294 bona

456 3322 625 3392 igitur
653 3321 942 3400 praesentin
980 3321 1141 3393 hujus
1167 3321 1354 3378 mundi
1384 3321 1802 3390 contemnenda,
1823 3330 1881 3380 et
1929 3324 2159 3382 adversa
2195 3323 2464 3399 quaelibet

459 3410 741 3467 toleranda
784 3426 961 3484 usque
1010 3410 1081 3466 ad
1130 3416 1382 3478 mortem,
1424 3410 1574 3466 nullo
1607 3411 1773 3472 modo
1807 3409 2004 3470 melius
2043 3413 2164 3486 ejus
2203 3413 2462 3487 discipuli

456 3504 751 3572 potuerunt
780 3498 1011 3563 institui,
1030 3513 1195 3571 quem
1225 3513 1319 3571 per
1350 3500 1656 3572 passionem
1685 3505 1741 3559 et
1769 3507 2002 3562 mortem
2031 3499 2234 3559 Christi
2265 3518 2282 3560 ε
2309 3501 2464 3560 unde

456 3593 513 3644 et
540 3588 655 3660 ipse
688 3587 766 3644 eis
803 3585 1022 3644 dicebat
1047 3587 1204 3643 Joan.
1231 3602 1341 3644 xv:
1372 3587 1432 3646 si
1465 3604 1548 3646 mo
1582 3587 1851 3660 persecuti
1881 3596 2030 3656 sunt,
2051 3596 2102 3648 et
2137 3605 2230 3648 vor
2273 3606 2467 3663 pene-

454 3682 706 3747 quentur.
726 3671 935 3730 Deinde
958 3673 1412 3732 considerandum
1440 3676 1705 3750 est,quod
1730 3676 1834 3736 hoo
1855 3676 2022 3736 habet
2045 3677 2182 3736 ordo
2200 3678 2461 3752 iustitiae,

458 3770 519 3818 ut
540 3777 638 3835 pro
664 3771 889 3836 peccato
917 3762 1403 3835 poenninetigatnr.
1430 3767 1672 3839 Apparet
1687 3765 1834 3825 enim
1857 3766 1912 3824 in
1939 3766 2194 3826 humanis
2207 3766 2464 3842 judiciis,

456 3850 604 3922 quod
640 3867 707 3908 ea
747 3867 872 3925 quae
914 3852 1115 3923 injuste
1160 3850 1306 3911 fecta
1347 3859 1495 3921 sunt,
1525 3853 1597 3910 ad
1625 3855 1902 3926 justitium
1947 3855 2300 3924 reducantur,
2325 3856 2471 3915 dum

450 3935 623 4009 judex
648 3936 717 3995 ab
742 3955 807 4006 eo
834 3939 928 4012 qui
958 3939 1135 3998 aliena
1160 3942 1403 4026 capiens,
1433 3940 1553 4013 plue
1575 3941 1740 4002 habet
1761 3957 1930 4017 quam
1941 3943 2469 4024 debent,subtrnhit
