2850 4517
529 298 648 359 184
1009 314 1060 355 ει.
1106 310 1340 354 ‘monas
1381 307 1708 359 Aoumms
1748 308 2056 352 ornacum

535 437 594 487 et
617 429 750 503 quid
781 420 946 485 'nobis
977 419 1301 502 'patiendum
1339 434 1428 483 est
1452 431 1512 481 ut
1536 441 1569 482 a
1612 412 1839 505 peceato
1869 422 2185 493 liberemur,
2216 430 2274 481 et
2300 441 2399 497 per
2426 431 2555 499 ejus

529 514 915 577 exaltationem
945 516 1352 573 consideremus
1375 514 1509 589 quid
1540 513 1695 570 nobis
1724 529 1822 587 per
1840 513 2021 585 ipsum
2050 512 2383 587 sperandum
2414 532 2554 588 pro-

516 608 770 693 ponitur.
819 599 1086 679 Superata
1127 604 1296 676 igitur
1319 609 1533 670 morte,
1566 618 1692 677 quae
1718 616 1786 659 ex
1824 608 2051 675 peccato
2094 603 2256 676 primi
2300 605 2553 676 parentis

530 701 874 769 provenerat,
918 694 1127 767 primus
1171 694 1240 750 ad
1291 692 1655 749 immortaiem
1700 692 1869 747 vitam
1914 692 2232 759 resurrexit,
2292 701 2357 748 ut
2402 694 2553 751 sicut

529 786 704 847 Adam
733 792 998 858 peccante
1025 783 1200 857 primo
1231 782 1477 839 mortalis
1502 782 1615 838 vita
1640 781 1913 854 apparuit,
1941 780 2016 837 ita
2040 780 2260 837 Christo
2283 799 2385 856 pro
2416 798 2553 856 pee-

528 881 657 931 cato
677 870 1092 937 satisfaciente,
1127 870 1304 942 primo
1339 867 1667 925 immortalis
1706 868 1821 925 vita
1860 868 1916 922 in
1966 868 2183 925 Christo
2228 878 2547 942 appareret.

527 944 826 1021 Redierant
853 960 1076 1033 quidem
1102 958 1170 1015 ad
1212 959 1382 1015 vitam
1411 957 1505 1015 aiii
1538 965 1667 1014 ante
1708 955 1984 1037 Christum
2028 955 2113 1011 vel
2160 956 2233 1013 ab
2280 973 2367 1026 ee,
2400 958 2549 1017 vel'a

531 1050 810 1124 prophetis
838 1047 1111 1115 suscitati,
1139 1034 1325 1103 tamen
1371 1046 1573 1105 iterum
1614 1045 1866 1101 morituri
1896 1059 1910 1099 ε
1950 1044 2045 1100 sed
2085 1044 2337 1103 Christus
2360 1062 2551 1103 resur-

530 1156 664 1211 gens
687 1156 755 1195 ex
775 1137 1022 1203 mortuis,
1047 1138 1164 1209 jam
1187 1151 1296 1191 non
1317 1136 1585 1192 moritur:
1614 1134 1755 1190 unde
1772 1134 1921 1207 quia
1930 1134 2137 1205 primus
2162 1136 2548 1192 necessitatem

531 1227 799 1285 moriendi
840 1226 1034 1292 evasit,
1067 1224 1270 1281 dicitur
1307 1225 1562 1298 princeps
1605 1229 1963 1289 mortuorum,
2008 1228 2065 1279 et
2112 1223 2372 1295 primitiae
2414 1224 2552 1281 dor-

531 1317 838 1409 mentium,
877 1314 1089 1371 seilicet
1129 1314 1260 1387 quia
1306 1304 1515 1386 prim‘us
1558 1328 1592 1369 a
1638 1324 1849 1371 sommo
1891 1306 2086 1367 mortis
2134 1312 2374 1369 surrexit
2413 1315 2551 1385 jugo

531 1405 722 1461 mortis
751 1418 1003 1460 excusso.
1047 1404 1178 1475 Eius
1203 1406 1389 1459 autem
1436 1401 1763 1457 resurrectio
1794 1416 1901 1455 non
1950 1399 2159 1457 tardari
2202 1401 2414 1469 debuit,
2450 1418 2553 1459 nee

531 1490 721 1550 statim
750 1500 875 1565 post
905 1500 1136 1549 mortem
1165 1506 1306 1547 esse.
1331 1491 1387 1547 Si
1417 1492 1563 1547 enim
1592 1491 1783 1546 statim
1811 1495 1935 1561 post
1958 1496 2197 1547 mortem
2220 1491 2454 1548 redisset
2480 1492 2551 1547 ad

535 1581 726 1649 vitam,
761 1582 952 1639 mortis
978 1580 1184 1637 veritas
1212 1579 1567 1652 comprobata
1598 1594 1707 1635 non
1731 1578 1949 1635 suisset.
1978 1579 2033 1635 Si
2070 1594 2203 1635 vero
2232 1579 2327 1636 diu
2358 1596 2551 1637 resur-

532 1670 704 1727 reetio
731 1670 1062 1737 tardaretur,
1095 1670 1312 1741 signum
1353 1672 1631 1741 superatae
1670 1666 1863 1723 mortis
1894 1668 1951 1723 in
1980 1684 2045 1723 eo
2088 1684 2195 1725 non
2232 1678 2544 1742 appareret,

533 1760 634 1815 nee
670 1759 982 1815 hominibus
1013 1755 1240 1815 daretur
1271 1772 1398 1831 spes
1420 1764 1485 1813 ut
1508 1772 1606 1829 per
1635 1758 1815 1829 ipsum
1858 1754 2223 1813 liberarentur
2252 1773 2286 1815 a
2323 1756 2509 1815 morte
2534 1776 2548 1814 ε

530 1848 674 1903 unde
703 1848 1162 1905 resurrectionem
1209 1860 1385 1920 usque
1428 1844 1497 1903 a'd
1533 1846 1759 1901 tertium
1806 1845 1953 1901 diem
1999 1846 2233 1915 distulit,
2268 1848 2400 1921 quia
2444 1849 2554 1905 hoe

539 1946 755 2011 tempus
784 1936 1062 1995 sufficiens
1085 1936 1378 1994 videbatur
1416 1937 1486 1993 ad
1518 1936 1709 1993 mortis
1737 1934 2027 1993 veritatem
2064 1936 2549 2009 comprobandam,

535 2044 636 2083 nee
659 2036 779 2084 erat
803 2028 968 2085 nimis
1018 2028 1288 2101 prolixum
1331 2025 1400 2082 ad
1432 2041 1583 2098 spem
1612 2024 1954 2089 liberationis
1990 2024 2307 2081 tollendam.
2333 2028 2475 2083 Nam
2504 2028 2549 2083 si

534 2116 769 2187 amplius
809 2116 980 2173 dilata
1010 2116 1221 2181 fuisset,
1247 2116 1364 2185 jam
1392 2113 1789 2185 fidelium‘spes
1816 2112 2215 2168 dubitationem
2244 2104 2550 2185 pateretur,

535 2203 680 2259 unde
709 2207 764 2259 et
795 2204 957 2276 quasi
983 2202 1274 2257 deficiente
1297 2203 1414 2273 jam
1440 2218 1537 2271 spe
1557 2202 1780 2273 quidam
1806 2197 2063 2257 dicebant
2092 2202 2254 2259 tertia
2277 2203 2386 2270 die,
2415 2206 2548 2266 Luc.

533 2290 656 2346 uiti.
697 2307 712 2345 ι
748 2291 883 2363 Nos‘
905 2290 1244 2361 sperabamus
1273 2288 1408 2360 quod
1450 2291 1560 2362 ipse
1606 2290 1977 2361 redempturus
2022 2296 2155 2346 esset
2194 2284 2388 2347 Isra'el.
2428 2294 2549 2348 Non

443 2382 448 2385 '
536 2382 720 2433 tamen
748 2390 848 2447 per
875 2379 990 2431 tres
1029 2377 1270 2447 integros
1297 2376 1418 2444 dies
1456 2376 1705 2432 Christus
1742 2383 1993 2433 mortuus
2020 2378 2304 2435 remansit.
2336 2378 2553 2460 Dicitur

535 2471 720 2521 tamen
747 2463 926 2520 tribus
953 2464 1165 2534 diebus,
1197 2472 1254 2521 et
1271 2466 1275 2471 '
1295 2464 1472 2521 tribus
1500 2465 1752 2522 noctibus
1779 2466 1834 2522 in
1855 2466 2043 2522 ‘corde
2072 2473 2236 2523 terrae
2262 2465 2434 2524 fuisse
2456 2469 2553 2525 ilio

534 2552 698 2609 modo
729 2551 1178 2626 locutionis,·quo
1208 2569 1334 2627 pars
1375 2568 1473 2626 pro
1512 2557 1629 2610 toto
1661 2555 1787 2627 poni
1816 2552 2135 2623 solet,‘cum
2174 2556 2321 2612 enim
2346 2572 2417 2613 ex
2462 2553 2561 2613 die·

535 2647 594 2697 et
615 2647 776 2698 nocte
805 2658 945 2697 unus
973 2641 1092 2698 dies
1129 2641 1397 2700 naturalis
1423 2644 1813 2715 constituatur,
1844 2658 2193 2718 quacumque
2230 2652 2391 2719 parte
2418 2646 2549 2719 diei,

533 2729 620 2785 vel
653 2731 831 2787 noctis
865 2737 1184 2803 computata
1221 2732 1471 2790 Christus
1499 2732 1601 2789 fuit
1629 2733 1687 2789 in
1725 2742 1920 2801 morte,
1956 2739 2073 2791 tota
2098 2733 2193 2791 illa
2220 2734 2313 2791 die
2348 2733 2552 2792 dicitur

475 2826 478 2829 ’
537 2818 802 2877 in'morte
838 2819 1025 2875 ruisse.
1051 2821 1362 2877 Secundum
1400 2826 1586 2878 autem
1612 2821 1911 2894 Scripturae
1952 2822 2405 2879 consuetudinem
2446 2840 2555 2881 nox

534 2909 940 2983 eumtsequenti
970 2908 1060 2964 die
1079 2916 1449 2983 computatur,
1475 2924 1539 2965 eo
1569 2909 1954 2982 quod'Hebraei
1976 2918 2221 2983 tempora
2250 2910 2553 2969 seeundum

533 3013 756 3052 cursum
782 2997 925 3055 lunae
951 2996 1264 3065 observant,
1294 3014 1419 3072 quae
1442 2999 1517 3054 de
1536 3013 1663 3054 sero
1688 2998 1881 3071 incipit
1908 3014 2193 3071 apparere.
2219 3000 2343 3057 Fuit
2366 3009 2553 3058 autem

536 3084 786 3141 Christus
810 3084 864 3139 in
893 3086 1142 3159 sepulcro
1164 3086 1358 3143 ultima
1386 3093 1545 3159 parte
1572 3095 1746 3145 sextae
1782 3087 1951 3155 feriae,
1981 3104 2107 3160 quae
2144 3088 2187 3145 si
2224 3106 2351 3145 cum
2390 3100 2553 3147 nocte

536 3172 869 3244 praecedenti
897 3182 1261 3249 computetur,
1290 3175 1396 3232 erit
1417 3176 1575 3249 quasi
1602 3177 1721 3232 dies
1743 3192 1882 3233 unus
1910 3177 2199 3233 naturalis.
2220 3179 2393 3234 Noct'e
2422 3196 2553 3235 vero

531 3269 798 3335 sequente
813 3264 1248 3325 sextamferiam
1267 3279 1394 3319 eum
1417 3265 1633 3337 integra
1653 3265 1742 3327 die
1762 3260 2014 3325 sabbathi
2036 3266 2139 3321 fuit
2165 3267 2218 3322 in
2240 3266 2549 3341 sepulchro,

535 3359 592 3407 et
619 3350 700 3407 sio
729 3358 855 3407 sunt
885 3353 996 3408 duo
1020 3352 1158 3407 dieS.
1185 3353 1366 3408 lacuit
1389 3352 1557 3410 etiam
1584 3362 1833 3411 mortuus
1857 3356 1914 3409 in
1942 3355 2195 3428 sequenti
2222 3361 2400 3422 nocte,
2428 3372 2553 3429 quae

535 3437 800 3515 praeeedit
839 3438 984 3495 diem
1027 3438 1381 3506 dominicum,
1434 3439 1489 3495 in
1530 3456 1638 3513 qua
1684 3441 2019 3507 resurrexit,
2038 3441 2125 3498 vel
2168 3442 2349 3497 media
2392 3447 2552 3499 nocte

533 3527 837 3584 secundum
865 3528 1213 3607 Gregorium,
1240 3528 1327 3585 vel
1355 3528 1599 3585 diluculo
1626 3531 1928 3588 secundum
1956 3530 2114 3601 aiios,
2142 3532 2289 3588 unde
2316 3533 2363 3587 si
2394 3549 2549 3589 com·

534 3621 761 3688 putetur
782 3616 870 3673 vel
896 3623 1012 3675 tota
1037 3632 1164 3685 nox,
1196 3617 1279 3674 vel
1307 3635 1433 3691 pars
1458 3620 1575 3691 ejus
1596 3635 1725 3678 cum
1744 3620 2000 3692 sequenti
2026 3620 2115 3677 die
2140 3620 2418 3676 dominico
2446 3622 2551 3677 erit

535 3704 732 3761 tertius
758 3703 877 3763 dies
903 3706 1191 3769 naturalis.
1211 3707 1328 3763 Nec
1355 3714 1518 3764 vacat
1540 3724 1574 3765 a
1598 3694 1863 3782 mysterio
1886 3708 2035 3781 quod
2064 3708 2231 3765 tertia
2250 3708 2341 3764 die
2366 3714 2553 3765 resur-

531 3806 664 3861 gere
685 3792 880 3863 voluit,
911 3800 973 3850 ut
991 3810 1099 3868 per
1122 3795 1226 3852 hoe·
1255 3796 1637 3853 manifestetur
1662 3796 1811 3869 quod
1840 3812 1909 3853 ex
1932 3798 2139 3854 virtute
2170 3797 2342 3855 totius
2366 3798 2562 3855 Trita-

534 3880 669 3935 tatis
693 3882 1000 3955 resurrergit
1029 3899 1042 3939 z
1076 3887 1220 3969 unde
1260 3890 1318 3941 et
1345 3883 1678 3964 quandoque
1707 3884 1910 3943 dieitur
1952 3891 2113 3959 pater
2138 3888 2285 3961 sium·¹
2306 3889 2555 3945 resusci-
