2850 4517
923 282 971 331 ι.
999 302 1082 317 -
1106 282 1509 333 comrnumtm
1562 284 1923 335 ‘runonoomr
2218 287 2225 295 ·
2311 269 2421 335 141

413 404 604 455 turam
628 395 855 453 filii'Dei
884 396 1249 453 referendum.
1270 398 1386 454 Hoc
1414 405 1598 456 autem
1626 401 1822 472 posim,
1856 400 2104 475 sequitur
2120 402 2267 477 quod
2298 404 2425 459 unio

417 485 518 543 filii
548 486 648 543 Dei
672 487 742 543 ad
765 485 1040 542 hominem
1068 486 1211 543 sacta
1240 487 1445 545 sitnon
1468 488 1645 544 solum
1675 490 1730 545 in
1754 505 2003 562 persona,
2031 492 2129 549 sed
2175 492 2342 549 etiam
2366 494 2423 549 in

415 583 638 632 natura.
668 574 1020 632 Manifestum
1040 579 1126 631 est
1147 576 1312 644 enim,
1340 577 1487 649 quod
1508 593 1576 633 ex
1599 578 1779 633 anima
1805 585 1861 634 et
1887 594 2112 651 corpore
2136 583 2426 639 constitui-

419 671 512 721 tur
542 665 724 722 unitas
766 663 1024 721 humanae
1052 669 1265 721 naturae
1295 681 1310 719 ι
1339 673 1392 721 et
1417 664 1580 737 hujus
1622 666 1846 738 quidem
1884 667 2169 739 positionis
2212 669 2425 727 falsitas

417 760 689 828 quantum
717 755 788 812 ad
824 754 881 810 id
920 753 1068 825 quod
1096 752 1266 810 filium
1295 754 1563 810 minorem
1588 761 1743 827 patre
1780 757 1996 824 asserit,
2023 772 2188 830 supra
2217 768 2301 816 est
2323 760 2426 815 de-

415 839 649 913 clarata,
679 858 806 900 cum
829 842 1172 915 ostendimus
1195 841 1366 898 filium
1395 842 1539 912 patri
1563 842 1853 916 aequalem.
1885 843 2166 914 Quantum
2188 864 2321 905 vero
2350 849 2420 907 ad

417 933 476 990 id
501 933 649 1006 quod
675 932 812 989 dicit
836 930 1076 989 Verbum
1103 930 1204 987 Dei
1240 932 1299 988 in
1319 930 1538 988 Christo
1567 931 1736 989 fuisse
1777 948 1875 1005 pro
1904 932 2106 1003 anima,
2134 934 2299 1008 hujus
2332 953 2426 993 er·

418 1022 564 1080 roris
597 1038 666 1079 ex
707 1020 1007 1095 praemissis
1045 1019 1260 1077 falsitas
1296 1020 1511 1077 ostendi
1555 1026 1756 1094 potest.
1791 1016 2085 1080 ostensum
2140 1032 2225 1082 est
2280 1027 2426 1083 enim

419 1126 607 1185 supra,
639 1111 879 1173 animam
923 1108 1140 1183 corpori
1168 1106 1311 1165 uniri
1353 1115 1414 1164 ut
1452 1108 1681 1167 formam
1710 1125 1724 1164 ε
1751 1110 1899 1167 Deus
1934 1121 2119 1169 autem
2167 1114 2427 1187 impossi-

417 1202 530 1258 bile
557 1206 643 1257 est
679 1200 910 1260 formam
939 1198 1187 1272 corporis
1231 1214 1368 1266 esse,
1395 1198 1541 1255 sicut
1582 1215 1747 1272 supra
1789 1206 2069 1257 ostensum
2106 1211 2210 1260 est.
2242 1205 2311 1259 Et
2357 1218 2462 1261 ne·

419 1291 564 1347 forte
615 1289 812 1347 Arrius
863 1288 968 1346 hoc
999 1288 1206 1345 diceret
1243 1287 1313 1345 de
1358 1302 1571 1343 summo
1611 1290 1727 1345 Deo
1787 1290 1948 1347 Patre
1988 1291 2421 1364 intelligendum,

420 1379 568 1436 idem
596 1384 652 1435 et
680 1380 748 1435 de
788 1378 1012 1451 Angelis
1045 1376 1262 1434 ostendi
1285 1384 1488 1449 potest,
1520 1377 1667 1450 quod
1692 1379 1990 1436 secundum
2019 1387 2272 1437 naturam
2298 1398 2427 1439 cor-

417 1469 538 1543 pori
568 1483 676 1525 non
714 1473 943 1541 possunt
984 1465 1128 1523 uniri
1169 1482 1266 1540 per
1303 1466 1525 1523 modum
1566 1466 1777 1535 formae,
1810 1484 1935 1525 cum
1976 1470 2087 1527 sint
2122 1473 2426 1529 secundum

418 1564 674 1615 naturam
720 1572 877 1614 suam
911 1572 946 1615 a
980 1553 1302 1629 corporibus
1344 1554 1608 1629 separati.
1636 1556 1807 1613 Multo
1844 1557 2013 1630 igitur
2058 1560 2241 1616 minus
2280 1560 2427 1617 filius

419 1647 541 1716 Dei,
568 1664 667 1722 per
694 1662 860 1721 quem
883 1645 1016 1703 facti
1047 1650 1177 1702 sunt
1203 1645 1416 1717 Angeli,
1440 1651 1502 1700 ut
1530 1644 1700 1702 etiam
1730 1646 1923 1703 Arrius
1954 1648 2267 1717 confitetur,
2297 1663 2425 1707 cor-

415 1738 570 1812 poris
591 1738 766 1794 torma
788 1750 911 1793 esse
931 1750 1040 1792 non
1064 1740 1266 1809 potest.
1281 1736 1576 1803 Praeterea,
1604 1734 1749 1792 filius
1775 1736 1876 1792 Dei
1899 1736 2070 1794 etiam
2096 1738 2143 1792 si
2170 1738 2246 1794 sit
2266 1754 2428 1795 crea-

422 1834 572 1893 tura,
597 1832 665 1882 'ut
690 1826 883 1883 Arrius
911 1824 1196 1893 mentitur,
1224 1829 1409 1881 tamen
1434 1825 1737 1882 secundum
1758 1822 1939 1897 ipsum
1984 1826 2041 1881 in
2085 1826 2425 1883 beatitudine

423 1914 688 1989 praecedit
706 1930 892 1971 omues
917 1913 1144 1987 spiritus
1162 1920 1402 1971 creatos.
1430 1914 1529 1970 Est
1550 1921 1737 1970 autem
1763 1918 1915 1971 tanta
1938 1912 2267 1985 Angelorum
2291 1916 2427 1973 bea-

421 2006 624 2073 titudo,
653 2003 799 2077 quod
829 2003 1112 2061 tristitiam
1138 2001 1343 2059 habere
1371 2015 1479 2058 uon
1507 2006 1755 2074 possunt.
1784 2002 1906 2058 Non
1934 2002 2081 2058 enim
2108 2008 2255 2059 esset
2295 2019 2427 2061 vera

419 2104 477 2153 et
517 2095 680 2171 plena
720 2092 974 2161 felicitae,
999 2092 1047 2149 si
1088 2091 1299 2165 aliquid
1333 2105 1525 2148 eorum
1561 2090 1707 2147 votis
1750 2089 2029 2148 deficeret.
2058 2091 2157 2149 Est
2192 2092 2339 2147 enim
2357 2091 2427 2148 de

418 2184 635 2242 ratione
675 2181 1054 2250 beatitudini8‚
1097 2186 1160 2236 ut
1195 2181 1270 2237 sit
1305 2180 1469 2238 finale
1504 2188 1562 2237 et
1602 2178 1904 2253 perfectum
1941 2178 2165 2237 bonum'-
2182 2178 2427 2237 totaliter

421 2274 728 2349 appetitum
755 2271 1032 2347 quietanS.
1062 2270 1233 2327 Multo
1267 2270 1438 2343 igitur
1463 2270 1646 2326 minus
1669 2269 1767 2327 Dei
1800 2270 1945 2327 filius
1980 2269 2187 2327 tristari
2221 2277 2423 2343 potest,

421 2373 517 2423 aut
542 2364 734 2420 timere
757 2361 1059 2419 secundum
1082 2375 1241 2418 suam
1262 2366 1537 2418 naturam.
1568 2359 1792 2431 Legitur
1816 2366 2002 2417 autem
2028 2360 2279 2417 tristatus
2301 2375 2428 2417 cum

419 2454 664 2511 dicitur:
698 2450 872 2525 Goepit
905 2451 1061 2509 Jews
1102 2466 1296 2524 pavere
1335 2456 1385 2505 et
1421 2448 1639 2515 toedere,
1666 2456 1718 2505 et
1748 2456 1963 2507 moertus
2002 2466 2108 2506 esse
2146 2465 2168 2509 .·
2210 2436 2267 2506 et
2309 2450 2428 2521 ipse

421 2544 592 2601 etiam
627 2557 784 2599 suam
817 2540 1100 2598 tristitiam
1137 2540 1425 2614 profitetur
1465 2538 1698 2597 dicens:
1736 2539 1934 2597 Tristis
1966 2546 2044 2596 cst
2084 2538 2270 2597 anima
2309 2555 2428 2595 mea

420 2648 584 2703 usque
610 2630 682 2687 ad
701 2636 944 2687 mortem.
974 2628 1326 2687 Manifestum
1351 2636 1437 2685 est
1464 2633 1651 2685 autem
1677 2628 1962 2685 tristitiam
1989 2640 2097 2685 non
2138 2642 2259 2685 esse
2297 2641 2428 2685 cor-

423 2720 596 2793 por-ia,
625 2720 722 2777 sed
745 2720 977 2793 alicujus
1002 2717 1414 2791 apprehensivae
1436 2714 1782 2774 substantiae.
1804 2715 2035 2788 Oportet
2062 2718 2231 2789 igitur
2257 2731 2429 2790 prop-

426 2815 514 2865 ter
535 2806 777 2866 Verbum
811 2813 868 2865 et
890 2822 1092 2882 corpus
1124 2805 1181 2864 in
1215 2805 1434 2862 Christo
1478 2804 1646 2861 aliam
1690 2804 1861 2860 fuisse
1886 2804 2272 2873 substantiam,
2303 2806 2447 2876 quae'

424 2896 710 2956 tristitiam
740 2898 852 2969 pati
875 2903 1076 2970 posset,
1109 2901 1165 2951 et
1181 2894 1323 2950 hanc
1350 2890 1584 2948 dicimus
1612 2889 1870 2948 animam.
1901 2892 2131 2959 Rursus,
2163 2892 2210 2946 si
2237 2890 2428 2947 Chris-

422 2996 516 3045 tus
538 2993 829 3061 propterea
856 2985 1153 3058 assumpsit
1176 2998 1302 3057 quae
1329 2986 1517 3037 nostra
1541 2986 1687 3048 sunt,
1720 2987 1782 3036 ut
1810 2993 1910 3037 nos
1937 2995 1969 3037 a
1994 2980 2235 3051 peccatis
2263 2996 2428 3035 mun-

421 3076 599 3143 daret,
632 3068 812 3148 magis
845 3081 1031 3132 autem
1071 3070 1442 3129 necessarium
1482 3075 1601 3126 erat
1639 3067 1795 3125 nobis
1834 3067 2085 3125 mundari
2126 3068 2427 3125 secundum

423 3167 685 3233 animam,
711 3180 745 3220 a
771 3180 882 3238 qua
922 3164 1078 3235 origo
1123 3160 1337 3235 peccati
1365 3164 1728 3234 processerat,
1754 3165 1813 3215 et
1840 3173 1966 3231 quae
2005 3165 2090 3214 est
2120 3158 2428 3231 subJectum

418 3255 658 3327 peccati,
683 3268 791 3311 non
818 3253 987 3325 igitur
1008 3266 1208 3325 corpus
1235 3249 1532 3321 assumpsit
1557 3247 1677 3305 sine
1704 3246 1908 3315 anima,
1938 3246 2035 3304 sed
2062 3248 2193 3320 quia
2221 3246 2429 3317 princi-

424 3345 606 3417 patius
635 3344 879 3404 animam
902 3346 959 3400 et
985 3356 1183 3414 corpus
1205 3354 1332 3397 cum
1356 3338 1561 3396 anima.

1281 3622 1573 3646 μ
