2850 4517
540 380 665 447 242,
1024 398 1075 443 s.
1120 392 1353 443 mecam
1394 394 1722 448 nomm-ns
1764 390 2076 439 opuscum

542 514 690 588 quod
732 512 939 571 subdit.
968 512 1249 571 Audentes
1285 526 1414 587 ergo
1459 528 1692 587 semper,
1739 517 1795 570 et
1836 512 2075 569 scientes
2121 510 2384 585 quoniam
2419 508 2545 566 dum

542 605 809 661 sumusin
852 602 954 660 hoc
981 618 1210 677 corpore
1255 603 1668 677 peregrinamur
1697 618 1729 659 a
1758 600 1993 659 Domino
2022 618 2035 657 :
2064 617 2161 675 per
2200 595 2368 656 fldem
2407 598 2548 656 enim

542 692 905 760 ambulamus,
937 699 993 748 et
1020 706 1128 749 non
1170 706 1269 767 per
1296 692 1557 766 speciem.
1583 692 1864 749 Audemus
1905 694 2090 747 autem
2131 696 2188 747 et
2213 688 2416 746 bonam
2451 704 2549 745 vo·

542 781 808 838 luntatem
831 780 1098 838 habemus
1126 782 1302 854 magis
1320 780 1658 855 peregrinari
1689 796 1721 837 a
1745 796 1993 853 corpore,
2025 787 2082 837 et
2105 784 2411 853 praesentes
2434 792 2549 835 esse

544 870 612 926 ad
659 870 970 927 Dominum.
1016 870 1277 944 Aperitur
1325 882 1477 943 ergo,
1523 867 1668 943 quod
1715 870 1896 944 ipsum
1946 884 2146 943 corpus
2195 864 2550 943 corruptibile

544 974 707 1033 supra
737 958 1041 1031 nominavit
1068 964 1389 1015 terrestrem
1415 958 1639 1015 domum
1681 958 1842 1031 hujus
1871 956 2247 1025 habitationis,
2281 964 2338 1014 et
2367 956 2551 1014 taber-

545 1048 822 1116 naculum,
853 1047 997 1122 quod
1024 1037 1247 1120 quidem
1276 1062 1474 1121 corpus
1516 1055 1599 1105 est
1629 1048 1828 1105 animae
1872 1046 2031 1121 quasi
2071 1046 2355 1121 quoddam
2389 1044 2551 1102 indu-

546 1142 815 1194 mentum.
844 1136 1103 1209 Aperitur
1131 1134 1299 1191 etiam
1336 1133 1468 1209 quid
1502 1148 1668 1211 supra
1711 1134 1934 1205 dixerit,
1965 1134 2187 1191 domum
2220 1149 2328 1190 non
2359 1150 2551 1191 manu-

547 1224 769 1291 factam,
802 1223 895 1279 sed
922 1230 1187 1280 aeternam
1216 1224 1270 1279 in
1295 1224 1450 1281 coelis
1482 1242 1495 1280 ε
1529 1222 1659 1299 quia
1690 1226 1868 1298 ipsum
1911 1224 2083 1281 Deum
2117 1240 2284 1298 quem
2309 1220 2554 1280 homines

546 1313 931 1381 iuduunt,·vel
974 1312 1143 1370 etiam
1182 1310 1510 1382 inhabitant,
1559 1314 1689 1370 dum
1731 1314 1781 1370 ei
1828 1320 2128 1388 praesentes
2170 1314 2419 1371 existunt
2463 1331 2555 1386 per

547 1404 805 1475 speciem,
832 1401 889 1458 id
916 1408 1021 1472 est,
1052 1400 1288 1460 videndo
1312 1418 1437 1459 eum
1463 1404 1607 1459 sicut
1634 1410 1737 1471 est,
1769 1404 2188 1477 peregrinantur
2212 1402 2284 1459 ab
2307 1418 2395 1463 e0.
2427 1402 2550 1459 dum

547 1508 646 1565 per
690 1490 853 1547 fidem
884 1496 1071 1547 tenent
1116 1492 1263 1566 quod
1298 1492 1540 1548 nondum
1580 1492 1790 1549 vident.
1835 1488 2163 1548 Desiderant
2199 1507 2334 1563 ergo
2382 1494 2550 1549 sancti

544 1580 884 1653 peregrinari
913 1596 946 1636 a
969 1594 1216 1655 corpore,
1246 1588 1307 1637 ut
1343 1595 1530 1637 eorum
1565 1582 1764 1639 animae
1789 1597 1885 1655 per
1913 1585 2144 1636 mortem
2175 1596 2207 1637 a
2235 1580 2553 1654 corporibus

549 1674 870 1741 separentur
900 1668 970 1751 ad
1012 1668 1133 1739 hoc,
1168 1668 1314 1745 quod
1350 1668 1432 1727 sic
1474 1670 1886 1745 peregrinantes
1925 1686 1956 1726 a
1992 1683 2242 1742 corpore,
2271 1668 2380 1723 sint
2411 1686 2552 1742 prae·

551 1766 734 1813 sentes
757 1756 825 1815 ad
855 1758 1167 1815 Dominum.
1196 1760 1352 1816 Patet
1381 1774 1512 1833 ergo
1541 1748 1685 1833 quod
1723 1766 2040 1816 sanctorum
2069 1756 2270 1815 animae
2299 1774 2329 1821 a
2360 1774 2551 1832 corpo-

550 1846 703 1903 ribus
744 1847 1007 1905 absolutae
1046 1846 1115 1905 ad
1150 1847 1432 1905 coelestem
1458 1846 1852 1906 habitationem
1891 1844 2236 1921 perveniunt,
2269 1846 2448 1903 Deum
2474 1847 2552 1903 vi-

550 1936 764 1992 dentes.
794 1936 916 1994 Non
953 1952 1083 2010 ergo
1118 1945 1436 1994 sanctarum
1478 1936 1782 1993 animarum
1820 1936 2071 1994 differtur
2101 1934 2297 2007 gloria,
2339 1952 2466 2010 quae
2503 1935 2552 1991 in

551 2026 651 2080 Dei
673 2026 883 2083 visione
906 2027 1178 2094 consistit,
1199 2040 1370 2100 usque
1391 2026 1461 2084 ad
1486 2026 1629 2083 diem
1649 2024 1843 2098 judicii
1867 2041 1975 2100 quo
1995 2024 2228 2099 corpora
2257 2030 2549 2082 resument.

551 2116 667 2170 Hoc
718 2116 885 2172 etiam
927 2120 1155 2189 apparet
1194 2129 1293 2189 per
1335 2116 1545 2172 dictum
1587 2114 1832 2188 Apostoli
1865 2114 1932 2172 ad
1975 2112 2110 2171 Phil.
2156 2130 2198 2181 1,
2247 2112 2344 2171 u'bi
2369 2112 2502 2171 dicit
2537 2131 2552 2169 t

555 2202 725 2274 Cupio
776 2204 1008 2269 dissolvi,
1039 2210 1090 2260 et
1118 2216 1221 2258 esse
1250 2216 1365 2259 eum
1398 2202 1634 2261 christo.
1665 2200 1876 2261 Vanum
1906 2200 2058 2275 enim,
2092 2202 2196 2259 hoc
2225 2200 2549 2259 desiderium

554 2297 718 2356 esset,
750 2290 796 2345 si
826 2305 1052 2362 corpore
1094 2288 1361 2347 dissoluto
1400 2290 1579 2347 adhuc
1608 2290 1805 2347 Paulus
1833 2308 1957 2347 cum
1996 2290 2211 2347 Christo
2255 2294 2365 2348 non
2396 2296 2549 2359 esset,

555 2392 717 2451 quem
770 2384 950 2434 tamen
1004 2384 1221 2434 constat
1260 2392 1381 2435 esse
1420 2378 1480 2435 in
1523 2380 1697 2437 coelis.
1750 2378 2034 2436 Manifeste
2081 2379 2248 2436 etia'm
2295 2378 2554 2436 Dominus

555 2464 754 2520 latroni
796 2464 849 2519 in
887 2480 1051 2522 cruce
1092 2466 1373 2523 confitenti
1412 2468 1572 2535 dixit,
1614 2470 1745 2526 Lu'c.
1791 2485 1934 2525 xxm
1969 2466 2178 2525 :Hodie
2214 2484 2418 2525 mecum
2454 2468 2564 2525 eris·

553 2553 616 2609 in
647 2551 926 2625 paradiso,
957 2570 1055 2627 per
1094 2554 1410 2629 paradisum
1443 2556 1634 2629 gloriae
1673 2558 1985 2614 fruitionem
2029 2556 2324 2629 designans
2348 2556 2379 2613 'z
2423 2556 2556 2613 ‘unde

554 2656 661 2697 non
680 2646 764 2697 est
787 2641 1138 2706 credendum.
1164 2643 1309 2719 quod
1334 2662 1464 2703 suos
1490 2644 1677 2706 fideles
1701 2646 1949 2704 Christus
1969 2644 2320 2703 remunerare
2344 2644 2566 2705 differat

556 2739 822 2807 quantum
847 2731 916 2789 ad
946 2734 1175 2807 gloriam
1213 2736 1539 2805 animarum,
1570 2753 1743 2813 usque
1772 2736 1846 2794 'ad
1873 2752 2163 2811 corporum
2197 2740 2556 2795 resurrectio-

555 2836 699 2878 nem.
732 2820 885 2892 Quod
924 2838 1055 2895 ergo
1086 2824 1351 2881 Dominus
1378 2824 1535 2893 dicit,
1567 2846 1592 2879 α
1618 2828 1671 2882 in
1702 2826 1866 2883 domo
1895 2822 2202 2900 patris'mei
2250 2826 2558 2883 mansiones

556 2908 743 2966 multoe
770 2917 898 2966 sunt
920 2928 967 2977 n,
994 2909 1060 2967 ad
1084 2910 1422 2969 differentias
1445 2914 1678 2969 refertur
1698 2914 2067 2986 praemiorum,
2087 2910 2288 2983 quibus
2305 2914 2484 2970 sancti
2508 2914 2558 2969 in

555 2997 763 3053 coelesti
795 2998 1133 3055 beatitudine
1160 3006 1580 3057 remunerantur
1608 3018 1640 3057 a
1663 3002 1773 3057 Deo
1803 3018 1912 3058 non
1937 3000 2092 3058 extra
2117 3000 2360 3069 domum,
2381 3003 2477 3058 sed
2508 3000 2558 3058 in

556 3085 674 3157 ipsa
711 3086 890 3143 domo.
921 3088 1020 3143 His
1058 3096 1241 3145 autem
1270 3090 1421 3156 visiS,
1463 3104 1801 3164 consequens
1827 3090 1909 3147 e‘st
1939 3088 2317 3164 purgatorium
2347 3093 2559 3149 anima-

557 3188 677 3227 rum
702 3188 820 3229 esse
844 3182 965 3247 post
1007 3182 1257 3233 mortem.
1285 3176 1362 3234 Ex
1407 3178 1590 3235 multis
1616 3179 1758 3235 enim
1787 3195 1961 3237 sacrae
1979 3178 2286 3253 'Scripturae
2315 3178 2558 3237 auctori-

558 3260 763 3317 tatibus
790 3262 1075 3321 manifeste
1100 3264 1350 3334 habetur,
1376 3268 1522 3339 quod
1548 3264 1616 3324 ad
1645 3268 1793 3324 illam
1821 3267 2101 3325 coelestem
2122 3264 2354 3341 gloriam
2385 3268 2558 3325 nullus

556 3348 841 3423 pervenire
871 3358 1047 3425 potest
1084 3368 1208 3411 cum
1246 3354 1481 3412 macula.
1509 3354 1722 3413 Dicitur
1760 3357 1908 3414 enim
1940 3357 2008 3413 de
2046 3356 2247 3415 divinae
2275 3356 2557 3432 sapientias

476 3490 479 3493 ,
555 3440 993 3513 participatione.
1026 3444 1155 3515 Sap.
1198 3456 1282 3500 vn
1314 3462 1327 3501 ε
1359 3446 1496 3516 quod
1525 3443 1664 3502 nihil
1692 3446 2033 3519 inquinatum
2071 3443 2303 3504 intrabit
2327 3448 2386 3503 in
2424 3464 2554 3511 eam,

557 3528 805 3583 consistit
832 3536 1017 3587 autem.
1038 3530 1279 3587 coelestis
1306 3530 1558 3600 felicitas,
1594 3535 1647 3591 in
1676 3534 1961 3608 sapientiae
1987 3533 2410 3609 participatione
2433 3528 2572 3610 pe'r-'

556 3616 719 3683 fecta,
747 3632 855 3691 qua
881 3634 977 3691 per
1012 3621 1249 3691 speciem
1286 3622 1458 3677 Deum
1506 3622 1831 3682 videbimus
1864 3625 2094 3697 Oportet
2133 3624 2301 3696 igitur
2342 3626 2556 3681 omnino

558 3706 674 3760 sine
699 3706 910 3761 macula
940 3722 1059 3762 esse
1086 3722 1195 3773 eos,
1229 3708 1319 3782 qui
1343 3708 1411 3765 ad
1444 3708 1590 3767 illam
1616 3714 1989 3785 perducuntur
2018 3732 2031 3769 ε
2060 3712 2164 3769 hoc
2191 3711 2361 3770 etiam
2391 3712 2557 3770 babe-

562 3800 647 3847 tur
673 3808 737 3847 ex
766 3793 980 3866 positis.
1013 3796 1119 3851 isa.
1150 3812 1295 3853 xxxv
1329 3816 1341 3853 :
1378 3798 1478 3857 Via
1503 3806 1688 3856 sancta
1722 3800 2021 3869 vocabitur,
2047 3820 2152 3858 non
2185 3800 2448 3861 transibit
2462 3818 2558 3877 per

557 3896 670 3934 eam
692 3882 939 3951 pollutus.
972 3880 1041 3939 Et
1081 3885 1273 3957 Apost.
1303 3904 1396 3943 xxi
1429 3906 1440 3941 ε
1467 3888 1588 3946 Non
1619 3888 1848 3947 intrabit
1877 3892 2040 3948 in'ea
2068 3890 2278 3965 aliquid
2315 3890 2556 3966 coinqui-

557 3968 773 4054 natum?
796 3966 1065 4047 contingit
1097 3980 1280 4045 autem
1305 3974 1520 4049 aliquos
1542 3976 1597 4033 in
1621 3977 1755 4037 hora
1783 3980 1976 4039 moi-tis
1999 3978 2276 4054 aliquibus
2300 3970 2574 4057 peccato-'

2367 4262 2396 4281 Ο
