2850 4517
523 356 609 399 lv.
640 372 719 384 —
749 356 825 399 nn
869 358 1287 401 rnnrncrioxn
1335 359 1498 402 vnum
1551 358 1925 404 semi-ruanis
2111 346 2126 365 ‘
2151 345 2229 403 23

210 474 678 544 confirmaverunt
718 487 982 527 sermones
1006 470 1108 539 tui,
1134 480 1184 529 et
1202 491 1373 545 qenua
1413 474 1698 532 trementia
1723 474 2060 547 confortasti.
2089 476 2228 551 Sunt

212 568 404 617 autem
432 560 521 615 alii
554 560 647 631 qui
676 560 983 632 spiritualia
1013 560 1155 617 bona
1180 570 1233 617 et
1258 562 1444 619 divina
1472 548 1638 636 supra
1681 569 1935 620 naturam
1970 570 2026 619 et
2053 563 2228 640 ratio-

213 666 341 705 nem
372 647 660 704 existentia
693 650 957 721 proximis
983 648 1305 721 largiuntur,
1326 652 1536 707 scilicet
1564 652 1871 708 doctrinam
1897 650 2224 717 divinorum,

212 737 703 793 manuductionem
750 738 819 792 ad
850 738 1043 805 Deum,
1074 746 1129 794 et
1170 738 1512 815 spiritualem
1557 741 2034 797 sacramentorum
2061 754 2229 803 ,com-

212 827 666 882 municationem.
708 826 777 880 Et
814 826 881 881 de
925 826 1009 881 his
1056 827 1213 883 donis
1256 828 1550 901 Apostolus
1587 830 1917 885 mentionem
1974 828 2106 885 facit
2158 829 2228 884 ad

213 914 342 971 Gal.
372 930 459 982 111,
484 914 671 970 dicens
702 929 715 967 z
752 913 855 979 Qui
884 914 1080 970 tribuit
1118 916 1259 971 vobis
1296 904 1574 989 spiritum,
1601 925 1653 974 et
1694 924 1951 989 operatur
1996 916 2054 971 in
2084 906 2249 971 vobis*

212 1004 591 1060 virtutes.Etl
622 1003 784 1057 Thes·
814 1019 859 1059 11
887 1021 899 1057 ε
930 1004 1365 1077 Πανηαοεερίειίε
1388 1024 1421 1061 a
1451 1006 1596 1061 nob-is
1623 1006 1837 1061 verbum
1863 1005 2080 1061 auditus
2105 1000 2246 1069 Dei,

214 1108 323 1147 ecce
352 1090 625 1162 accepistis
650 1091 805 1158 illud,
838 1108 944 1147 non
970 1099 1032 1148 ut
1074 1092 1287 1149 verbum
1316 1094 1610 1159 hominum,
1635 1094 1724 1149 sed
1765 1101 1826 1150 ut
1860 1110 1980 1149 vere
2010 1094 2228 1149 verbum

216 1179 338 1235 Dei.
363 1180 431 1233 Et
458 1179 506 1233 11
530 1180 737 1235 Corint.
772 1194 817 1235 ιι
852 1196 865 1234 :
898 1179 1165 1251 Despondi
1191 1167 1280 1237 vos
1308 1182 1407 1237 uiti
1436 1180 1552 1237 viro
1583 1188 1688 1243 :et
1715 1180 2062 1253 postmodum
2091 1180 2227 1237 sub-

213 1268 296 1323 dit
345 1284 359 1321 z
398 1266 542 1324 Nam
580 1265 631 1322 si
674 1267 721 1322 is
761 1257 854 1340 qui
895 1268 1061 1334 venit,
1092 1268 1259 1325 alium
1304 1270 1580 1327 Christum
1614 1268 1878 1342 pra-dicat
1921 1262 2072 1341 quem
2118 1286 2227 1324 non

209 1356 641 1429 proedicaoimus,
668 1343 763 1412 aut
805 1356 1265 1432 alium-spiritum
1303 1358 1548 1431 accipitis
1587 1376 1737 1431 quem
1783 1374 1888 1413 non
1929 1356 2225 1429 accepisti&

212 1452 311 1500 aut
336 1444 486 1501 aliud
514 1445 869 1517 annqelinm
894 1446 1029 1518 quod
1058 1463 1163 1502 non
1184 1447 1473 1519 recepisti&
1493 1454 1630 1503 recte
1648 1446 1992 1519 pateremini.
2018 1446 2227 1518 Hujus-

214 1534 364 1589 modi
394 1540 577 1590 autem
604 1533 865 1589 bonorum
900 1533 1119 1591 collatio
1144 1534 1477 1607 singularem
1519 1530 1820 1609 quamdam
1838 1525 2247 1609 perfectionem
2301 1541 2306 1547 '

213 1623 453 1696 pertinet
477 1622 736 1679 fraternae
760 1622 1091 1692 dilectionis,
1120 1624 1249 1697 quia
1279 1642 1375 1698 per
1403 1624 1522 1681 baec
1553 1625 1694 1681 bona
1720 1624 1883 1681 homo
1912 1624 2105 1680 ultimo
2132 1624 2221 1678 fini

131 1760 139 1767 .
211 1711 582 1783 conjungitur,
614 1712 670 1767 in
700 1728 809 1784 quo
851 1728 1065 1768 summa
1102 1712 1337 1769 hominis
1367 1714 1630 1785 perfectio
1673 1714 1942 1779 consistit,
1976 1711 2118 1768 unde
2156 1712 2226 1767 ad

211 1800 357 1855 hanc
388 1800 778 1871 perfectionem
825 1800 1239 1869 ostendendam,
1272 1802 1492 1869 dicitur,
1521 1801 1623 1857 Job
1665 1818 1875 1858 xxxvn
1907 1817 1920 1855 ε
1946 1798 2228 1871 Numquid

210 1890 357 1947 nosti
400 1892 613 1947 semitas
662 1891 880 1947 nubium
922 1903 1141 1964 maynas
1184 1898 1235 1947 et
1273 1890 1540 1963 perfectas
1583 1891 1872 1946 scientias?
1899 1892 2001 1945 Per
2053 1890 2226 1944 nubes

211 1986 401 2036 autem
427 1980 725 2035 secundum
752 1980 919 2053 Greg.
952 1982 1129 2037 sancti
1164 1980 1551 2053 praedicatores
1579 1978 1978 2051 intelliguntur.
2009 1978 2224 2033 Habent

212 2077 401 2125 autem
450 2068 570 2125 istae
617 2070 785 2125 nubes
836 2069 1061 2127 semitas
1118 2070 1523 2137 subtilissimae,
1564 2068 1777 2125 scilicet
1819 2058 2225 2141 praedicati-onis

211 2162 423 2213 sanctae
451 2158 571 2215 vias
594 2165 650 2213 et
694 2157 965 2230 perfectas
995 2160 1273 2229 scientiaS,
1306 2159 1438 2214 dum
1468 2158 1536 2215 de
1577 2158 1690 2213 suis
1733 2156 1945 2213 meritis
1987 2170 2047 2212 se
2091 2154 2226 2210 nibil

211 2262 335 2301 esse
364 2248 562 2315 sciunt,
596 2248 726 2320 quia
774 2264 840 2304 ea
865 2264 989 2322 quae
1033 2249 1292 2320 proximis
1322 2248 1662 2321 impendunt,
1684 2262 1850 2320 supra
1886 2247 2035 2317 ipsos
2060 2239 2228 2300 ⁸exis-
2275 2290 2284 2301 ,

214 2340 360 2390 tunt.
388 2336 621 2392 Additur
646 2345 829 2393 autem
864 2337 933 2393 ad
961 2337 1103 2393 hanc
1128 2336 1536 2410 perfectionem,
1571 2337 1614 2393 si
1643 2334 1948 2407 hujusmodi
1976 2332 2228 2407 spiritua-

212 2421 287 2477 lia
314 2422 456 2477 bona
482 2440 587 2479 non
624 2424 715 2480 uni
746 2430 979 2493 tantum,
1010 2423 1093 2479 vel
1138 2424 1367 2490 duobuS,
1400 2425 1498 2479 sed
1547 2424 1646 2479 toti
1697 2420 2032 2493 multitudini
2067 2418 2228 2475 exhi-

211 2510 469 2580 beantur,
502 2514 631 2585 quia
661 2514 829 2570 etiam
859 2508 1157 2569 secundum
1182 2513 1554 2585 philosophos,
1575 2512 1776 2567 bonum
1805 2511 1985 2582 gentis
2010 2508 2228 2581 perfec-

212 2599 327 2656 tius
349 2608 435 2657 est
460 2607 515 2655 et
540 2600 795 2667 divinius,
828 2616 996 2673 quam
1024 2600 1225 2656 bonum
1263 2602 1445 2656 unius.
1473 2600 1627 2655 Unde
1663 2605 1720 2653 et
1753 2596 2046 2669 Apostolus
2089 2594 2225 2651 dicit

105 2748 115 2758 ,
211 2690 352 2762 Eph.
383 2706 485 2744 xv:
522 2690 677 2745 Alios
716 2696 890 2745 autom
931 2696 1171 2761 pastores
1226 2696 1277 2745 et
1318 2688 1554 2743 doctores
1601 2689 1673 2741 ad
1723 2684 2224 2741 consummationem

210 2785 524 2834 sanctorum
558 2776 618 2831 in
660 2794 787 2848 opus
828 2777 1138 2844 ministerii,
1169 2778 1230 2831 in
1270 2777 1674 2849 aedificationem
1720 2773 1961 2845 corporis
1991 2770 2222 2835 Christi,

213 2864 429 2921 seilicet
455 2864 624 2921 totius
650 2865 926 2923 Ecclesiae.
956 2866 1026 2921 Et
1055 2866 1286 2922 ICorin.
1328 2880 1449 2930 xlv,
1483 2864 1618 2919 dicit
1645 2879 1658 2917 :
1695 2856 1956 2929 Quoniam
1997 2860 2222 2916 oemula-

214 2961 357 3009 tores
382 2953 505 3009 est-is
531 2953 848 3025 spirituum,
869 2954 941 3011 ad
985 2954 1385 3027 aedificationem
1412 2951 1661 3009 Ecclesiae
1691 2948 1917 3041 quaerite
1953 2954 2017 3006 ut
2043 2950 2222 3006 abun-

214 3042 373 3097 detis.
1865 3058 1873 3065 ·
1911 3065 1918 3069 ·

946 3192 1253 3287 ‘CAPUT
1320 3217 1472 3286 xv,

549 3357 717 3433 Quid
742 3358 1099 3439 requiratur
1122 3358 1205 3423 ad
1226 3364 1462 3431 statum
1497 3354 1908 3437 perfectionis.

286 3487 388 3544 Est
414 3494 599 3546 autem
622 3490 1081 3547 considerandum
1107 3491 1254 3565 quod
1290 3490 1434 3546 sicut
1481 3505 1645 3561 supra
1683 3486 2064 3561 praemisimus,
2094 3498 2227 3555 Ρθΐ·

216 3575 475 3633 fectionis
498 3583 581 3633 est
611 3594 718 3634 non
744 3579 920 3636 solum
950 3580 1171 3653 aliquod
1200 3594 1335 3651 opus
1358 3577 1661 3650 perfectum
1690 3576 1892 3639 facero,
1924 3571 2019 3628 sed
2054 3570 2225 3625 etiam

214 3681 355 3738 opus
404 3665 707 3739 perfectum
758 3684 1002 3723 vovere:
1032 3668 1100 3723 de
1142 3672 1375 3739 utroquo
1421 3665 1566 3720 enim
1617 3662 1904 3721 consillum
1949 3661 2131 3728 datur,
2164 3664 2228 3713 ut
2305 3728 2310 3732 ι

212 3770 383 3828 supra
407 3754 617 3811 dictum
642 3765 745 3812 est.
776 3756 883 3827 Qui
912 3773 1043 3829 ergo
1069 3755 1287 3829 aliquod
1314 3769 1450 3825 opus
1479 3753 1784 3825 perfectum
1816 3766 1882 3807 ex
1907 3756 2034 3805 voto
2071 3748 2222 3814 facit,

214 3844 285 3902 ad
314 3844 593 3917 duplicem
622 3845 1014 3918 perfectionem
1040 3843 1281 3916 attingit,
1309 3840 1450 3898 sicut
1481 3840 1577 3913 qui
1604 3838 1996 3895 continentiam
2021 3842 2224 3903 servat,

210 3950 381 3992 unam
412 3932 805 4009 perfectionem
834 3934 999 3993 babet
1033 3954 1045 3991 :
1078 3935 1170 4009 qui
1203 3938 1385 3990 autem
1408 3946 1477 3989 ex
1501 3934 1631 3987 voto
1658 3942 1718 3984 se
1758 3924 1966 3999 obligat
1993 3924 2064 3984 ad
2091 3939 2230 3983 con-
