2850 4517
539 360 652 407 Ἰν.
678 376 761 392 -
784 359 863 405 nn
906 360 1323 406 rnnrncnoun
1365 360 1532 407 vum·
1580 360 1952 410 srmwAns
2135 348 2260 412 309·

254 477 371 537 ficii
400 480 587 534 autem
620 470 953 531 oblationem
986 470 1287 529 secundum
1326 470 1462 543 legis
1499 472 1817 534 mandatum
1864 490 1970 547 pro
2003 479 2260 549 peccatis

254 565 575 625 satisfacere
588 558 837 635 oportet,
866 568 929 617 ut
952 560 1009 616 in
1030 551 1275 619 Levitico
1302 575 1556 633 expresse
1573 562 1816 634 jubetur.
1837 564 1992 621 Unde
2011 565 2153 636 Psal.
2173 582 2258 635 lv,

256 671 384 715 cum
402 654 633 710 dixisset
661 648 827 717 :Quae
847 648 1027 707 dicitis
1050 650 1109 703 in
1134 648 1377 707 cordibus
1404 650 1597 706 vestr-is
1619 656 1670 707 et
1695 650 1756 707 in
1784 651 2038 710 cubilibus
2066 655 2260 711 vestris

254 738 696 815 compunyimini,
720 738 909 794 statim
937 736 1006 793 de
1033 736 1434 793 sacrificatione
1461 736 1722 807 scribens,
1740 739 1879 796 dixit
1905 757 1920 795 ε
1951 740 2264 813 sacrificate

255 829 589 902 sacrificium
605 825 857 900 Justitiae,
884 826 941 881 id
962 832 1047 882 est
1072 820 1237 897 opera
1270 824 1434 882 facite
1472 825 1624 897 justa
1662 834 1787 899 post
1808 828 2148 901 poenitentiae
2174 830 2260 889 la-

256 924 465 985 menta,
500 923 558 973 ut
594 916 704 988 glo.
736 914 977 987 exponit.
1008 914 1160 971 Sicut
1207 929 1354 986 ergo.
1379 913 1758 977 holocaustum
1805 916 2132 974 sacrificium
2174 906 2287 977 estr

259 1008 583 1082 perfectum,
614 1006 693 1061 ita
729 1020 828 1077 per
851 1000 979 1060 vota
1020 1002 1305 1076 praemissa
1328 1002 1569 1077 perfecte
1609 1004 1772 1068 homo.
1810 1005 1926 1063 Deo
1967 1008 2259 1076 satisfacit,

260 1112 408 1163 cum,
434 1103 491 1152 et
518 1094 586 1150 de
610 1091 976 1150 exterioribus
1008 1090 1189 1159 rebus„
1221 1098 1277 1149 et
1319 1092 1389 1149 de
1412 1093 1632 1165 proprio
1659 1108 1910 1167 corpore,
1939 1103 1996 1152 et
2034 1096 2258 1171 depro-

262 1186 381 1258 prio
421 1184 637 1257 spiritu,
682 1181 1061 1239 holocaustum
1111 1182 1290 1238 offert.
1327 1182 1410 1249 Ex
1447 1197 1558 1255 quo
1597 1187 1752 1255 patet
1789 1184 1936 1256 quod
1981 1185 2263 1259 religionis

261 1278 441 1330 status
468 1286 575 1329 non
603 1270 779 1327 solum
806 1270 1197 1343 perfectionem
1220 1268 1527 1337 charitatiS‚
1555 1270 1655 1327 sed
1682 1272 1850 1329 etiam
1870 1274 2262 1346 perfectionem

264 1360 602 1435 poenitentiae
624 1359 866 1425 continet
891 1359 945 1413 in
972 1364 1205 1425 tantum,
1234 1357 1380 1438 quod
1403 1356 1554 1421 nulla
1581 1367 1710 1415 sunt
1732 1367 1960 1432 peccata
1989 1370 2104 1421 tam
2127 1366 2260 1435 gra·-

262 1450 373 1518 via,
402 1464 497 1521 pro
525 1446 723 1521 quibus
762 1446 937 1519 possit
965 1444 1171 1501 homini
1196 1444 1401 1517 imponi
1429 1459 1528 1517 pro
1567 1445 1942 1509 satisfactione
1983 1449 2264 1523 religionis

264 1536 583 1611 assumptio,
610 1535 767 1609 quasi
798 1533 1075 1606 religionis
1101 1537 1252 1590 statu
1280 1548 1496 1589 omnem
1511 1533 1948 1601 satisfactionem
1978 1543 2266 1595 transcen·

265 1626 450 1683 dente.
482 1624 633 1689 Unde
662 1624 743 1696 (ut
784 1621 1036 1679 babetur.
1073 1624 1161 1689 33,
1194 1638 1253 1694 q.
1292 1625 1345 1687 2,
1376 1636 1430 1677 c.
1473 1620 1820 1693 Admonere),
1847 1624 2135 1699 Astulpho,
2166 1628 2261 1701 qui

265 1729 493 1772 uxorem
530 1711 805 1769 occiderat
844 1708 1146 1768 consulitur
1183 1714 1248 1765 ut
1286 1708 1678 1767 monasterium
1719 1710 2058 1782 ingrediatur
2105 1717 2262 1788 quasi

266 1802 480 1865 meliuS‚
511 1808 567 1873 et
609 1794 800 1865 levius,
828 1798 1069 1871 alioquin
1097 1797 1149 1853 ei
1192 1795 1542 1855 durissimam
1565 1798 1969 1869 poenitentiam
2005 1802 2261 1875 injungit.

266 1892 413 1945 Inter
441 1890 559 1944 haec
578 1892 760 1943 autem
788 1887 895 1943 tria
923 1900 1048 1956 quae
1074 1885 1144 1943 ad
1172 1883 1456 1957 religionis
1477 1891 1685 1942 statum
1702 1886 1939 1943 diximus
1969 1891 2259 1960 pertinere,

266 1978 601 2052 praecipuum
651 1980 735 2030 est
779 1974 1107 2030 obedientiae
1148 1979 1355 2038 votum,
1407 1973 1552 2046 quod
1609 1974 1832 2047 quidem
1893 1976 2264 2051 multipliciter

268 2071 515 2139 apparet.
545 2063 723 2119 Primo
763 2062 1004 2135 quidem,
1036 2062 1167 2135 quia
1208 2077 1307 2135 per
1342 2060 1672 2121 obedientiae
1707 2069 1896 2119 votum
1937 2065 2100 2123 homo
2148 2068 2266 2125 Deo

267 2154 543 2229 propriam
566 2152 905 2221 voluntatem
932 2150 1089 2207 offert
1115 2164 1130 2205 z
1156 2166 1254 2223 per
1278 2155 1472 2219 votum
1505 2154 1691 2209 autem
1729 2155 2082 2212 continentiae
2107 2156 2270 2213 offert

268 2242 321 2299 ei
360 2238 689 2297 sacrificium
734 2238 805 2294 de
848 2238 1069 2311 proprio
1106 2251 1335 2310 corpore
1360 2254 1375 2293 ε
1400 2232 1498 2311 per
1539 2247 1727 2295 votum
1756 2254 1886 2297 vero
1925 2244 2270 2314 paupertatis

269 2330 431 2386 offert
457 2328 525 2383 de
548 2325 911 2384 exterioribus
932 2324 1113 2401 rebus·
1136 2325 1290 2383 Sicut
1317 2340 1450 2398 ergo
1473 2326 1617 2384 inter
1643 2326 1786 2385 bona
1807 2327 2041 2391 hominis
2067 2346 2271 2405 corpus

268 2415 557 2493 praefertur
584 2413 944 2471 exterioribus
968 2412 1149 2481 rebus,
1176 2420 1235 2469 et
1262 2415 1446 2472 anima
1473 2416 1706 2488 corpori,
1734 2416 1814 2475 ita
1855 2424 2044 2475 votum
2085 2420 2269 2478 conti-

271 2494 472 2563 nentiae
493 2510 619 2561 voto
648 2502 988 2581 paupertatis
1014 2501 1320 2575 praefertur,
1354 2510 1544 2563 votum
1565 2510 1751 2563 autem
1771 2505 2098 2567 obedientiae
2123 2509 2268 2567 utri-

270 2610 401 2668 que.
431 2592 700 2659 Secundo,
730 2592 859 2665 quia
894 2597 1116 2665 propter
1138 2592 1413 2664 propriam
1447 2592 1780 2651 voluntatem
1804 2593 1966 2652 homo
2007 2604 2065 2651 et
2107 2603 2266 2655 exte-

270 2681 512 2740 rioribus
533 2680 695 2737 rebus
730 2680 923 2747 utitur,
938 2686 995 2735 et
1025 2680 1247 2753 proprio
1274 2693 1522 2752 corpore.
1541 2680 1632 2737 Sic
1659 2680 1826 2751 igitur
1869 2684 1966 2757 qui
1989 2686 2266 2758 propriam

270 2758 617 2829 voluntatem
657 2767 771 2833 dat,
798 2772 975 2824 totum
1018 2766 1236 2833 dedisse
1274 2767 1512 2824 videtur.
1537 2768 1912 2826 Universalius
1958 2772 2128 2841 igitur
2179 2781 2278 2829 est.

270 2856 606 2915 obedientiae
624 2862 829 2923 votum,
860 2870 1026 2929 quam
1053 2854 1402 2930 continentiae
1420 2860 1484 2911 et
1516 2856 1960 2926 paupertatiS,‚et
1995 2859 2268 2930 quodam-

272 2945 439 3003 modo
485 2942 719 2999 includit
769 2950 1081 3017 utrumque.
1128 2943 1269 3000 Hinc
1303 2948 1389 2999 est
1429 2942 1575 3015 quod
1633 2942 1850 2999 Samuel
1903 2944 2268 3003 obedientiam

272 3032 531 3090 omnibus
555 3032 839 3089 sacrificiis
866 3030 1090 3104 praefert
1110 3030 1317 3099 dicens,
1345 3031 1371 3087 1
1396 3030 1530 3103 Reg.
1563 3046 1641 3087 xv
1672 3048 1685 3085 t
1715 3030 1909 3091 Melior
1935 3039 2012 3090 est
2040 3030 2270 3091 obedien·

273 3121 380 3187 tia,
411 3136 567 3192 quam
593 3120 840 3176 victimoe.
902 3152 909 3158 -

1017 3288 1300 3358 CAPUT
1374 3290 1528 3367 XH.

380 3419 611 3496 Contra
638 3446 864 3495 errores
885 3430 1158 3505 illorum,
1188 3430 1299 3511 qui
1314 3436 1830 3511 praesumpserunt
1856 3430 2182 3504 diminuere

694 3596 697 3604 1
793 3520 1073 3583 meritum
1100 3518 1457 3595 ohedientia,
1490 3519 1586 3583 vel
1612 3521 1760 3591 voti.
1915 3536 1924 3543 ·

350 3650 617 3707 Humanae
639 3648 808 3720 igitur
837 3649 1155 3722 perfectioni
1187 3648 1438 3705 diabolus
1463 3650 1743 3723 invidens,
1774 3651 2020 3709 diversos
2062 3653 2281 3711 venito-q

276 3754 441 3813 quos,
472 3747 529 3794 et
556 3738 891 3795 seductionis
929 3738 1222 3810 magistros
1258 3737 1564 3817 suscitavit,
1584 3740 1686 3811 qui
1724 3739 2019 3811 praedictas
2063 3742 2280 3815 perfec-

276 3828 450 3885 tionis
472 3828 593 3885 vias
619 3814 1022 3899 impugnarent.
1046 3826 1284 3882 Primam
1312 3824 1458 3881 enim
1486 3822 1834 3898 perfectionis
1857 3829 2003 3885 viam
2031 3830 2282 3902 Vigilan-

276 3918 395 3975 tius
435 3912 799 3989 impugnavit,
830 3920 1023 3973 contra
1042 3928 1217 3989 „quem
1240 3912 1425 3973 Hiero.
1457 3912 1686 3987 loquens
1709 3916 1792 3972 ait
1815 3932 1834 3971 z
1857 3935 1888 3971 α
1915 3916 2074 3989 Quod
2094 3926 2284 3985 autem
