2850 4517
510 357 633 424 342
988 375 1041 420 s.
1085 374 1321 418 mom
1360 372 1690 424 sommus
1729 371 2044 417 orusoum

512 489 915 562 poenitentiam,
942 496 1003 548 ut
1030 487 1284 558 habetur,
1316 491 1405 557 8⁴,
1443 489 1692 546 distinct.
1723 503 1776 545 c.
1822 487 2041 545 Dictum
2073 491 2172 554 est,
2207 491 2283 555 et,
2310 485 2538 561 Siquis

509 577 751 636 dertonae.
781 577 862 634 Ex
884 595 995 652 quo
1021 579 1261 647 videtur,
1287 578 1436 652 quod
1479 586 1658 635 status
1703 574 2197 635 Archidiacouatus
2230 577 2351 635 sive
2375 591 2534 634 curae

508 667 808 736 Paroehiae,
840 683 969 725 vere
997 672 1178 726 status
1202 673 1306 736 est,
1332 667 1431 724 sed
1459 667 1740 739 ingressus
1765 664 2046 739 religionis
2071 682 2182 723 non
2209 674 2294 724 est
2323 672 2527 734 status,

508 757 606 815 sed
635 755 820 831 potius
852 772 1017 816 casus
1038 756 1127 815 vel
1164 757 1480 817 descensus.
1510 756 1642 813 Haec
1675 756 1845 828 igitur
1887 763 2018 811 sunt
2063 771 2192 828 quae
2227 771 2295 812 ex
2337 770 2532 812 eorum

509 845 733 920 scriptis
785 845 969 919 colligi
1014 854 1263 921 possunt,
1308 846 1564 921 quamvis
1608 860 1717 906 non
1765 843 1959 902 eodem
2010 844 2202 902 ordine
2250 851 2534 919 ponantur

510 933 735 992 ibidem.

580 1023 651 1080 Et
672 1023 803 1098 quia
830 1039 997 1098 supra
1020 1030 1303 1082 ostensum
1325 1028 1410 1081 est
1438 1021 1868 1080 Arobidiaconos
1895 1029 1951 1080 et
1975 1021 2334 1097 Presbyter-os
2359 1039 2534 1081 cura-

510 1120 598 1170 tos
640 1113 701 1169 in
740 1118 892 1170 statu
930 1111 1287 1187 perfectiouls
1331 1128 1440 1169 non
1477 1126 1616 1181 esse,
1651 1115 1825 1168 restet
1864 1109 2055 1168 videre
2097 1111 2338 1185 qualiter
2377 1112 2527 1186 ipsas

500 1193 863 1276 'probationes
884 1208 1153 1259 conentur
1178 1201 1403 1258 elidere.
1430 1200 1651 1264 Diotum
1681 1205 1767 1257 est
1793 1200 1940 1257 enim
1977 1215 2144 1274 supra
2182 1201 2330 1275 quod
2355 1201 2530 1275 quili-

511 1291 606 1348 bet
634 1298 813 1348 status
835 1289 1184 1363 perfectionis
1206 1290 1261 1346 in
1288 1289 1554 1358 Ecclesia,
1581 1305 1706 1346 oum
1736 1288 1920 1363 aliqua
1962 1288 2194 1346 solemni
2229 1303 2528 1347 consecra-

512 1379 661 1436 tione
679 1379 767 1436 vel
785 1378 1169 1438 benedictione
1198 1379 1496 1448 confertur,
1515 1377 1665 1451 quod
1697 1393 1806 1434 non
1834 1376 1986 1436 sitin
2013 1376 2398 1435 commissione
2419 1393 2532 1452 pa-

510 1465 769 1526 rochialis
789 1466 1051 1525 Ecclesiae
1067 1467 1155 1524 vel
1179 1467 1692 1525 Archldioconatus.
1708 1467 1883 1538 Quam
1897 1465 2269 1542 probationem
2288 1466 2526 1538 quidam

512 1553 803 1612 excludere
820 1551 1087 1620 conentur
1108 1554 1505 1628 multipliciter.
1528 1552 1728 1624 Primo,
1745 1556 1876 1630 quia
1895 1556 1948 1612 in
1971 1553 2378 1611 consecratione
2401 1561 2524 1612 tam

510 1643 785 1718 Episcopi,
803 1660 971 1718 quam
998 1645 1330 1713 Sacerdotis,
1348 1645 1516 1702 verba
1548 1652 1676 1703 sunt
1699 1644 2028 1712 communia,
2056 1650 2120 1700 ut
2145 1647 2556 1708 consecrentur,

511 1740 565 1792 et
597 1733 1025 1806 sanctificentur,
1050 1735 1279 1801 domine,
1303 1751 1498 1802 manua
1524 1734 1665 1801 istoe,
1689 1742 1799 1792 etc.
1830 1735 1968 1792 item
2005 1733 2052 1790 si
2104 1721 2341 1800 dicatur,
2375 1732 2524 1805 quod

512 1822 701 1880 unctio
728 1823 929 1896 capitis
951 1823 1115 1880 datur
1142 1823 1413 1896 Episcopo
1453 1828 1511 1880 et
1551 1839 1658 1880 non
1692 1823 1999 1891 Sacerdoti,
2033 1822 2136 1878 boc
2169 1837 2275 1877 non
2303 1819 2528 1876 videtur

512 1911 583 1971 ad
610 1912 951 1985 propositum
982 1913 1273 1984 pertinere,
1306 1913 1437 1986 quia
1467 1912 1635 1970 etiam
1673 1911 1991 1984 reges'olim
2018 1909 2074 1966 in
2119 1907 2300 1984 capite
2347 1924 2530 1980 unge-

510 1999 731 2069 bantur,
744 2001 841 2074 qui
866 2006 1048 2058 tamen
1078 2017 1187 2058 non
1214 2007 1444 2075 possunt
1471 1999 1576 2058 sibi
1604 2008 1809 2059 statum
1830 1998 2183 2076 perfectionis
2207 1997 2521 2071 vindicare3

512 2104 623 2146 non
643 2105 775 2161 ergo
798 2106 896 2162 per
920 2089 1027 2148 hoc
1052 2096 1235 2164 potest
1262 2090 1371 2147 dici
1412 2090 1714 2164 Episcopus
1760 2106 1881 2147 esse
1925 2091 1980 2146 in
2028 2096 2177 2147 statu
2208 2085 2526 2169 perfectiori

512 2193 677 2250 supra
699 2177 1086 2252 Presbyterum
1126 2187 1400 2247 curatum,
1436 2179 1566 2252 quia
1613 2179 1667 2234 in
1696 2179 1876 2252 capite
1915 2177 2158 2249 ungitur.
2207 2177 2348 2232 Item
2396 2173 2522 2249 quia

512 2268 769 2324 meritum
792 2283 899 2323 non
929 2268 1235 2340 aequiritur
1264 2284 1361 2340 per
1392 2269 1883 2337 consecrationem,
1917 2266 2014 2323 sed
2035 2283 2134 2340 per
2176 2265 2318 2322 bona
2359 2279 2524 2338 opera

512 2355 733 2416 mentis.
758 2355 1067 2426 Aliquando
1090 2357 1235 2412 enim
1262 2357 1428 2414 etiarn
1468 2357 1643 2414 malus
1673 2357 1729 2412 in
1773 2355 2104 2432 Episcopum
2145 2360 2516 2421 consecratur,

513 2448 569 2498 et
594 2442 650 2498 in
678 2442 785 2498 hoc
804 2444 1040 2499 maximo
1058 2443 1388 2500 demeretur.
1411 2446 1533 2502 Non
1562 2446 1706 2502 enim
1731 2445 1826 2518 qui
1855 2445 2032 2517 major
2053 2443 2218 2501 fuerit
2241 2443 2296 2499 in
2317 2443 2522 2499 honore

504 2530 710 2602 justior
732 2537 836 2598 est,
864 2531 961 2588 sed
990 2531 1087 2604 qui
1115 2531 1280 2588 suerit
1296 2533 1518 2606 justior,
1545 2533 1722 2608 major
1753 2538 1855 2602 est,
1888 2538 1951 2590 ut
1980 2532 2232 2600 habetur,
2266 2534 2352 2599 40,
2391 2529 2520 2587 dist.

512 2617 766 2678 Quum.
792 2619 859 2678 Et
890 2619 946 2676 in
972 2620 1166 2677 eadem
1186 2621 1541 2680 distinctione
1569 2621 1953 2696 dicitur,quod
1983 2638 2090 2679 non
2115 2620 2236 2678 loca
2263 2619 2346 2678 vel
2366 2619 2521 2676 ordi-

511 2720 609 2762 nes
627 2707 862 2763 creatori
882 2714 1069 2765 nostro
1099 2722 1197 2768 nos
1228 2709 1504 2782 proximos
1531 2708 1762 2778 faciunt,
1784 2709 1881 2765 sed
1910 2723 2010 2765 nos
2033 2714 2128 2764 a'ut
2155 2708 2350 2764 merita
2379 2705 2521 2762 bona

512 2793 563 2852 ei
578 2795 834 2867 jungunt,
866 2801 957 2854 aut
989 2796 1135 2855 mala
1164 2798 1502 2872 disJ'ungunt,
1531 2803 1587 2854 et
1615 2813 1722 2855 non
1769 2802 2086 2855 sanctorum
2113 2795 2208 2852 fllii
2249 2801 2396 2864 sunt,
2427 2794 2521 2868 qui

513 2887 705 2939 tenent
741 2883 862 2940 loca
902 2893 1237 2952 sanctorum,
1269 2886 1364 2942 sed
1392 2887 1487 2960 qui
1514 2891 1770 2943 exercent
1795 2900 1960 2958 opera
1989 2900 2200 2942 eorum.
2227 2883 2352 2940 Non
2389 2897 2520 2953 ergo

509 2979 733 3044 propter
754 2971 859 3028 hoc
881 2972 1135 3046 Episcopi
1161 2980 1288 3030 sunt
1317 2973 1373 3031 in
1401 2978 1551 3030 statu
1583 2973 1755 3046 magis
1785 2974 2046 3047 perfecto,
2078 2967 2246 3048 qua'm
2283 2970 2526 3044 Presby-

511 3059 618 3117 teri
646 3060 843 3128 curati,
881 3060 1011 3135 quia
1058 3063 1321 3134 maiorem
1366 3064 1833 3120 consecrationem
1872 3063 2095 3120 habent.
2135 3062 2294 3127 Item,
2323 3074 2524 3116 conse-

510 3147 690 3205 cratio
710 3149 907 3222 capitis
930 3151 1105 3224 magis
1143 3151 1381 3225 pertinet
1420 3153 1489 3208 ad
1537 3153 1752 3225 signum
1794 3159 1851 3209 et
1893 3153 2124 3225 gradum
2163 3147 2471 3208 Sacerdoti}
2505 3162 2522 3204 τ

509 3237 872 3310 Episcopatus
918 3241 1063 3296 enim
1104 3255 1211 3296 non
1258 3248 1343 3298 est
1385 3256 1560 3301 novus
1610 3242 1764 3310 orde,
1807 3241 1903 3299 sed
1949 3241 2153 3314 gradus
2200 3241 2256 3295 in
2306 3238 2522 3306 ordine,

512 3325 755 3400 alioquin
798 3336 979 3386 essent
1030 3328 1215 3402 plures
1256 3329 1478 3387 ordines
1525 3347 1690 3404 quam
1737 3336 1967 3405 septem.
2020 3330 2290 3386 Perfectio
2335 3336 2525 3385 autem

511 3416 799 3472 charitatis
820 3417 1057 3490 pertinet
1072 3417 1141 3474 ad
1172 3419 1430 3476 meritum
1456 3419 1785 3488 sanctitatiS,
1804 3435 1913 3476 non
1939 3418 2009 3476 ad
2029 3421 2260 3491 gradum
2273 3415 2522 3487 prdiniS.

509 3505 631 3560 Nou
659 3519 791 3576 ergo
818 3505 1071 3579 Episcopi
1108 3507 1203 3579 qui
1238 3523 1336 3580 per
1372 3509 1684 3565 unctionem
1724 3507 1924 3581 capitis
1963 3508 2212 3563 obtinent
2255 3505 2528 3580 majorem

512 3593 743 3664 gradum
770 3594 1074 3652 sacerdotii
1104 3596 1310 3652 suntin
1335 3597 1650 3669 perfectiori
1678 3603 1846 3655 statu.
1881 3598 2036 3664 item,
2064 3597 2368 3670 Episcopus
2403 3595 2532 3653 ins-

516 3680 667 3736 tituit
696 3679 1163 3751 archidiaconum,
1192 3683 1280 3741 vel
1307 3683 1624 3757 plebanum,
1653 3685 1741 3744 vel
1769 3690 2039 3753 curatum,
2069 3701 2166 3758 per
2209 3684 2408 3740 librum
2438 3681 2532 3740 vel

510 3783 611 3840 per
630 3769 908 3834 annulum,
930 3777 991 3828 ut
1008 3771 1240 3829 babetur
1258 3781 1411 3830 extra
1429 3774 1498 3830 de
1519 3775 1792 3832 sententia
1811 3780 1866 3830 et
1877 3791 1936 3830 re
1942 3774 2208 3848 judicata,
2222 3772 2375 3830 velut
2398 3787 2534 3829 cum

512 3855 661 3926 Papa
706 3860 931 3917 mandat
971 3861 1211 3936 aliquem
1238 3862 1452 3920 institui
1487 3863 1548 3919 in
1587 3864 1830 3921 Ecclesia
1859 3863 2062 3937 aliqua,
2097 3863 2152 3920 in
2196 3861 2535 3919 canonicum

516 3947 577 3999 et
602 3942 661 3997 in
684 3943 931 4015 tratrem,
962 3964 1059 4006 seu
1081 3951 1139 4006 in
1155 3951 1451 4024 plebanum
1479 3950 1567 4008 vel
1591 3960 1863 4022 curatum,
1895 3951 2124 4010 mandat
2151 3967 2278 4009 eum
2307 3949 2533 4008 institui
