2850 4517
724 369 853 415 vm.
884 388 963 403 —
991 372 1055 415 m
1096 374 1453 419 ommonem
1506 371 1848 420 nommclm
2170 353 2285 420 451

287 484 495 541 Eccles.
531 498 722 541 xxvm
755 500 769 541 ε
807 484 1066 559 Relinque
1094 487 1347 561 proximo
1384 494 1475 544 tuo
1504 487 1710 545 nocenti
1744 494 1816 555 te,
1843 492 1894 543 et
1937 493 2064 544 tune
2096 489 2290 561 depre-

284 571 429 628 canti
453 572 553 629 tibi
586 580 807 648 peccata
834 575 1125 647 solventur.
1155 576 1237 633 Ex
1265 576 1368 633 hoc
1394 577 1643 651 sequitur
1670 576 1780 635 alia
1803 575 2105 633 beatitudo.
2134 578 2289 653 Beati

284 658 681 733 misericordes,
701 662 1077 746 misericordia
1102 664 1249 723 enim
1270 664 1404 723 facit
1427 658 1527 723 noe
1544 664 1789 723 misereri
1815 664 2061 739 proximo
2080 672 2288 723 nostro.

1052 857 1239 924 Sexta
1274 860 1513 939 petitio.

342 1020 430 1077 -Εε
468 1035 533 1075 ne
557 1034 651 1075 noe
691 1018 911 1075 inducas
951 1018 1401 1093 intentationem.
1432 1021 1570 1091 Sunt
1598 1018 1768 1093 aliqui
1807 1020 1902 1094 qui
1932 1019 2061 1079 licet
2089 1036 2291 1094 pecca-

285 1109 482 1174 verint,
525 1116 705 1165 tamen
750 1107 1064 1165 desiderant
1100 1109 1315 1165 veniam
1354 1109 1618 1184 consequi
1658 1108 1727 1165 de
1761 1110 2025 1183 peccatiS,
2059 1110 2201 1166 unde
2234 1116 2292 1167 et

284 1197 631 1263 confitentur,
663 1202 719 1253 et
749 1196 1036 1269 poenitent,
1072 1197 1171 1254 eed
1204 1206 1386 1255 tamen
1415 1213 1524 1256 non
1543 1197 1818 1255 adhibent
1845 1203 2020 1254 totum
2047 1198 2291 1257 studium

284 1286 427 1359 quod
468 1285 748 1354 deberent,
794 1292 855 1341 nt
895 1286 1095 1343 iterato
1135 1285 1190 1342 in
1235 1291 1462 1359 peccata
1500 1301 1607 1344 non
1645 1294 1826 1343 ruant.
1871 1284 2028 1356 Quo'd
2067 1286 2290 1359 quidem

284 1389 389 1430 non
416 1380 503 1431 est
526 1374 875 1441 conveniens,
915 1379 978 1429 ut
1004 1374 1219 1431 scilicet
1244 1390 1310 1431 ex
1336 1390 1444 1431 una
1479 1381 1634 1447 parte
1663 1374 1839 1447 ploret
1871 1388 1996 1445 quis
2040 1382 2287 1445 peccata,

283 1462 413 1519 dum
451 1464 702 1537 poenitet,
740 1480 810 1520 ex
852 1462 962 1521 alia
1006 1463 1150 1526 unde
1178 1463 1373 1536 ploret,
1403 1461 1716 1521 accumulet
1757 1462 1888 1519 dum
1936 1468 2129 1536 peccat
2173 1481 2190 1519 ι
2235 1470 2293 1520 et

282 1558 503 1624 propter
534 1552 637 1609 boc
668 1551 871 1609 dicitur
906 1552 1015 1610 lsa.
1046 1568 1067 1609 1
1111 1569 1126 1607 z
1156 1550 1467 1617 Lavamini,
1493 1552 1683 1609 mundi
1710 1558 1890 1618 estote,
1921 1558 2029 1609 etc.
2060 1551 2130 1608 Et
2167 1551 2292 1609 ideo

284 1640 425 1695 sicut
458 1641 835 1714 supradictum
862 1648 965 1705 est,
997 1640 1247 1698 Christus
1288 1640 1345 1695 in
1382 1639 1716 1712 praecedenti
1763 1640 1952 1696 docuit
1979 1654 2079 1696 nos
2107 1648 2293 1711 petere

285 1729 495 1785 veniam
526 1725 986 1802 peccatorum.1n
1030 1728 1135 1785 hac
1175 1742 1305 1784 vero
1349 1728 1512 1785 docet
1552 1742 1653 1785 nos
1694 1735 1882 1799 petere
1925 1733 1985 1783 ut
2020 1728 2292 1800 possimus

284 1810 457 1873 vitare
504 1822 751 1890 peccata,
798 1823 859 1871 ut
902 1814 1115 1874 scilicet
1159 1830 1264 1872 non
1308 1802 1726 1873 inducamur'in
1765 1818 2146 1881 tentationem,
2195 1831 2293 1887 per

281 1920 447 1977 quam
488 1903 735 1971 labamur
774 1904 829 1959 in
858 1896 1119 1975 'peccatiffi
1152 1918 1279 1960 cum
1320 1902 1460 1958 dixit
1507 1920 1520 1958 ε
1551 1902 1629 1961 Et
1669 1918 1732 1959 ne
1767 1918 1864 1959 nos
1906 1902 2150 1968 inducas,
2181 1909 2290 1960 etc.

280 1992 439 2051 Circa
479 1991 627 2064 quod
665 1992 772 2047 tria
800 1999 1142 2064 quaeruntur.
1184 1991 1386 2063 Primo,
1416 1990 1553 2065 quid
1589 1988 1665 2048 eit
1706 1992 1939 2049 tentatio
1972 2007 1987 2046 :
2029 1990 2290 2059 secundo,

280 2080 517 2155 qualiter
555 2078 718 2136 homo
756 2087 1023 2150 tentatur,
1071 2086 1129 2135 et
1164 2095 1205 2151 ,a
1246 2094 1371 2153 quo·
1406 2096 1420 2134 :
1457 2078 1621 2136 tertio·
1655 2094 1804 2147 vero,
1849 2080 2124 2154 quomodo
2152 2079 2294 2136 libe-

282 2176 435 2226 ratur
472 2168 527 2226 in
576 2169 896 2226 tentatione.
935 2163 1093 2226 Circa
1139 2168 1393 2243 primum,
1424 2166 1710 2226 sciendum
1752 2174 1858 2235 est,
1890 2168 2036 2241 quod
2079 2175 2295 2241 tentare

281 2255 415 2312 nihil
444 2254 590 2313 aliud
619 2262 703 2313 est
722 2272 887 2330 quam
913 2256 1171 2330 experiri,
1202 2272 1298 2313 seu
1328 2255 1580 2330 pro‘bare,
1607 2256 1754 2312 unde
1782 2261 1996 2313 tentare
2017 2255 2295 2313 hominem

283 2351 367 2402 est
394 2340 623 2418 probare
656 2344 917 2403 virtutem
948 2346 1089 2418 ejus,
1130 2346 1423 2419 Experitur
1451 2351 1658 2413 autem,
1689 2360 1783 2403 seu
1825 2346 2090 2420 probatur
2118 2352 2294 2403 virtus

280 2432 515 2490 hominis
558 2433 867 2507 dupliciter,
916 2435 1218 2491 secundum
1260 2435 1408 2509 quod
1453 2434 1563 2495 duo
1604 2432 1777 2506 exigit
1817 2433 2051 2491 hominis
2095 2435 2290 2491 virtus-

282 2522 457 2579 Unum
488 2523 721 2595 pertinet
751 2523 819 2580 ad
848 2524 988 2581 bene
1014 2524 1373 2598 operandum,
1404 2522 1616 2581 scilicet
1645 2523 1792 2598 quod
1820 2522 1958 2581 bene
1986 2532 2243 2597 operetur
2274 2538 2291 2579 ε

280 2610 426 2667 aliud
466 2619 569 2676 est,
614 2612 759 2684 quod
790 2618 984 2669 caveat
1020 2628 1053 2669 a
1098 2612 1263 2670 malo.
1295 2612 1496 2669 Psalm.
1526 2627 1724 2669 xxxin
1771 2627 1786 2667 t
1819 2612 2042 2667 Declina
2068 2629 2101 2668 a
2129 2613 2292 2679 malo,

280 2706 329 2758 et
352 2700 443 2771 fac
466 2697 677 2765 bonum,
706 2706 814 2755 etc.
842 2699 1107 2757 Probatur
1132 2715 1263 2771 ergo
1292 2699 1470 2755 virtus
1495 2697 1731 2755 hominis
1755 2699 2090 2772 quandoque
2113 2717 2294 2774 quan·-

282 2794 397 2845 tum
440 2787 509 2844 ad
538 2786 641 2844 hoc
668 2786 815 2860 quod
856 2786 994 2843 bene
1035 2786 1189 2854 facit,
1240 2786 1573 2859 quandoque
1614 2800 1745 2841 vero
1784 2794 2052 2858 quantum
2079 2787 2150 2844 ad
2189 2788 2295 2847 hoc

280 2876 427 2949 quod
455 2881 634 2933 cesset
661 2889 694 2932 a
730 2873 894 2932 malo.
934 2873 1214 2945 Quantum
1250 2873 1321 2931 ad
1350 2874 1589 2946 primum
1617 2872 1882 2947 probatur
1907 2873 2072 2931 homa
2107 2882 2294 2937 utrum

280 2965 589 3021 inveniatur
615 2966 898 3039 promptus
921 2964 989 3021 ad
1019 2963 1240 3030 bonum,
1268 2968 1331 3016 ut
1354 2965 1425 3019 ad
1445 2960 1828 3034 jejunandum,
1869 2967 1927 3019 et
1954 2961 2291 3034 hujusmodi.

281 3054 434 3111 Tunc
460 3054 607 3110 enim
639 3058 725 3109 est
752 3054 929 3109 virtus
954 3058 1050 3109 tua
1088 3066 1304 3122 magna,
1337 3058 1558 3124 quando
1592 3057 1882 3125 promptus
1919 3051 2181 3109 inveniris
2221 3051 2294 3109 ad

282 3140 481 3199 bonum
511 3157 529 3196 ι
556 3148 612 3199 et
631 3140 737 3198 hoc
762 3140 926 3198 modo
961 3142 1109 3197 Deus
1138 3140 1332 3213 probat
1361 3138 1657 3213 aliquando
1680 3138 1976 3209 hominem,
2008 3154 2116 3197 non
2145 3139 2294 3214 quod

285 3229 451 3286 lateat
473 3245 598 3286 eum
623 3230 799 3285 virtus
822 3228 1075 3297 hominiS,
1107 3228 1205 3285 sed
1234 3233 1296 3285 ut
1319 3243 1442 3305 eam
1465 3242 1657 3285 omnes
1681 3234 2015 3301 cognoscant
2047 3234 2105 3285 et
2131 3228 2296 3286 detur

279 3318 532 3375 omnibus
558 3318 613 3373 in
642 3316 967 3393 exemplum.
998 3317 1089 3374 Sic
1114 3318 1349 3375 tentavit
1374 3317 1522 3373 Deus
1550 3315 1846 3384 Abraham,
1877 3316 2110 3374 Genesis
2138 3333 2290 3388 xxu,

281 3414 337 3463 et
376 3405 498 3463 Job.
536 3406 605 3462 Et
633 3406 759 3462 ideo
793 3408 940 3461 Deus
975 3420 1121 3478 saepe
1148 3405 1400 3463 immittit
1435 3404 1814 3463 tribulationes
1833 3405 2022 3477 justi&
2064 3413 2126 3461 ut
2162 3406 2295 3467 dum

283 3495 552 3568 patienter
588 3494 881 3560 sustinent,
914 3502 1175 3567 appareat
1219 3494 1395 3550 virtus
1435 3509 1642 3559 eorum,
1675 3500 1732 3550 et
1777 3493 1834 3549 in
1879 3494 2086 3549 virtute
2122 3494 2295 3566 profi-

282 3584 451 3640 ciant.
483 3584 779 3659 Deuteron.
806 3598 918 3640 xm
954 3599 969 3638 ε
1014 3581 1206 3640 Tentat
1235 3598 1324 3639 uos
1353 3581 1616 3640 Dominus
1644 3582 1787 3640 Deus
1807 3587 1996 3647 vester,
2027 3589 2090 3640 ut
2111 3580 2294 3654 palam

281 3672 383 3744 fiat
401 3678 589 3729 utrum
616 3670 859 3745 diliyatis
884 3686 1001 3728 eum
1028 3687 1103 3727 an
1132 3685 1261 3729 non.
1292 3671 1383 3729 Sic
1409 3687 1541 3743 ergo
1570 3672 1718 3729 Deus
1743 3674 1921 3729 tentat
1945 3669 2292 3745 provocando

284 3762 353 3818 ad
377 3760 599 3820 bonum.
630 3758 909 3831 Quantum
933 3759 1005 3819 ad
1044 3759 1365 3826 secundum,
1397 3760 1662 3833 probatur
1699 3760 1880 3818 virtus
1910 3757 2146 3816 hominis
2188 3772 2292 3832 per

283 3850 655 3909 inductionem
694 3848 765 3907 ad
810 3848 1014 3909 malum
1046 3863 1061 3905 z
1097 3856 1155 3907 et
1199 3848 1246 3906 si
1292 3847 1430 3929 bene
1469 3848 1702 3915 resistit,
1742 3853 1802 3906 et
1835 3862 1945 3908 non
1985 3846 2283 3915 consentit,

266 3946 417 4011 'tunc
437 3937 615 3997 virtus
648 3938 885 3999 hominis
912 3953 1110 4029 magna
1136 3945 1223 3997 eet
1255 3956 1268 3994 ε
1296 3946 1343 3996 si
1376 3950 1510 3997 vero
1533 3937 1699 3999 homo
1737 3936 2068 4006 succumbit,
2099 3939 2294 3995 tenta·
