2850 4517
874 363 936 406 v.
961 378 1041 390 —-
1068 363 1149 406 nn
1188 362 1508 407 auriculas
1549 365 1714 407 mom
2179 353 2296 412 361

290 481 351 535 in
394 480 567 535 Deum
618 477 861 542 Patrem,
907 484 958 534 et
995 476 1171 549 filium
1198 476 1309 548 ejus
1342 471 1718 548 uniyenitunfi
1751 495 1858 535 non
1897 480 2123 552 factum,
2169 500 2300 539 con-

288 567 693 624 substantialem
733 564 924 631 Patri,
969 572 1021 622 et
1056 567 1116 620 in
1140 566 1407 638 Spiritum
1437 566 1690 625 Sanctum
1723 568 2014 627 Dominum
2040 579 2092 628 et
2116 573 2298 645 vivifi·
2375 597 2382 603 ·

288 665 513 722 cantem,
539 655 635 728 qm·
654 672 719 710 ex
738 663 901 728 patre
924 654 1139 727 filioque
1159 655 1423 727 procedit.
1553 652 1562 660 ⁸

357 746 467 803 Alii
490 760 623 802 vero
651 753 889 818 quatuor
915 744 1133 801 articuli
1151 743 1470 802 divinitatis
1507 746 1784 818 pertinent
1826 749 1896 804 ad
1943 749 2173 805 effectus
2210 751 2296 806 di-

286 837 431 892 vinae
454 835 698 900 virtum,
725 849 958 906 quorum
988 822 1215 904 primus„
1248 834 1341 906 qui
1378 839 1464 890 est
1505 831 1722 903 tertius,
1750 836 1987 909 pertinet
2025 838 2094 894 ad
2137 855 2297 896 crea-

287 926 492 981 tionem
518 937 702 978 rerum
730 921 785 975 in
810 937 931 977 esse
958 927 1189 985 naturae,
1208 922 1512 978 secundum
1526 922 1658 978 illud
1679 940 1693 978 ε
1713 923 1873 981 Dia-it
1900 932 1952 982 et
1973 926 2124 998 facta
2146 935 2300 987 sunt.

212 1049 218 1056 ·
283 1015 488 1070 Contra
510 1011 655 1067 hunc
678 1009 987 1078 articulum,
1015 1011 1191 1082 primo
1216 1009 1440 1084 quidem
1467 1012 1675 1070 erravit
1703 1013 2052 1071 Democritus
2080 1022 2135 1070 et
2161 1016 2298 1089 Epi-

282 1117 469 1167 curus,
527 1107 796 1174 ponentes
846 1099 993 1172 quod
1050 1115 1151 1155 nec
1214 1101 1448 1156 materia
1506 1101 1714 1168 mundi,
1775 1117 1877 1158 nec
1937 1103 2056 1176 ipsa
2105 1105 2293 1161 mundi

280 1190 609 1263 compositio
638 1195 721 1244 est
746 1203 777 1244 a
797 1188 933 1248 Deo.
964 1187 1059 1243 sed
1089 1188 1235 1261 quod
1273 1187 1509 1244 mundus
1533 1194 1618 1244 est
1660 1204 1792 1246 casu
1817 1189 1996 1247 sactus
2031 1209 2126 1264 per
2159 1207 2298 1248 con-

279 1286 506 1337 cursum
531 1293 819 1351 corporum
846 1276 1221 1346 invisibilium,
1252 1293 1379 1349 quae
1402 1293 1588 1332 rerum
1617 1277 1884 1351 principia
1923 1280 2292 1338 aestimabant.

278 1371 486 1426 Contra
510 1383 648 1442 quos
674 1365 875 1422 dicitur
896 1366 951 1421 in
981 1365 1178 1422 Psalm.
1210 1381 1384 1422 xxxu
1416 1383 1433 1422 ε
1467 1365 1634 1424 Verbo
1679 1367 1902 1424 Domini
1941 1368 2058 1425 coeli
2079 1370 2296 1442 firmati

276 1465 429 1524 sunt,
462 1457 517 1513 id
556 1464 659 1518 est,
698 1455 999 1511 secundum
1032 1455 1298 1511 rationem
1336 1462 1623 1523 aeternam,
1652 1472 1759 1512 nou
1787 1461 1973 1512 autem
2006 1471 2161 1514 casu.
2187 1459 2293 1515 Se-

275 1548 494 1606 cundus
508 1555 593 1602 est
618 1560 769 1601 error
794 1545 1051 1609 Platonis,
1080 1551 1135 1600 et
1156 1546 1518 1616 Anaxagorae,
1544 1545 1641 1617 qui
1681 1555 1979 1618 posuerunt
2029 1547 2292 1603 mundum

274 1638 489 1694 sactum
513 1652 545 1692 a
568 1637 702 1702 Deo,
730 1634 826 1690 sed
858 1650 927 1688 ex
954 1636 1183 1689 materia
1213 1633 1552 1704 praeiacenti,
1578 1639 1773 1688 contra
1811 1649 1950 1705 quos
1990 1634 2194 1690 dicitur
2233 1637 2289 1691 in

272 1727 422 1784 Psal.
473 1740 690 1782 cxnvm
728 1741 741 1778 ι
776 1721 1081 1786 Mandavit,
1107 1727 1159 1776 et
1201 1728 1384 1776 creata
1425 1726 1573 1786 sunt,
1598 1719 1657 1775 id
1691 1727 1796 1788 est,
1829 1737 1896 1776 ex
1918 1721 2090 1778 nihilo
2119 1723 2298 1781 factm·

271 1816 499 1872 Tertius
526 1820 611 1870 est
652 1827 803 1867 error
836 1809 1167 1870 Aristotelis,
1196 1809 1290 1882 qui
1328 1809 1515 1881 posuit
1552 1808 1816 1864 mundum
1853 1825 1886 1866 a
1927 1811 2042 1866 Deo
2084 1811 2290 1868 factum

269 1922 383 1962 non
413 1919 558 1968 esse,
595 1900 691 1956 sed
729 1899 799 1955 ab
840 1890 1249 1954 aeterno‘fuisse
1283 1903 1479 1952 contra
1506 1895 1654 1967 quod
1679 1895 1900 1962 dicitur,
1941 1897 2080 1952 Gen.
2114 1914 2135 1954 1
2176 1915 2190 1952 z
2222 1899 2292 1954 In

262 1992 546 2070 principio
574 1988 777 2045 creavit
794 1988 939 2044 Deus
966 1987 1147 2043 coelam
1170 1993 1223 2044 et
1245 1991 1473 2042 terram.
1504 1984 1746 2055 Quartus
1793 1989 1878 2040 est
1919 2000 2071 2042 error
2112 1987 2290 2042 Mani-

267 2085 579 2147 choeorum,
604 2079 696 2151 qui
717 2083 1017 2151 posuerunt
1046 2077 1218 2132 Deum
1247 2074 1512 2130 factorem
1536 2072 1910 2139 invisibilium,
1935 2075 2028 2130 sed
2049 2075 2286 2132 visibilia

267 2191 302 2230 a
324 2168 547 2228 diabolo
568 2167 736 2234 facta,
768 2171 959 2223 contra
988 2179 1126 2238 quos
1154 2162 1611 2230 dicitur,Hebrae.
1634 2178 1699 2218 xl
1731 2177 1747 2218 t
1778 2161 1917 2218 Fide
1937 2162 2286 2238 iutelliqimus

266 2267 465 2335 aptata
491 2274 597 2314 esse
638 2255 829 2312 saecula
862 2253 1017 2311 verbo
1046 2251 1168 2318 Dei,
1194 2259 1258 2309 ut
1293 2267 1359 2308 ex
1392 2249 1753 2318 invisibilibus
1793 2249 2032 2307 visibilia
2069 2251 2281 2323 fierent.

268 2350 531 2421 Quintus,
564 2354 650 2402 est
694 2360 847 2400 error
888 2343 1123 2400 Simonis
1160 2342 1320 2414 Magi,
1349 2349 1404 2398 et
1437 2340 1719 2396 Menandri
1762 2339 1880 2412 ejus
1922 2341 2197 2415 discipuli,
2229 2349 2285 2398 et

268 2438 575 2496 multorum
597 2435 826 2492 aliorum
856 2431 1235 2489 haereticorum
1274 2447 1368 2486 eos
1408 2430 1776 2504 sequentium,
1808 2426 1903 2502 qui
1949 2432 2284 2489 creationem

269 2526 466 2586 mundi
496 2540 601 2582 nou
631 2525 763 2588 Dec,
794 2522 890 2578 sed
920 2519 1128 2593 angelis
1157 2520 1482 2587 attribuunt,
1515 2525 1703 2575 contra
1735 2533 1875 2591 quos
1901 2518 2037 2574 dicit
2061 2520 2280 2587 PauluS‚

269 2623 401 2676 Act.
431 2629 555 2671 xvn
573 2631 587 2666 :
604 2611 747 2668 Deus
764 2611 857 2684 qui
887 2609 1009 2665 fecit
1029 2607 1287 2664 mundam
1306 2614 1357 2663 et
1380 2606 1562 2663 omnia
1584 2623 1701 2680 quoe
1721 2606 1779 2660 iu
1803 2622 1860 2661 eo
1889 2615 2035 2664 sunt.
2061 2609 2279 2679 SextuS,

270 2715 361 2762 est
384 2720 537 2761 error
565 2717 752 2758 eorum
775 2701 868 2773 qui
897 2702 1195 2771 posuerunt
1219 2697 1393 2750 Deum
1428 2710 1526 2767 per
1555 2695 1794 2764 seipsum
1831 2709 1938 2750 nou
1979 2696 2560 2766 gubernare--oeff

225 2841 229 2846 .
273 2791 559 2860 mundum,
586 2789 683 2844 sed
712 2804 808 2860 per
830 2783 1097 2859 quasdam
1124 2790 1309 2855 partes
1342 2780 1448 2836 sibi
1485 2779 1778 2851 subjectas,
1807 2786 1998 2837 contra
2028 2798 2166 2854 quos
2191 2785 2280 2840 di-

271 2883 438 2948 citur,
466 2878 588 2935 Job.
619 2892 807 2934 xxxiv
838 2891 851 2930 τ
880 2873 1041 2940 Quem
1075 2869 1353 2927 constituit
1380 2868 1547 2926 alium
1575 2875 1986 2939 superterram,
2012 2877 2108 2926 aut
2133 2887 2281 2942 quem

265 2969 452 3045 posuit
477 2983 640 3040 super
661 2965 837 3021 orbem
859 2978 1007 3036 quem
1034 2959 1333 3033 fabricatus
1356 2958 1472 3014 est?
1491 2957 1558 3012 Et
1579 2963 1772 3013 contra
1799 2956 1898 3014 hos
1917 2973 2130 3013 errores
2156 2959 2283 3014 dici·

274 3059 448 3116 turin
488 3055 746 3130 Symbolo
777 3071 791 3109 t
828 3053 1126 3120 Fac-torem,
1150 3051 1235 3108 vel
1274 3045 1746 3114 creatorem,·coeli
1797 3053 1849 3103 et
1877 3053 2060 3114 terrae,
2090 3047 2282 3104 visibi-

272 3148 407 3204 lium
437 3144 673 3202 omnium
700 3150 753 3200 et
778 3139 1151 3198 invisibilium.

342 3236 587 3307 Quartus
642 3234 903 3290 articulus
945 3229 1183 3304 pertinet
1234 3227 1304 3285 ad
1360 3227 1613 3284 effectum
1661 3213 1856 3297 gratiae
1903 3242 1917 3280 z
1971 3243 2067 3299 per
2114 3243 2279 3300 quam

272 3322 587 3382 vivificatur
610 3319 856 3378 Ecclesia
900 3335 936 3376 a
965 3319 1098 3386 Deo,
1132 3317 1431 3375 secundum
1472 3314 1626 3380 illud,
1646 3315 1803 3371 Rom.
1836 3329 1905 3370 ιιι
1935 3330 1950 3369 t
1983 3315 2278 3388 Justificati

270 3413 449 3486 gyratis
468 3428 567 3485 per
588 3410 825 3484 qratiam
853 3405 1043 3481 ipsius,
1073 3406 1283 3463 scilicet
1311 3405 1431 3461 Dei.
1460 3405 1527 3460 Et
1555 3402 1659 3473 sub
1699 3403 1930 3459 articulo
1975 3404 2082 3460 isto
2122 3419 2280 3460 com-

275 3501 688 3575 prehenduntur
716 3499 897 3556 omnia
930 3503 1275 3552 sacramenta
1310 3492 1592 3559 Ecclesiae,
1619 3500 1674 3548 et
1707 3507 2069 3567 quaecumque
2104 3495 2281 3567 perti-

272 3596 405 3647 nent
449 3590 521 3646 ad
564 3588 825 3645 Ecclesiae
868 3586 1153 3650 unitatem,
1186 3591 1243 3639 et
1284 3583 1428 3638 dona
1463 3581 1698 3654 Spiritus
1738 3581 1943 3649 Sancti,
1975 3588 2030 3637 et
2061 3583 2279 3653 justitia

271 3680 577 3736 hominum.
605 3679 673 3733 Et
701 3678 831 3752 quia
858 3674 925 3732 de
954 3671 1320 3732 sacramentis
1338 3671 1596 3728 Ecclesiae
1621 3670 1894 3744 posterius
1917 3676 2001 3725 est
2033 3676 2280 3726 tractan-

273 3769 427 3834 dum,
460 3770 529 3824 de
555 3767 641 3824 his
676 3764 896 3822 interim
930 3761 1399 3836 supersedeamus,
1432 3767 1488 3817 et
1517 3757 1652 3816 alios
1677 3773 1889 3815 errores
1912 3764 2102 3814 contra
2133 3758 2280 3815 hunc

274 3856 571 3914 articulum
613 3868 966 3928 exponamus.
1016 3851 1257 3922 Quorum
1300 3849 1508 3920 primus
1551 3853 1635 3903 est
1670 3845 1912 3903 Corinthi
1949 3853 2005 3902 et
2033 3845 2274 3914 Ebionis,

274 3954 329 4004 et
362 3945 535 4002 etiam
567 3945 983 4010 Nazaraeorum,
1016 3940 1110 4014 qui
1152 3938 1405 3996 dixerunt
1445 3936 1681 4010 gratiam
1727 3935 1928 3993 Christi
1971 3949 2077 3993 non
2123 3933 2279 3992 suffi-

2561 2751 2812 2795 ψ..-
