2850 4517
565 376 645 437 54
1043 393 1096 439 s.
1141 394 1373 439 1·quAE
1412 394 1739 445 nouimus
1782 390 2088 439 muscum
2184 448 2195 457 .

1197 590 1483 661 CAPUT
1550 590 1933 660 LXXXIX.
1988 604 1991 609 ·

697 690 876 805 duod
899 700 1094 795 omnes
1125 730 1410 812 potentio
1437 690 1511 793 'in
1529 684 1786 795 &mm
1817 728 2030 791 anima
2066 726 2451 791 radicantur.

637 864 754 920 Non
785 864 960 921 solum
989 871 1174 920 autem
1203 863 1511 921 intellectus
1534 878 1701 937 agens
1729 871 1783 920 et
1811 860 2085 936 possibilis
2115 861 2167 916 in
2196 876 2304 917 una
2334 859 2573 916 essentia

569 952 767 1009 animae
803 952 1056 1009 humanae
1077 952 1429 1018 conveniunt,
1455 952 1551 1009 sed
1582 952 1747 1009 etiam
1776 966 1965 1008 omnes
1992 950 2115 1008 aliae
2136 948 2415 1024 potentiae,
2449 962 2573 1021 quae

568 1048 693 1096 sunt
718 1041 983 1115 principia
1008 1040 1386 1115 operationum
1404 1040 1619 1099 animae.
1649 1040 1852 1098 Omnes
1872 1041 2016 1097 enim
2043 1038 2349 1111 hujusmodi
2375 1042 2573 1112 poten·

569 1129 662 1187 tiae
707 1130 1110 1203 quodammodo
1149 1132 1204 1187 in
1255 1132 1438 1189 anima
1484 1132 1843 1188 radicantur:
1888 1130 2140 1204 quaedam
2168 1128 2391 1201 quidem
2430 1125 2574 1182 sicut

568 1218 830 1289 potentiae
869 1220 1196 1293 vegetativae
1239 1230 1295 1278 et
1337 1221 1615 1278 sensitivae
1662 1218 1832 1293 partis
1858 1219 1909 1274 in
1958 1218 2140 1274 anima
2176 1225 2303 1273 sunt
2341 1216 2491 1271 >sieut
2520 1216 2572 1270 in

569 1306 856 1379 principio,
887 1307 940 1363 in
969 1309 1259 1379 coniuncto
1288 1315 1472 1366 autem
1500 1309 1644 1366 sieut
1681 1310 1737 1365 in
1762 1308 2027 1380 subjecto,
2061 1308 2190 1379 quia
2214 1320 2404 1362 earum
2439 1318 2575 1378 ope-

569 1392 812 1451 rationes
829 1403 954 1453 sunt
974 1398 1278 1471 conjuncti3
1306 1405 1361 1455 et
1381 1414 1487 1455 non
1510 1397 1685 1455 solum
1712 1396 1925 1462 animm,
1949 1397 2107 1468 eujus
2132 1404 2217 1451 est
2236 1394 2381 1450 enim
2407 1393 2576 1464 actio,

569 1483 689 1553 ejus
714 1490 801 1539 est
828 1485 1069 1556 potentia
1102 1503 1116 1543 t
1141 1488 1394 1561 quaedam
1423 1503 1553 1544 vero
1580 1493 1707 1544 sunt
1736 1487 1790 1543 in
1820 1486 2002 1543 anima
2040 1486 2183 1541 sicut
2224 1484 2281 1539 in
2308 1482 2577 1556 principio

571 1576 626 1625 et
650 1571 706 1626 in
734 1572 998 1645 subjecto,
1026 1576 1157 1649 quia
1179 1592 1368 1633 eorum
1390 1578 1737 1651 operationes
1760 1583 1887 1632 sunt
1916 1576 2113 1632 animae
2133 1572 2348 1646 ‘absque
2372 1585 2578 1643 organo

569 1660 861 1731 corporali,
889 1669 942 1717 et
970 1662 1280 1737 hujusmodi
1311 1675 1439 1723 sunt
1466 1666 1726 1740 potentiae
1753 1650 2104 1721 intellecti'vae
2132 1661 2322 1735 partis.
2347 1660 2468 1717 Non
2492 1666 2578 1716 est

572 1754 754 1805 autem
780 1750 1036 1823 possibile
1059 1768 1178 1809 esse
1207 1753 1390 1827 plures
1417 1756 1629 1811 animas
1653 1757 1705 1811 in
1729 1753 1968 1811 homine.
1992 1752 2221 1826 Oportet
2240 1751 2406 1824 igitur
2429 1748 2578 1823 quod

572 1852 758 1895 omnes
788 1841 1046 1911 potentiae
1069 1857 1266 1901 antmae
1291 1845 1360 1901 ad
1392 1844 1639 1901 eamdem
1665 1842 1899 1900 animam
1930 1842 2258 1916 pertineant.

1223 2002 1246 2117 ἰ
1323 2012 1606 2085 CAPUT
1674 2015 1821 2083 XC.

939 2157 1117 2233 Quod
1142 2158 1326 2221 unica
1351 2162 1440 2221 est
1466 2158 1671 2222 anima
1697 2158 1766 2219 in
1790 2174 1909 2219 uno
1950 2173 2212 2237 eorpore.

643 2289 801 2357 Quod
828 2298 1013 2346 antem
1042 2289 1375 2363 impossibile
1408 2289 1483 2346 sit
1510 2305 1629 2345 esse
1656 2288 1841 2363 plures
1869 2289 2079 2346 animas
2116 2288 2169 2345 in
2194 2302 2303 2345 uno
2324 2301 2575 2362 corpore,

575 2378 657 2433 sie
684 2377 962 2449 probatur.
989 2377 1335 2435 Manifestum
1363 2386 1449 2435 est
1477 2377 1620 2434 enirn
1650 2378 1887 2436 animam
1911 2394 2033 2436 esse
2061 2378 2290 2433 sormam
2318 2375 2579 2433 suostan-

579 2465 764 2523 tialem
812 2464 1064 2523 habentis
1113 2467 1349 2524 animam
1392 2485 1460 2525 ex
1489 2467 1610 2537 hoc,
1664 2468 1811 2542 quod
1851 2484 1947 2542 per
1992 2468 2229 2524 animam
2275 2464 2579 2521 animatum

576 2570 747 2625 genus
775 2563 832 2611 et
872 2553 1110 2628 speciem
1139 2556 1386 2613 sortitur.
1415 2556 1755 2629 Impossibile
1802 2563 1887 2614 est
1916 2562 2102 2613 autem
2148 2554 2329 2627 plures
2370 2553 2578 2609 formas

576 2642 963 2700 substantiales
1002 2642 1247 2716 ejusdem
1287 2661 1407 2701 esse
1438 2646 1539 2701 rei.
1564 2644 1758 2702 Forma
1784 2644 1928 2701 enim
1956 2643 2331 2700 substantialis
2372 2642 2427 2697 in
2476 2642 2582 2699 hoc

574 2732 756 2789 differt
785 2732 1222 2802 ab'aocidentali,
1259 2735 1389 2809 quia
1419 2735 1591 2792 forma
1620 2733 1997 2792 substantialis
2036 2733 2169 2789 facit
2198 2749 2318 2790 esse
2344 2731 2449 2788 hoo
2471 2731 2580 2787 ali-

573 2820 708 2893 quid
735 2821 1055 2897 simpliciter
1103 2842 1117 2878 ε
1152 2824 1322 2883 forma
1359 2832 1544 2883 autem
1573 2824 1929 2883 accidentalis
1967 2823 2189 2880 advenit
2217 2822 2268 2878 ei
2296 2819 2441 2895 quod
2460 2821 2579 2893 jam

477 2923 486 2935 ·
573 2919 657 2967 est
681 2911 781 2968 boc
807 2912 1034 2988 aliquid,
1063 2922 1118 2969 et
1158 2913 1292 2971 facit
1316 2913 1495 2988 ipsum
1522 2930 1643 2971 esse
1670 2910 1851 2988 qual-e,
1881 2912 1967 2970 vel
2003 2921 2288 2986 qnantum,
2320 2910 2404 2965 vel
2434 2926 2579 2983 qua-

575 3000 698 3057 liter
720 3018 779 3057 se
808 3001 1029 3059 habens„
1061 3003 1115 3059 Si
1145 3003 1311 3075 igitur
1336 3004 1521 3077 plures
1563 3003 1752 3060 formae
1780 3002 2168 3059 substantiales
2196 3002 2307 3059 sint
2336 2999 2495 3056 unius
2521 3003 2579 3054 et

573 3088 818 3158 ejusdem
854 3089 953 3159 rei,
986 3095 1081 3144 aut
1121 3090 1295 3161 prima
1319 3103 1509 3145 earum
1534 3088 1666 3145 facit
1689 3088 1791 3144 hoc
1818 3087 2044 3163 aliquid,
2078 3093 2175 3144 aut
2215 3102 2344 3143 non.
2387 3087 2441 3143 Si
2469 3100 2577 3141 non

573 3174 833 3232 fecithoc
859 3174 1087 3250 aliquit&
1119 3191 1222 3232 non
1262 3183 1346 3232 est
1373 3164 1547 3233 forma
1576 3176 1971 3233 substantialis.
1999 3177 2052 3234 Si
2079 3183 2262 3233 autem
2304 3174 2437 3231 facit
2474 3174 2579 3230 hoe

573 3262 798 3337 aliquid,
825 3279 954 3335 ergo
999 3279 1192 3337 omnes¹
1222 3264 1412 3322 formae
1438 3275 1835 3339 consequentes
1862 3267 2160 3323 adveniunt
2188 3265 2258 3329 ei,
2292 3263 2438 3337 quod
2460 3264 2578 3335 jam

573 3358 655 3407 est
683 3342 784 3410 hoe
811 3353 1038 3426 aliquid.
1076 3348 1238 3412 Nulla
1270 3346 1439 3427 igitur
1468 3356 1916 3430 consequentium
1946 3356 2051 3413 erit
2096 3356 2271 3412 forma
2315 3354 2578 3410 substan·

573 3442 737 3511 tinliS,
770 3442 864 3499 sed
893 3429 1265 3500 abcidentalis.
1308 3444 1364 3500 Si
1407 3444 1573 3517 igitur
1603 3453 1772 3520 patet,
1806 3446 1950 3519 quod
1978 3442 2309 3521 impossibile
2340 3440 2436 3499 ‘est
2461 3443 2578 3521 fon-

575 3546 690 3589 mas
711 3531 1098 3590 substantiales
1125 3548 1244 3589 esse
1272 3532 1459 3606 plures
1484 3534 1645 3590 unius
1672 3541 1729 3591 et
1754 3534 1997 3607 ejusdem
2037 3534 2150 3601 rei;
2199 3550 2377 3607 neque
2409 3533 2578 3605 igitur

573 3618 828 3695 posaibile
850 3628 934 3678 est
976 3622 1158 3696 plures
1185 3621 1396 3679 animas
1438 3623 1493 3679 in
1519 3639 1626 3679 uno
1670 3630 1726 3679 et
1766 3623 1958 3680 eodem
2005 3639 2146 3679 esse.
2190 3622 2385 3679 Adhuc
2426 3627 2579 3701 patet

572 3711 717 3784 quod
747 3711 908 3768 homo
935 3711 1135 3767 dicitur
1165 3712 1353 3768 vivens
1375 3713 1675 3770 secundum
1704 3713 1847 3786 qnod
1878 3712 2043 3769 habet
2080 3712 2318 3768 animam
2348 3717 2579 3783 vegeta-

575 3799 756 3863 bilem,
790 3800 990 3858 animal
1023 3807 1203 3857 autem
1234 3802 1534 3858 secundum
1564 3802 1710 3876 quod
1756 3801 1919 3859 habet
1966 3802 2204 3858 animam
2233 3801 2575 3869 sensitivam,

523 3894 526 3899 “
575 3887 735 3945 homo
760 3898 944 3946 autem
973 3891 1268 3946 secundum
1293 3889 1441 3965 quod
1481 3889 1645 3948 habet
1672 3892 1908 3948 animam
1938 3890 2347 3947 intellectivam.
2377 3889 2434 3945 Si
2469 3889 2583 3962 igi-

577 3983 668 4034 tur
703 3984 832 4033 sunt
855 3985 964 4036 tres
989 3980 1186 4038 animae
1216 3980 1268 4037 in
1293 3979 1530 4048 homine,
1574 3979 1785 4037 scilicet
1814 3979 2149 4052 vegetamine,
2184 3978 2476 4047 sensibilis,
2524 3988 2583 4037 et
