2850 4517
558 319 681 384 208
1036 331 1093 380 s.
1134 331 1369 377 mcum:
1409 330 1736 381 Aomrmns
1777 330 2088 374 opuscunn

559 453 633 511 tis
656 449 967 510 hominibus
990 446 1276 521 provenire
1304 461 1413 502 non
1448 453 1648 518 potest,
1679 445 1784 502 nisi
1823 461 1921 517 per
1947 443 2186 518 gratiam
2212 445 2574 522 revelationis

560 541 782 606 divinae‚
809 536 1109 596 secundum
1148 535 1284 595 illud
1310 535 1503 596 Matth.
1535 550 1598 592 xi
1629 551 1644 588 ε
1673 532 1843 593 Nemo
1867 532 2013 589 novit
2040 533 2216 606 filium
2247 534 2359 591 nisi
2377 529 2570 615 pater,

560 647 725 706 neque
749 636 966 704 patrem
993 625 1111 700 quis
1130 624 1285 682 novit
1308 623 1419 680 nisi
1445 623 1614 697 filius,
1650 630 1705 679 et
1729 621 1819 678 oui
1839 622 2068 678 voluerit
2095 621 2246 695 filius
2280 627 2520 682 revelare
2551 643 2568 684 ε

561 719 707 776 unde
732 724 874 791 Aug.
905 717 1069 790 super
1094 716 1255 772 Joan.
1288 712 1425 770 dicit
1453 729 1468 768 ε
1503 732 1529 766 «
1553 713 1725 768 Deum
1751 705 1932 769 nullus
1959 713 2262 782 cognoscit,
2294 714 2342 770 si
2373 730 2486 770 non
2513 732 2571 774 se

562 807 771 864 indicat
799 807 916 880 ipse
940 805 1034 879 qui
1058 804 1233 860 novit.
1265 822 1292 855 n
1322 799 1536 858 Iudicat
1565 817 1624 858 se
1651 800 1853 874 quippe
1879 801 2025 856 Deus
2048 800 2362 874 aliqualiter
2385 801 2572 860 bomi-

562 885 726 952 nibus
756 893 991 950 naturali
1019 891 1259 966 quadam
1300 888 1613 960 cognitione
1652 889 2090 959 cognoscendum
2134 905 2232 961 per
2263 889 2388 960 hoc,
2421 893 2571 966 quod

559 983 870 1041 bominibus
898 983 1080 1038 lumen
1104 980 1335 1037 rationis
1358 978 1614 1046 infundit,
1644 983 1700 1033 et
1726 985 2008 1034 creaturas
2033 976 2276 1035 visibiles
2299 981 2566 1050 condidit,

561 1076 616 1131 in
638 1072 837 1147 quibus
854 1069 1117 1128 bonitatis
1142 1076 1197 1127 et
1216 1068 1502 1142 sapientiae
1522 1065 1692 1138 ipsius
1712 1064 2022 1140 aliqualiter
2041 1066 2287 1130 relucent
2311 1070 2564 1142 vestigia,

564 1161 864 1219 secundum
892 1159 1025 1216 illud
1053 1161 1155 1216 Ro.
1183 1171 1205 1216 1
1234 1175 1247 1212 ε
1283 1156 1432 1224 Quod
1456 1163 1636 1212 notum
1658 1161 1732 1212 est
1762 1155 1884 1221 Dei,
1911 1156 2074 1223 idest,
2102 1157 2250 1230 quod
2277 1161 2570 1230 cognosci-

562 1251 671 1308 bile
700 1259 784 1308 est
830 1250 899 1306 de
945 1250 1059 1305 Deo
1094 1265 1193 1323 per
1239 1239 1546 1304 naturalem
1591 1246 1880 1312 rationem,
1913 1245 2265 1322 manifestum
2307 1257 2392 1304 est
2438 1249 2563 1318 illis,

563 1335 775 1396 scilicet
820 1332 1113 1409 gentilibus
1156 1329 1490 1393 hominibus}
1522 1336 1669 1392 Deus
1709 1335 1853 1391 enim
1899 1334 2006 1392 illis
2044 1335 2327 1404 revelavit,
2356 1339 2567 1396 scilicet

560 1445 659 1501 per
689 1427 868 1482 lumen
894 1427 1142 1492 rationis,
1168 1433 1225 1483 et
1253 1441 1349 1499 per
1376 1415 1662 1482 creaturas
1688 1439 1827 1497 quas
1851 1424 2098 1481 condidit
2120 1443 2134 1495 ;
2159 1413 2518 1482 ιιηᾶεευὴάἰι
2549 1443 2564 1483 :

562 1513 867 1572 Invisibilia
896 1513 1037 1585 enim
1060 1514 1230 1586 ipsius
1251 1529 1285 1570 a
1308 1519 1563 1572 creatura
1585 1511 1776 1570 mundi
1795 1526 1898 1586 per
1931 1531 1995 1570 ea
2017 1529 2132 1586 quae
2157 1515 2304 1588 facta
2325 1524 2455 1573 sunt
2478 1517 2566 1572 in-

564 1603 765 1660 tellecta
806 1601 1224 1675 conspiciuntur,
1251 1595 1578 1675 sempiterna
1617 1618 1816 1674 quoque
1856 1601 1970 1675 ejus
1996 1604 2174 1659 virtus
2209 1611 2260 1658 et
2280 1605 2565 1662 divinitas.

562 1693 675 1750 Ista
700 1691 885 1749 tamen
912 1689 1151 1763 cognitio
1174 1688 1494 1764 imperfecta
1513 1696 1616 1758 est,
1639 1691 1771 1765 quia
1791 1706 1892 1746 nec
1914 1691 2031 1763 ipsa
2055 1699 2304 1749 creatura
2323 1693 2568 1764 perfecta

563 1780 635 1839 ab
678 1779 1167 1853 bomineconspici
1211 1786 1411 1854 potest,
1443 1786 1499 1846 et
1545 1781 1713 1836 etiam
1740 1787 1994 1836 creatura
2023 1781 2219 1846 deficit,
2249 1798 2282 1839 a
2324 1783 2566 1855 perfecta

564 1869 665 1926 Dei
717 1869 1222 1943 repraesentatione,
1276 1869 1405 1942 quia
1456 1857 1634 1926 virtus
1687 1884 1871 1926 causae
1918 1869 1973 1923 in
2029 1869 2302 1925 infinitum
2353 1871 2567 1927 excedit

569 1960 823 2016 effectum
856 1959 1041 2014 :unde
1070 1957 1271 2014 dicitur
1308 1957 1433 2014 Job.
1471 1955 1538 2016 xi
1577 1975 1592 2014 ε
1629 1957 1889 2014 Forsitan
1924 1957 2148 2031 vestigia
2182 1958 2286 2016 Dei
2330 1976 2568 2033 compre-

565 2049 773 2116 hendes,
790 2055 841 2106 et
858 2064 1021 2122 usque
1039 2047 1111 2103 ad
1126 2046 1421 2120 perfeetum
1438 2045 1844 2122 omnipotentem
1860 2046 2115 2118 reperies,
2135 2052 2192 2103 et
2213 2041 2336 2104 J'ob.
2359 2064 2563 2118 xxxvl,

566 2147 855 2213 postquam
884 2138 1025 2195 dixit
1054 2153 1070 2192 ε
1102 2137 1293 2194 Omnes
1314 2135 1545 2192 homines
1565 2135 1746 2193 vident
1771 2153 1910 2202 eum,
1937 2135 2123 2192 subdit
2155 2152 2168 2192 ε
2207 2138 2568 2210 Unusquisque

565 2228 811 2286 intuetur
830 2225 1040 2300 procul.
1070 2225 1151 2282 Ex
1174 2223 1337 2298 hujus
1364 2230 1552 2282 autem
1579 2225 1906 2298 cognitionis
1935 2224 2346 2298 imperfectione
2373 2243 2566 2284 conse-

566 2325 756 2372 cutum
786 2324 891 2382 est,
931 2322 992 2372 ut
1020 2313 1266 2386 homines
1293 2329 1327 2370 a
1365 2313 1602 2372 veritate
1643 2308 1988 2372 discedentes
2029 2314 2396 2372 diversimode
2423 2317 2566 2373 circa

566 2403 935 2475 cognitionem
958 2401 1058 2464 Dei
1081 2407 1327 2458 errarent
1343 2402 1398 2458 in
1425 2406 1642 2458 tantum
1665 2403 1813 2477 quod
1831 2403 1977 2460 sicut
2002 2406 2196 2478 Apost.
2224 2405 2359 2462 dicit
2382 2406 2485 2462 Ro·
2512 2421 2562 2462 ιε

570 2489 801 2558 Quidam
829 2497 1164 2546 evanuerunt
1198 2489 1259 2546 in
1284 2489 1694 2562 coyitationibus
1725 2491 1857 2556 suis,
1889 2499 1939 2549 et
1971 2491 2308 2550 obscuratum
2329 2503 2407 2552 est
2431 2494 2567 2552 insi-

561 2579 719 2654 piens
744 2595 836 2635 cor
865 2594 1065 2635 eorum.
1093 2577 1338 2636 Dicentes
1372 2579 1515 2636 enim
1537 2597 1588 2636 se
1612 2597 1716 2637 esse
1761 2581 2042 2654 sapientes,
2067 2583 2220 2638 stulti
2251 2581 2388 2654 facti
2421 2593 2565 2651 sunt,

568 2677 620 2726 et
647 2674 991 2725 mutaverunt
1020 2667 1249 2742 gloriam
1285 2667 1718 2743 incorruptibilis
1756 2668 1860 2728 Dei
1902 2670 1963 2726 in
2001 2670 2410 2730 similitudinem
2447 2691 2567 2730 cor·
2599 2661 2606 2670 ’

566 2757 848 2830 ruptibilis
880 2756 1128 2824 hominis,
1152 2764 1203 2813 et
1240 2759 1535 2826 volucrum,
1578 2767 1632 2818 et
1667 2759 2091 2832 quadrupedum,
2124 2766 2177 2818 et
2219 2763 2563 2836 serpentium.

565 2845 636 2904 Et
682 2847 805 2905 ideo
847 2851 909 2904 ut
946 2846 1018 2903 ab
1052 2845 1155 2903 hoc
1196 2863 1379 2905 errore
1420 2847 1668 2906 homines
1705 2849 1854 2906 Deus
1897 2857 2202 2918 revocaret,
2260 2854 2567 2925 expressius

565 2936 822 2994 notitiam
848 2949 1006 2994 suam
1030 2934 1337 2994 hominibus
1360 2935 1511 2993 dedit
1545 2935 1600 2993 in
1627 2938 1802 2995 veteri
1841 2937 1979 3010 lege,
2011 2955 2110 3013 per
2134 2955 2301 3012 quam
2322 2939 2568 2999 homines

567 3025 639 3082 ad
663 3025 872 3082 cultum
901 3025 1062 3081 unius
1085 3023 1185 3080 Dei
1209 3034 1552 3095 revocantur,
1579 3027 1880 3086 secundum
1905 3027 2036 3084 illud
2065 3030 2454 3087 Deuteronom.
2472 3048 2565 3090 vx:

566 3111 719 3170 Audi
745 3109 939 3175 Israel,
955 3109 1214 3167 Dominus
1236 3111 1379 3167 Deus
1398 3119 1524 3173 tuus
1539 3128 1679 3169 unus
1705 3119 1799 3168 est.
1822 3113 1930 3170 Sed
1957 3113 2076 3172 haec
2099 3113 2167 3170 de
2193 3116 2308 3171 Deo
2331 3118 2568 3190 cognitio

568 3207 690 3257 erat
728 3199 1025 3271 figurarum
1052 3198 1478 3256 obscuritatibus
1523 3200 1808 3273 implicita,
1847 3208 1903 3259 et
1944 3201 2086 3260 infra
2130 3204 2293 3261 unius
2331 3205 2570 3277 judaicae

567 3287 750 3360 gentis
794 3288 1055 3345 terminos
1099 3287 1305 3354 clausa,
1340 3289 1640 3346 secundum
1669 3289 1804 3346 illud
1831 3291 2034 3348 Psalm.
2061 3307 2220 3349 nxxv
2251 3293 2471 3352 :Notus
2510 3295 2572 3352 in

565 3375 758 3435 Judaea
783 3376 947 3445 Deus,
968 3377 1031 3433 in
1056 3376 1230 3436 Israel
1254 3392 1508 3449 magnum
1535 3394 1722 3434 nomen
1746 3377 1858 3451 ejus
1871 3395 1893 3448 ‚⁰
1923 3387 1984 3437 ut
2009 3395 2140 3452 ergo
2184 3382 2288 3437 toti
2327 3382 2564 3442 humano

521 3491 527 3494 ·
567 3466 753 3537 generi
782 3481 913 3523 vera
935 3465 1037 3523 Dei
1064 3464 1306 3540 cognitio
1346 3465 1680 3538 proveniret,
1710 3467 1938 3524 verbum
1972 3484 2090 3525 suae
2124 3469 2352 3526 virtutis
2376 3473 2572 3544 unige-

566 3555 744 3612 nitum
764 3555 915 3611 Deus
938 3561 1095 3626 pater
1119 3553 1269 3610 misit
1297 3554 1355 3610 in
1384 3554 1668 3622 mundum,
1700 3563 1762 3612 ut
1783 3573 1881 3630 per
1917 3573 2044 3613 eum
2068 3565 2218 3614 totus
2242 3559 2478 3616 mundus
2501 3560 2570 3616 ad

565 3659 755 3702 veram
804 3643 1173 3716 cognitionem
1213 3642 1386 3700 divini
1432 3645 1667 3702 nominis
1713 3646 2071 3716 perveniret:
2116 3654 2172 3703 et
2207 3647 2313 3704 hoc
2349 3649 2572 3721 quidem

566 3733 684 3807 ipse
712 3732 976 3789 Dominus
1004 3731 1185 3788 facere
1210 3729 1492 3790 inchoavit
1531 3734 1587 3790 in
1615 3734 1731 3792 suis
1769 3733 2072 3810 discipulis,
2103 3729 2407 3793 secundum
2440 3736 2572 3794 illud

564 3823 721 3880 Joan.
752 3837 875 3880 xvn
908 3838 924 3879 t
948 3820 1299 3894 Manifestavi
1328 3839 1518 3880 nomen
1544 3831 1692 3892 tuum
1722 3823 2026 3881 hominibus
2054 3842 2182 3899 quos
2215 3825 2413 3884 dedisti
2443 3825 2575 3882 milii

566 3909 632 3968 de
656 3911 872 3968 mundo.
900 3911 1019 3968 Nec
1039 3911 1095 3968 in
1133 3910 1237 3970 boc
1272 3911 1671 3980 terminabatur
1695 3913 1818 3988 eJus
1844 3914 2097 3984 intentio,
2125 3923 2190 3973 ut
2217 3914 2302 3972 illi
2325 3915 2429 3974 soli
2451 3915 2574 3972 dei-
