2850 4517
558 368 679 433 226
782 430 789 437 ,
1038 386 1089 433 s.
1134 383 1369 431 ‘monas
1409 384 1739 436 sommus
1779 384 2095 430 opuscuna

559 502 912 578 paternitatis
932 506 992 560 et
1015 500 1319 571 filiationis,
1340 517 1634 578 personam
1651 500 1773 559 Filii
1797 515 1832 559 a
1852 514 2088 575 persona
2114 497 2298 557 Patris
2317 496 2564 572 distingui

560 592 795 652 dicimus
836 591 1179 651 solummodo
1216 591 1556 665 paternitate
1585 600 1640 649 et
1680 587 1966 661 filiatione,
2006 588 2192 647 omnia
2211 589 2565 651 communiter

560 690 617 738 et
646 680 1018 737 indifferenter
1048 680 1117 737 de
1146 687 1382 756 utroque
1410 678 1798 755 praedicantes.
1839 678 1995 737 Sicut
2031 677 2178 736 euim
2215 676 2456 733 dicimus
2480 692 2567 749 pa·

563 776 700 826 trem
736 784 928 827 verum
955 769 1150 836 Deum,
1191 769 1642 841 omnipotentem,
1679 770 1970 836 aeternum,
2011 772 2070 823 et
2101 773 2472 840 quacumque
2499 764 2570 822 si·

561 858 764 915 militer
778 857 1054 925 dicuntur,
1074 858 1155 914 sic
1173 863 1230 913 et
1252 857 1470 925 Filium,
1489 863 1544 913 et
1566 855 1760 913 eadem
1781 854 1924 913 ratio
1943 861 2028 912 est
2043 854 2114 911 de
2127 855 2337 929 Spiritu
2360 856 2569 913 Sancto.
2655 923 2660 929 1

561 946 702 1018 Quia
729 963 859 1021 ergo
896 948 1059 1004 Pater
1099 951 1156 1002 et
1196 945 1366 1003 Filius
1411 954 1466 1003 et
1494 945 1732 1019 Spiritus
1770 946 2006 1003 Sanctus
2031 958 2142 1001 non
2168 943 2572 1017 distinguuntur

562 1037 619 1094 in
656 1040 855 1093 natura
878 1020 1203 1103 divinitatiS,
1236 1035 1333 1093 sed
1358 1036 1412 1091 in
1439 1033 1796 1091 relationibus
1823 1033 2021 1102 solum,
2053 1033 2449 1091 convenienter
2475 1040 2573 1089 tres

563 1141 825 1201 personas
847 1142 953 1182 non
986 1124 1221 1181 dicimus
1262 1132 1374 1181 tres
1402 1125 1564 1193 Deos,
1611 1122 1709 1179 sed
1739 1137 1909 1179 unum
1937 1138 2128 1180 verum
2157 1124 2334 1179 Deum
2365 1128 2426 1178 et
2459 1138 2573 1197 per-

566 1214 771 1272 fectum
815 1214 1155 1287 profitemur.
1196 1214 1260 1270 In
1298 1212 1612 1269 hominibus
1638 1217 1824 1269 autem
1867 1210 1992 1268 ideo
2032 1217 2148 1269 tres
2177 1227 2446 1283 ,personae
2477 1219 2576 1268 tres

565 1303 813 1360 homines
850 1303 1127 1369 dicuntur,
1168 1309 1223 1357 et
1264 1318 1371 1359 non
1398 1316 1542 1359 unus
1579 1300 1762 1369 homo,
1808 1300 1940 1375 quia
1973 1307 2173 1358 natura
2198 1300 2571 1365 humanitatis,

567 1409 694 1466 quae
720 1389 1025 1449 communis
1049 1397 1151 1458 est,
1184 1390 1500 1447 differenter
1527 1389 1782 1447 convenit
1810 1388 1892 1445 eis
1915 1388 2218 1446 secundum
2245 1388 2575 1447 materialem

568 1478 913 1546 divisionem,
945 1494 1071 1551 quae
1094 1478 1313 1533 omnino
1341 1477 1397 1533 in
1427 1477 1541 1533 Deo
1585 1478 1764 1534 locum
1791 1492 1898 1533 non
1927 1476 2094 1533 habet
2120 1492 2135 1531 ε
2165 1476 2310 1533 unde
2334 1476 2394 1533 in
2415 1476 2576 1533 tribus

570 1574 697 1627 sunt
724 1572 837 1623 tres
864 1566 1233 1625 humanitates
1275 1582 1501 1623 numero
1539 1566 1874 1634 differentes,
1910 1572 1970 1622 et
2004 1564 2121 1623 sola
2145 1565 2290 1621 ratio
2331 1564 2576 1623 humani-

572 1656 705 1714 tatis
729 1656 786 1713 in
808 1658 887 1714 eis
916 1656 1221 1713 communis
1254 1657 1552 1713 invenitur.
1590 1657 1649 1711 In
1684 1656 1859 1713 tribus
1881 1662 2069 1712 autem
2104 1654 2309 1712 divinis
2341 1655 2576 1728 personis

572 1760 681 1805 non
706 1750 819 1803 tres
848 1745 1167 1807 divinitates
1192 1762 1418 1802 numero
1451 1745 1784 1812 differentes,
1815 1744 1912 1801 sed
1936 1759 2102 1801 unam
2129 1744 2439 1817 simplicem
2469 1744 2576 1799 dei-

575 1840 747 1892 tatem
782 1851 1004 1892 nccesse
1032 1844 1117 1893 est
1142 1850 1281 1902 esse,
1312 1850 1440 1892 cum
1473 1849 1579 1891 non
1609 1834 1682 1889 sit
1709 1832 1820 1890 alia
1847 1832 2086 1891 essentia
2115 1832 2266 1889 verbi
2302 1839 2359 1889 et
2389 1832 2576 1891 amoris

573 1924 630 1980 in
667 1924 782 1981 Deo
827 1925 898 1982 ab
925 1926 1163 1985 essentia
1203 1924 1321 1993 Dei,
1365 1932 1425 1982 et
1468 1923 1549 1980 sic
1576 1938 1684 1980 non
1727 1930 1842 1980 tres
1883 1923 2045 1989 DeoS‚
2089 1921 2187 1979 sed
2218 1938 2392 1978 unum
2418 1922 2578 1978 Deum

575 2013 917 2083 confitemur,
948 2018 1171 2087 propter
1197 2027 1359 2070 unam
1390 2010 1694 2085 simplicem
1722 2009 1986 2069 deitatem
2015 2009 2072 2066 in
2113 2008 2291 2067 tribus
2321 2008 2576 2083 personis.

1374 2232 1658 2305 CAPUT
1701 2236 1786 2304 V.

932 2393 1079 2467 Quoe
1106 2394 1239 2471 fuit
1264 2351 1452 2457 causei
1478 2394 1923 2459 incarnationis
1945 2392 2077 2473 filii
2099 2392 2244 2459 Dei.
2330 2374 2332 2379 ’

650 2541 730 2599 Ex
752 2542 917 2599 simili
938 2548 1122 2599 autem
1137 2546 1389 2601 caecitate
1412 2545 1643 2602 irrident
1661 2545 2026 2605 Christianam
2047 2541 2229 2614 fidem,
2250 2544 2386 2619 quia
2405 2544 2588 2605 Chris-

582 2638 696 2688 tum
725 2632 1049 2689 confitemur
1089 2632 1187 2689 Dei
1221 2626 1393 2691 filium
1424 2642 1700 2692 mortuum
1732 2650 1872 2702 esse,
1907 2632 2046 2692 tanti
2079 2633 2334 2708 mysterii
2363 2635 2589 2709 profun-

580 2722 811 2777 ditatem
840 2737 947 2777 non
990 2715 1373 2795 intelligentes
1418 2724 1490 2779 Et
1515 2740 1585 2780 ne
1610 2740 1770 2781 ‘mors
1795 2723 1919 2780 Filii
1956 2722 2056 2779 Dei
2095 2738 2352 2796 perverse
2387 2723 2590 2781 intelli·-

580 2820 758 2884 gatur,
791 2810 943 2883 prius
969 2810 1177 2887 aliquid
1214 2814 1283 2869 de
1308 2812 1432 2869 Filii
1461 2814 1562 2871 Dei
1591 2814 1967 2893 incarnatione
1994 2814 2178 2871 dicere
2205 2821 2446 2887 oportet.
2472 2815 2592 2870 Non

579 2902 720 2958 enim
738 2901 971 2959 dicimus
983 2902 1181 2959 Filium
1200 2904 1300 2960 Dei
1322 2905 1482 2961 morti
1501 2904 1810 2978 subjectum
1829 2903 1996 2961 fuisse
2015 2904 2318 2961 secundum
2337 2910 2595 2961 naturam

579 2988 841 3059 divinam,
884 2991 939 3045 in
964 3006 1073 3063 qua
1101 2999 1184 3049 est
1212 2992 1446 3066 aequalis
1469 2993 1638 3061 Patri,
1669 3010 1795 3067 quae
1823 3000 1908 3050 est
1934 2992 2156 3051 fontalis
2181 2994 2428 3050 omnium
2455 2993 2590 3059 vita,

579 3079 674 3135 sed
713 3079 1011 3135 secundum
1052 3087 1304 3136 naturam
1352 3088 1618 3149 nostram,
1667 3098 1834 3155 quam
1883 3081 2178 3155 assumpsit
2216 3082 2278 3138 in
2326 3082 2596 3139 unitatem

582 3182 845 3239 personae.
871 3166 955 3224 Ad
980 3168 1372 3226 iucarnationis
1391 3185 1521 3241 ergo
1545 3168 1748 3227 divinae
1773 3171 2096 3245 mysterium
2121 3169 2437 3244 aliqualiter
2459 3184 2597 3227 con-

579 3254 948 3323 siderandum,
976 3263 1192 3329 oportet
1216 3258 1526 3325 advertere,
1555 3259 1703 3331 quod
1724 3275 1884 3316 omne
1914 3276 2012 3333 per
2033 3258 2378 3317 intellectum
2405 3273 2593 3331 agens’,

580 3360 675 3415 per
693 3345 1102 3417 conceptionem
1124 3346 1209 3401 sui
1229 3345 1564 3415 intellectuS,
1593 3364 1760 3421 quam
1783 3348 2016 3407 dicimus
2035 3348 2282 3415 verbum,
2311 3353 2594 3421 operatur,

582 3439 638 3488 ut
664 3441 818 3506 patet
844 3432 898 3489 in
927 3434 1263 3492 aedificatore
1289 3440 1347 3492 et
1370 3436 1617 3509 quolibet
1647 3438 1879 3506 artifice,
1912 3438 2018 3512 qui⁴
2037 3437 2340 3495 secundum
2363 3436 2599 3493 formam

578 3538 744 3595 quam
791 3529 972 3579 mente
1016 3523 1287 3596 concepit,
1330 3524 1572 3582 exterius
1613 3533 1893 3601 operatur.
1936 3527 2079 3598 Quia
2124 3542 2254 3599 ergo
2283 3526 2387 3582 Dei
2425 3525 2601 3581 Filius

578 3619 661 3668 est
688 3612 866 3684 ipsum
904 3609 1004 3669 Dei
1028 3611 1287 3679 Verbum,
1314 3628 1656 3689 consequens
1681 3620 1768 3672 est
1791 3624 1856 3673 ut
1892 3615 2040 3673 Deus
2063 3616 2246 3674 omnia
2273 3630 2374 3687 per
2397 3612 2601 3671 Filium

578 3694 791 3757 fecerit.
828 3699 1185 3775 Unaquaeque
1232 3707 1419 3761 autem
1461 3720 1550 3761 res
1595 3720 1692 3778 per
1719 3705 1913 3763 eadem
1957 3704 2038 3770 fit,
2085 3709 2144 3760 et
2187 3710 2507 3777 reparatur.
2547 3700 2601 3758 Si

582 3789 729 3846 enim
751 3789 947 3846 domus
974 3787 1215 3864 collapsa
1250 3791 1344 3863 sit,
1390 3809 1488 3866 per
1513 3793 1744 3850 sormam
1783 3792 1922 3849 artis
1949 3797 2256 3866 reparatur,
2288 3808 2390 3866 per
2429 3804 2606 3865 quam

583 3891 614 3932 a
642 3876 907 3951 principio
942 3878 1165 3937 condita
1205 3878 1329 3940 fuit.
1376 3882 1526 3943 Inter
1565 3888 1848 3939 creaturas
1897 3886 2084 3949 autem
2120 3897 2155 3939 a
2200 3882 2316 3940 Deo
2343 3880 2608 3938 conditas

584 3976 681 4034 per
722 3962 963 4025 Verbum
1006 3982 1185 4037 suum,
1233 3969 1472 4043 primum
1518 3968 1752 4043 gradum
1797 3975 1947 4027 tenet
1987 3977 2242 4031 creatura
2287 3966 2612 4039 rationali5,.
