2850 4517
552 307 673 369 362
1030 324 1083 367 s.
1127 322 1360 367 '1'quAE
1400 320 1729 371 ›nomm-ms
1771 317 2080 361 oruscum

554 416 761 503 cienter
796 439 865 495 ad
912 439 1421 511 salutem-operari,
1457 436 1558 493 nisi
1605 435 1803 509 aliquis
1830 432 2328 500 circumcisionem,
2361 440 2420 488 et
2457 430 2570 487 alia

556 527 691 599 legis
721 528 979 585 mandata
1009 527 1312 596 custodiat;
1337 532 1529 583 contra
1553 540 1690 598 quos
1720 524 2120 591 dicitur,R0m.
2151 537 2218 577 111
2253 538 2265 575 :
2295 518 2569 576 Arbitra-

553 632 680 671 τηαν
698 616 996 689 justificari
1036 615 1295 672 hominem
1330 632 1434 687 per
1469 614 1626 686 fidem
1669 613 1783 669 sim
1819 611 2064 684 operibus
2099 610 2246 682 leqis.
2281 609 2570 681 Secundus

555 712 639 761 est
665 722 815 761 error
847 706 1275 773 Donatistarum,
1304 705 1396 779 qui
1436 710 1736 777 posuerunt
1763 690 1999 773 gratiam
2044 699 2245 756 Christi
2287 698 2468 754 solum
2513 701 2569 754 in
2671 756 2682 769 ,

553 791 737 849 Africa
764 792 1107 859 remansisse,
1133 793 1263 865 quia
1288 790 1498 848 scilicet
1527 797 1676 847 totus
1701 788 1841 845 alius
1867 787 2102 843 mundus
2125 785 2570 844 communicabat

556 880 845 939 Caeciliano
870 879 1305 951 Carthaginiensi
1334 880 1622 952 Episcop0,
1646 892 1810 952 quem
1839 876 1941 949 ipsi
1963 874 2490 943 condemnaverunt,
2513 884 2568 929 et

557 956 610 1024 in
636 968 739 1024 hoc
768 970 1038 1040 negabant
1068 971 1336 1025 unitatem
1364 968 1644 1035 Ecclesiae,
1673 973 1866 1022 contra
1891 981 2030 1038 quos
2059 965 2281 1029 dicitur,
2307 964 2376 1019 ad
2409 964 2560 1019 Colo.

559 1072 626 1115 111
652 1074 663 1111 z
695 1058 759 1113 Ιη
788 1057 1000 1113 Christo
1024 1057 1150 1113 Iesu
1178 1074 1286 1114 non
1310 1065 1387 1114 est
1427 1056 1674 1121 Gentilis,
1705 1062 1755 1112 et
1781 1054 2020 1119 Judoeus,
2053 1060 2106 1109 et
2133 1052 2492 1117 circumcisio,
2517 1060 2568 1109 et

549 1146 907 1217 praepucium,
956 1146 1256 1212 Barbarae,
1310 1154 1362 1204 et
1412 1146 1622 1217 Scytha,
1661 1160 1844 1199 servus
1891 1150 1940 1197 et
1991 1142 2146 1207 liber,
2191 1142 2280 1197 sed
2329 1142 2568 1197 omnibns
2615 1190 2630 1196 -

560 1234 828 1292 Christus,
861 1236 1078 1293 Tertius
1102 1243 1185 1293 est
1215 1252 1364 1293 error
1396 1234 1828 1306 Pelagianorum,
1863 1234 1956 1305 qui
1983 1231 2206 1305 quidem
2247 1232 2427 1303 primo
2468 1247 2567 1287 ne·

559 1332 826 1396 gaverunt
874 1330 1158 1396 peccatum
1205 1324 1469 1396 originale
1515 1340 1634 1379 esse
1680 1324 1732 1378 in
1779 1321 2040 1395 parvulis,
2073 1327 2266 1376 contra
2313 1319 2368 1376 id
2419 1320 2566 1393 quod

558 1414 692 1466 dicit
716 1416 852 1485 Ap0.
880 1414 1038 1469 Rom.
1061 1429 1097 1467 v
1121 1430 1133 1467 ε
1161 1412 1271 1468 Per
1288 1428 1456 1469 unum
1480 1412 1739 1469 hominem
1759 1418 2029 1483 peccatum
2057 1410 2118 1464 in
2147 1410 2283 1465 hunc
2307 1409 2566 1465 mandam

555 1500 809 1565 intravit,
835 1508 885 1555 et
908 1517 1010 1573 per
1024 1509 1293 1573 peccatum
1317 1517 1483 1565 mors,
1507 1501 1589 1555 ita
1629 1508 1680 1557 et
1717 1500 1775 1554 in
1804 1515 1978 1555 omnes
2006 1498 2242 1555 homines
2269 1514 2414 1553 mors
2433 1514 2564 1570 per-

558 1588 802 1653 transiit,
828 1588 886 1644 in
916 1606 1015 1661 quo
1048 1606 1223 1645 omnes
1242 1597 1615 1662 peccaverunt.
1641 1582 1711 1647 Et
1757 1590 1810 1643 in
1839 1588 2041 1644 Psalm.
2068 1604 2121 1653 ι,
2153 1588 2358 1643 dicitur
2387 1604 2400 1641 ε
2435 1588 2563 1643 Ecce

558 1677 619 1731 in
644 1677 1017 1749 iniquitatibus
1058 1685 1330 1752 conceptus
1354 1696 1493 1735 sum.
1523 1678 1792 1746 Secundo,
1823 1678 2012 1734 dicunt
2044 1676 2192 1749 quod
2237 1676 2562 1749 principium

561 1765 687 1823 boni
735 1768 913 1839 operis
951 1770 1091 1825 inest
1132 1768 1401 1825 hominia
1443 1769 1642 1840 seipso,
1675 1768 1772 1825 sed
1812 1767 2210 1823 consummatio
2243 1774 2327 1822 est
2373 1782 2404 1821 a
2431 1768 2557 1831 Deo,

559 1862 749 1913 contra
785 1856 839 1911 id
868 1858 1014 1931 quod
1059 1857 1193 1913 dicit
1232 1862 1399 1930 Apos.
1446 1857 1642 1929 Philip.
1676 1873 1718 1913 11
1759 1874 1770 1911 z
1800 1858 1938 1912 Deus
1986 1855 2180 1927 estqui
2209 1861 2472 1927 operatur
2507 1855 2560 1909 in

560 1944 701 1999 vobis
735 1954 783 2001 et
820 1948 965 2013 velle,
988 1954 1035 2003 et
1072 1948 1325 2020 perficere
1346 1964 1452 2019 pro
1477 1946 1616 2001 bona
1641 1947 1928 2002 voluntate.
1974 1946 2178 2023 Tertia,
2213 1945 2406 2001 dicunt
2435 1960 2559 2015 gra-

562 2035 694 2089 tiam
719 2034 835 2091 dari
867 2036 1069 2093 homini
1116 2036 1415 2093 secundum
1459 2051 1557 2091 sua
1600 2036 1816 2105 merita,
1852 2041 2042 2089 contra
2083 2034 2134 2088 id
2165 2034 2314 2105 quod
2339 2034 2555 2097 dicitur,

560 2122 717 2179 Rom.
745 2140 809 2180 x1
842 2142 855 2179 :
885 2124 945 2179 Si
989 2132 1165 2197 autern
1204 2124 1387 2197 qratia
1414 2125 1534 2195 jam
1563 2140 1669 2179 mm
1702 2140 1766 2179 ea:
1802 2122 2064 2193 operibus,
2092 2122 2334 2194 alioquin
2381 2121 2555 2194 qratia

550 2213 668 2285 jam
696 2229 798 2268 non
829 2216 957 2269 esset
982 2214 1185 2285 qratia.
1218 2214 1460 2283 Quartus
1489 2228 1641 2268 error
1675 2220 1758 2269 est
1795 2212 2066 2283 OrigeniS,
2095 2213 2186 2283 qui
2231 2212 2416 2283 posuit
2444 2226 2556 2266 om-

560 2314 657 2354 nes
682 2302 891 2357 animas
924 2308 1137 2357 creatas
1182 2316 1306 2355 cum
1349 2300 1558 2371 angelis
1599 2300 1780 2366 simul,
1808 2309 1864 2355 et
1894 2316 1993 2373 pro
2025 2300 2348 2357 diversitate
2373 2317 2553 2357 eorum

559 2404 684 2461 quae
714 2390 784 2443 ibi
824 2398 1073 2459 egerunt,
1106 2389 1372 2460 quosdam
1408 2389 1654 2445 homines
1696 2389 1883 2445 vocari
1925 2405 1958 2444 a
1996 2390 2109 2444 Deo
2157 2406 2252 2461 per
2299 2391 2548 2460 gratiam,

559 2479 823 2550 quosdam
852 2478 1057 2531 veroin
1086 2476 1405 2533 infidelitate
1435 2476 1688 2550 relinqui,
1721 2484 1910 2534 contra
1940 2477 2088 2549 quod
2119 2477 2248 2533 dicit
2281 2480 2454 2551 Apes,
2493 2478 2549 2533 ad

559 2569 716 2623 Rom.
753 2582 815 2621 ix
848 2583 860 2619 z
896 2564 1026 2623 Cum
1050 2565 1283 2621 nondum
1308 2566 1428 2622 nati
1450 2574 1636 2631 essent,
1667 2573 1760 2622 aut
1795 2565 2000 2639 aliquid
2036 2565 2156 2621 boni
2196 2566 2436 2639 egissent,
2466 2574 2548 2621 aut

556 2654 706 2719 mali,
730 2662 791 2710 ut
818 2655 1103 2711 secundum
1130 2656 1424 2712 electionem
1448 2655 1780 2728 propositum
1807 2654 1907 2711 Dei
1929 2662 2188 2721 maneret,
2216 2671 2326 2711 non
2349 2672 2411 2710 ea:
2436 2672 2548 2727 ope-

558 2744 730 2809 ribus,
778 2744 866 2799 sed
898 2760 963 2799 ex
996 2752 1212 2801 vocante
1253 2745 1454 2801 dictum
1495 2751 1571 2801 est
1611 2744 1680 2810 ei,
1711 2744 1839 2815 quia
1877 2743 2055 2815 major
2091 2744 2288 2801 serviet
2337 2744 2542 2799 minori.

560 2834 814 2904 Quintus»,
856 2849 1008 2889 error
1053 2842 1139 2890 est
1184 2834 1621 2908 Catasrygarum,
1673 2834 1727 2889 id
1773 2841 1878 2901 est,
1931 2833 2194 2901 Montani,
2239 2834 2456 2904 Priscae,
2499 2841 2545 2890 et

558 2923 809 2989 Maxillae,
838 2921 932 2997 qui
970 2922 1159 2979 dicunt
1203 2923 1497 2995 prophetas
1543 2922 1698 2995 quasi
1746 2919 2062 2995 arreptitios
2103 2922 2292 2990 fuisse,
2325 2930 2378 2980 et
2415 2923 2540 2997 quod

559 3025 667 3067 non
692 3016 1151 3084 prophetaverunt
1181 3028 1278 3085 per
1313 3012 1577 3086 Spiritum
1619 3012 1898 3079 Sanctum,
1925 3019 2118 3067 contra
2161 3028 2302 3085 quos
2339 3013 2537 3076 dicitur,

557 3101 607 3154 11
636 3102 780 3155 Petr.
816 3117 835 3155 1
867 3118 879 3155 ε
911 3100 1035 3158 Non
1063 3102 1203 3157 enim
1240 3102 1508 3158 voluntate
1535 3101 1770 3157 humana
1797 3100 1963 3160 altato
2000 3107 2077 3156 est
2114 3102 2403 3173 aliquando
2427 3118 2538 3175 pro-

512 3220 514 3223 <
557 3188 756 3259 phetia,
786 3188 875 3243 sed
896 3188 1109 3260 Spiritu
1133 3190 1322 3247 Sancto
1345 3190 1606 3261 inspirati
1630 3190 1791 3246 locuti
1821 3197 1948 3246 sunt
1975 3191 2149 3247 sancti
2175 3191 2279 3246 Dei
2309 3193 2536 3247 homines.

559 3279 756 3335 Sextus
780 3283 864 3333 est
891 3293 1041 3333 error
1067 3278 1346 3341 Cerdonis,
1374 3280 1468 3351 qui
1499 3279 1672 3350 primo
1702 3278 1840 3336 dixit
1877 3280 2050 3337 Deum
2082 3280 2216 3352 legis
2243 3288 2298 3337 et
2329 3281 2538 3355 prophe-

561 3379 741 3425 tarum
773 3383 874 3423 non
906 3382 1024 3423 esse
1051 3373 1265 3439 patrem
1290 3366 1508 3433 Christi,
1543 3384 1641 3424 nee
1669 3368 1872 3425 bonum
1899 3370 2074 3425 Deum
2104 3385 2243 3437 esse,
2262 3372 2358 3427 sed
2388 3360 2538 3443 injus-

562 3467 678 3515 tum
709 3476 721 3511 :
755 3464 964 3531 patrem
1010 3471 1141 3512 vero
1184 3455 1383 3511 Christi
1425 3457 1627 3512 bonum
1669 3474 1806 3526 esse,
1855 3475 2019 3532 quem
2059 3460 2228 3515 etiam
2275 3459 2534 3517 Manichaei

560 3548 734 3604 secuti
762 3553 888 3602 sunt
922 3545 1095 3617 legem
1126 3544 1498 3618 reprobanteS,
1531 3553 1720 3603 contra
1750 3563 1888 3620 quos
1916 3548 2137 3616 dicitur,
2170 3538 2407 3606 Roman,
2429 3564 2534 3604 vn.

560 3638 677 3693 Lex
700 3634 907 3706 quidem
930 3641 1135 3699 sancta,
1167 3640 1217 3688 et
1241 3633 1553 3691 mandatum
1579 3641 1840 3701 sanctum,
1866 3642 1916 3691 et
1945 3636 2166 3705 iustum,
2197 3644 2248 3691 et
2273 3636 2478 3703 bonum,
2495 3642 2539 3691 et

559 3724 718 3789 Rom.
747 3739 785 3788 r,
808 3721 1035 3777 dicitur:
1063 3721 1210 3787 Quod
1234 3730 1357 3779 ante
1375 3724 1704 3796 promiserat
1723 3739 1823 3795 per
1838 3724 2127 3797 prophetas
2145 3741 2266 3780 suos
2295 3726 2353 3781 in
2379 3723 2536 3793 Scrip-

564 3812 706 3866 turis
734 3812 930 3866 sanctis
958 3810 1019 3865 de
1049 3810 1159 3882 filio
1187 3828 1299 3867 suo.
1327 3814 1603 3887 Septimus
1643 3830 1792 3869 error
1821 3822 1905 3870 est
1933 3830 2140 3881 eorum,
2175 3816 2272 3888 qui
2309 3814 2534 3888 quaedam

564 3913 690 3969 quae
716 3900 783 3953 ad
812 3898 1199 3969 perfectionem
1238 3903 1367 3958 vitae
1404 3905 1696 3974 pertinent,
1729 3911 1979 3959 asserunt
2009 3921 2129 3961 esse
2162 3906 2232 3961 ad
2263 3903 2534 3962 necessita<
