2850 4517
491 317 612 377 466
969 334 1025 381 s.
1069 332 1304 391 'rueme
1342 332 1672 385 neumam
1711 332 2023 378 ornacum

450 462 453 467 ·
492 449 586 507 bet
611 450 788 515 vitem
814 450 871 529 in
898 450 1100 523 seipso,
1128 449 1186 508 id
1229 456 1620 518 est,·naturam
1657 448 1844 509 vivam
1881 447 2206 522 spirantem,-
2235 450 2322 507 sie
2351 450 2510 509 dedit

494 547 550 595 et
582 538 695 596 filio
734 540 907 615 vitam
944 537 1144 595 habere
1184 537 1241 595 in
1281 539 1578 611 semetipso
1607 558 1660 607 ι,
1691 538 1797 601 hoe
1821 546 1926 605 est,
1959 539 2212 595 eamdem
2248 548 2511 599 naturam

494 628 685 699 genuit
713 630 770 684 in
797 628 908 702 filio
932 629 1232 701 spirantem
1260 628 1517 701 spiritum
1541 627 1746 685 vivum.
1776 627 1846 684 Et
1888 627 2030 687 infra
2058 628 2216 695 dicit,
2247 630 2427 704 patris
2455 638 2514 688 et

494 715 593 774 filii
638 733 962 788 unainesse
1006 718 1291 787 deitatem,
1322 716 1647 775 naturaiiter
1691 716 1990 791 spirantem
2032 733 2203 774 unum
2251 717 2513 790 spiritum

497 814 770 877 sanetum,
799 806 1105 879 Exquibus
1127 807 1311 863 verbis
1356 806 1610 873 habetur,
1634 806 1802 880 quod,
1826 806 2252 865 naturadivina
2298 808 2355 863 in
2397 808 2514 865 filio

496 896 571 953 sit
593 889 831 969 spirans.
850 898 1009 954 ἠοω
1031 881 1267 973 cyrillus
1292 896 1349 952 in
1374 892 1515 953 libro
1540 894 1943 953 'thesaurorum
1960 902 2153 953 eontra
2178 892 2474 953 haereticos
2491 914 2510 953 ε

499 1004 529 1039 α
561 986 749 1051 Virtus
788 986 1035 1042 increata
1058 992 1133 1043 'et
1169 985 1355 1058 genita
1398 984 1458 1042 in
1493 980 1626 1053 filio,
1649 978 1746 1041 filii
1774 988 1858 1041 est
1903 1001 2005 1059 per
2039 1001 2262 1043 omnem
2285 987 2512 1043 modum

496 1082 713 1132 naturae
737 1080 1003 1149 paternae.
1033 1093 1062 1127 ι
1089 1075 1159 1131 Et
1186 1076 1387 1133 iterum
1418 1091 1434 1131 ε
1473 1081 1500 1131 ἰ
1535 1076 1696 1133 Pater
1733 1074 1846 1143 filio,
1889 1072 2044 1131 dedit
2085 1076 2280 1143 vitam,
2314 1074 2370 1130 id
2400 1081 2507 1145 est,

499 1164 673 1221 vitam
712 1179 871 1221 suam
908 1163 1219 1221 naturalem
1256 1164 1448 1237 genuit
1492 1164 1549 1219 in
1587 1162 1719 1219 filio.
1755 1182 1782 1215 ιι
1812 1164 1952 1218 Item
1997 1162 2232 1219 Basilius
2271 1179 2286 1218 ε
2326 1184 2351 1217 ι
2386 1164 2510 1236 Ipse

498 1252 667 1319 filius,
697 1268 865 1326 quem
892 1253 989 1311 dat
1018 1248 1175 1309 nobis
1203 1259 1381 1326 pater,
1406 1258 1491 1308 est
1517 1252 1665 1307 Deus
1691 1251 1762 1307 de
1793 1252 1904 1306 Deo
1951 1251 2323 1333 essentialiter
2349 1253 2511 1323 geni-

500 1346 612 1408 tus,
641 1341 849 1399 habens
873 1342 931 1399 in
968 1358 1027 1398 se
1050 1348 1226 1397 totam
1248 1340 1546 1397 essentiam
1587 1341 1759 1412 patris
1793 1339 2060 1411 genitam.
2091 1358 2122 1391 ι
2159 1340 2299 1396 Item
2329 1339 2512 1397 Atha—

501 1429 690 1485 nasius
730 1430 865 1486 dioit
908 1430 965 1485 in
1002 1427 1249 1502 Epistola
1289 1428 1361 1485 ad
1399 1428 1772 1511 Serapionem,
1818 1429 2116 1485 essentiam
2151 1429 2396 1486 divinam
2451 1428 2512 1485 in

502 1517 699 1591 spiritu
742 1527 937 1576 saneto
972 1532 1093 1575 esse
1140 1518 1425 1591 spiratum,
1459 1516 1668 1585 dicens,
1701 1516 1846 1591 quod
1887 1518 2111 1591 spiritus
2147 1524 2374 1573 sanetus
2417 1524 2508 1573 est

502 1621 635 1662 vera
662 1613 717 1662 et
736 1605 1005 1663 naturalis
1026 1607 1209 1679 imago
1239 1605 1336 1661 filii
1360 1621 1461 1680 per
1491 1607 1759 1663 esentiam
1786 1606 2094 1664 omnimode
2117 1606 2186 1662 ab
2220 1604 2414 1662 eodem
2444 1604 2505 1663 i‘n

502 1710 563 1751 se
595 1695 883 1768 spii-atam.
910 1696 1015 1753 Hio
1048 1703 1235 1752 autem
1276 1696 1474 1752 modus
1507 1694 1765 1769 loquendi
1808 1694 2178 1753 calumniosus
2204 1698 2287 1751 est
2316 1710 2334 1750 ι
2363 1695 2512 1751 etin

454 1786 463 1795 ‘
503 1798 662 1841 sacro
693 1782 1055 1842 ‚Lateranensi
1092 1782 1325 1839 coneilio
1362 1783 1713 1857 reprobatum
1753 1792 1838 1841 est
1878 1784 2079 1856 dogma
2118 1782 2385 1851 Jonehim,
2413 1784 2512 1855 qui

503 1872 651 1929 huno
692 1873 916 1930 modum
964 1872 1222 1947 loquendi
1268 1881 1463 1929 eontra
1512 1871 1832 1945 magistrum
1880 1873 2102 1929 Petrum
2141 1871 2510 1929 Lornbardum

508 1960 799 2018 defendere
826 1962 1195 2037 praesumpsit.
1217 1962 1472 2019 Ostendit
1499 1962 1643 2017 enim
1671 1948 1977 2035 'praediotus
2012 1961 2282 2033 magister
2320 1963 2512 2017 Petrus

505 2051 561 2108 in
588 2050 781 2124 quinta
808 2051 1159 2109 distinctione
1184 2052 1341 2125 primi
1380 2050 1501 2107 iibri
1529 2052 1928 2115 sententiarum
1968 2062 2112 2125 quas
2137 2049 2332 2119 edidit,
2361 2050 2510 2123 quod

503 2141 811 2197 communis
864 2142 1101 2198 essentia
1134 2156 1241 2196 non
1279 2146 1523 2212 generat,
1571 2152 1675 2195 nee
1715 2140 1975 2212 gignitur,
2004 2152 2106 2195 nee
2147 2139 2420 2213 prooedit.
2442 2139 2513 2195 Et

504 2229 609 2287 hoe
632 2230 774 2296 ideo,
805 2229 935 2302 quia
956 2230 1011 2285 in
1038 2230 1239 2285 divinis
1262 2228 1540 2285 invenitur
1564 2228 1772 2301 aliquid
1795 2240 2084 2284 commune
2107 2228 2506 2296 indistinctum,

504 2324 561 2372 et
608 2317 815 2389 aliquid
852 2316 1001 2389 quod
1040 2317 1413 2387 distinguitur,
1465 2324 1520 2373 et
1557 2332 1667 2373 non
1704 2323 1790 2373 est
1835 2329 2143 2373 commune.
2187 2316 2329 2373 iilud
2379 2330 2513 2388 ergo

505 2405 652 2478 quod
680 2412 765 2461 est
786 2405 1155 2461 distinotionis
1178 2404 1319 2461 ratio
1348 2407 1403 2460 in
1424 2406 1647 2473 divinis,
1667 2419 1774 2462 nou
1799 2412 1980 2479 potest
2008 2405 2230 2472 attribui
2256 2406 2328 2470 ei,
2358 2406 2514 2479 quod

506 2502 589 2549 est
626 2504 913 2549 commune
954 2497 1013 2549 et
1051 2493 1452 2562 indistinctum,
1476 2494 1574 2551 sed
1615 2494 1790 2551 solum
1835 2493 1887 2550 ei
1929 2494 2074 2568 quod
2119 2491 2510 2566 distinguitur.

508 2580 666 2639 Nulla
692 2589 879 2639 autem
906 2581 1015 2639 alia
1047 2582 1414 2641 distinctionis
1438 2584 1580 2644 ratio
1625 2584 1682 2640 in
1717 2576 1920 2641 divinis
1963 2583 2255 2652 invenitur,
2286 2584 2393 2639 nisi
2442 2598 2514 2640 ex

511 2686 569 2726 eo
594 2672 741 2745 quod
778 2687 921 2728 unus
964 2678 1209 2744 generat,
1238 2680 1293 2751 et
1334 2673 1475 2729 alius
1515 2673 1780 2741 nascitur,
1803 2676 1863 2729 et
1902 2673 2043 2730 alius
2089 2672 2356 2747 precedit.
2385 2672 2512 2729 Non

504 2775 634 2832 ergo
660 2762 763 2817 hoc
789 2762 986 2834 ipsum,
1005 2762 1152 2835 quod
1178 2768 1265 2817 est
1290 2778 1572 2833 generare,
1587 2762 1672 2818 vei
1694 2762 1865 2830 nasei,
1892 2763 1978 2818 vei
2009 2760 2304 2835 procedere
2329 2770 2516 2835 potest

508 2850 763 2907 essentiae
790 2850 991 2907 divinis
1019 2850 1265 2918 attribui,
1284 2867 1409 2923 quae
1428 2856 1513 2907 est
1533 2852 1840 2911 eommunis
1867 2852 2167 2915 etomnino
2191 2851 2514 2909 indistincta

509 2940 566 2994 in
591 2940 766 2995 tribus
799 2939 1155 2995 PersoniS.1d
1194 2946 1380 2995 autem
1422 2940 1568 3013 quod
1607 2946 1692 2997 est
1730 2940 2050 2999 distinctum
2097 2939 2152 2995 in
2187 2940 2392 2996 divinis
2427 2947 2516 2996 est

508 3028 765 3093 Persona,
797 3026 882 3083 vel
922 3026 1249 3101 hypostasiS,
1280 3027 1365 3085 vei
1408 3030 1750 3102 suppositum
1775 3028 2000 3085 ‘divinae
2036 3034 2269 3095 naturae,
2313 3028 2368 3084 ici
2403 3037 2510 3097 est,

508 3108 658 3188 quod
684 3121 769 3171 est
792 3112 997 3172 habens
1024 3110 1267 3172 divinam
1295 3120 1566 3173 naturam.
1595 3116 1662 3173 Et
1703 3110 1827 3173 ideo
1873 3112 1964 3173 iiia
2001 3134 2128 3190 quae
2174 3114 2512 3189 significant,

506 3204 593 3259 vel
619 3218 923 3277 supponere
950 3210 1176 3278 possunt
1216 3219 1523 3277 personam,
1555 3200 1824 3278 recipiunt
1869 3213 2260 3278 congruentem
2303 3208 2510 3281 praedi·

504 3294 775 3349 cntionem
804 3292 1189 3365 generationis,
1216 3299 1313 3348 aut
1337 3294 1719 3368 processionis,
1748 3288 1891 3350 sicut
1921 3294 2040 3351 hoee
2069 3296 2288 3350 nomina
2315 3296 2516 3363 Potor,

438 3450 443 3453 ,
503 3382 701 3447 Filius,
724 3389 793 3439 et.
818 3381 1055 3455 Spiritus
1098 3388 1311 3437 sanctus
1348 3376 1660 3453 significant
1708 3392 1967 3457 personas
2003 3383 2421 3451 determinatas,
2455 3394 2518 3441 et

424 3462 435 3493 ³
503 3471 609 3527 hoe
632 3486 825 3527 nornen
852 3484 1102 3544 persona,
1132 3469 1217 3525 vei
1244 3469 1555 3543 hypostasis
1579 3472 1636 3527 in
1661 3472 1956 3545 communi.
1987 3467 2522 3529 Unde'convenien-

504 3569 590 3617 ter
612 3560 833 3625 dieitur,
866 3559 1011 3633 quod
1041 3561 1201 3615 Pater
1227 3569 1454 3629 generat
1481 3559 1696 3627 Filium,
1727 3567 1784 3615 et
1808 3554 1956 3633 quod
1989 3560 2160 3617 Filius
2207 3563 2458 3618 nascitur
2483 3580 2521 3621 a

504 3648 685 3714 Patre,
719 3650 774 3702 et
798 3646 943 3719 quod
972 3645 1205 3718 Spiritus
1229 3653 1452 3703 sanetus
1479 3648 1728 3721 procedit
1753 3662 1784 3704 a
1813 3649 1972 3704 Patre
1997 3655 2052 3703 et
2075 3647 2246 3705 Filio:
2269 3656 2326 3705 et
2349 3650 2525 3707 simi-

505 3734 633 3790 liter
658 3736 805 3807 quod
846 3736 1082 3791 Persona
1105 3742 1345 3807 generet,
1377 3735 1465 3791 vel
1501 3736 1674 3809 spiret
1716 3746 2029 3811 personam,
2051 3744 2151 3795 aut
2193 3746 2520 3810 generetur,

508 3829 605 3877 aut
632 3823 867 3894 spiretur
903 3836 936 3879 a
968 3832 1217 3896 persona.
1248 3824 1364 3882 Hoc
1400 3832 1587 3882 autem
1629 3834 1827 3885 nomen
1869 3826 2032 3893 Dm,
2063 3826 2193 3901 quia
2233 3826 2524 3900 signifieat

512 3908 802 3965 essentiam
838 3922 1181 3968 communem
1221 3921 1319 3989 per
1357 3914 1580 3976 modum
1607 3914 1871 3985 uenerati,
1899 3916 2176 3995 signifieat
2215 3916 2364 3973 enim
2413 3916 2528 3972 ha-
