2850 4517
525 292 608 353 58
1008 306 1058 350 s.
1104 305 1338 351 τιιοιωι
1375 305 1705 356 novimum
1745 304 2055 351 croscum

523 422 656 479 ideo
675 421 948 485 alteratio
978 436 1104 497 quae
1131 430 1215 478 est
1243 428 1425 479 motus
1454 422 1509 478 in
1538 420 1824 495 qualitate,
1858 436 1967 477 una
2001 426 2056 478 et
2097 418 2357 478 continua
2386 418 2543 477 exis-

528 516 665 579 tene,
695 510 765 566 de
788 510 1032 584 potentia
1074 511 1143 568 ad
1167 518 1352 568 actum
1377 510 1625 596 procedit
1652 511 1722 568 de
1763 508 2084 583 imperfecto
2111 508 2178 566 ad
2210 507 2543 581 peifectum.

527 598 721 657 Forma
745 613 878 656 vero
905 598 1030 657 subs
1036 600 1280 657 tantialis
1320 615 1429 657 non
1467 602 1675 674 recepit
1719 600 1894 673 magis
1918 604 1977 656 et
2018 598 2219 665 minus,
2264 595 2393 669 quia
2418 613 2545 652 esse

529 686 886 745 substantiale
935 688 1363 761 uniuscujusque
1407 695 1493 743 est
1542 687 1948 744 indivisibiliter
1999 702 2057 743 se
2107 685 2331 742 habens.
2385 684 2545 743 Unde

528 776 794 833 naturalis
841 777 1124 849 generatio
1169 792 1278 832 non
1318 775 1567 851 procedit
1611 776 1868 834 continue
1917 790 2015 849 per
2052 774 2222 830 multa
2259 772 2441 830 media
2468 771 2546 829 de

529 863 848 936 imperfecto
889 865 958 921 ad
999 863 1322 936 perfectum,
1367 864 1463 921 sed
1511 871 1731 939 oportet
1770 880 1893 921 esse
1938 862 2009 921 ad
2052 862 2296 935 singulos
2336 860 2546 933 gradus

528 951 879 1025 perfectionis
920 966 1116 1009 novam
1147 952 1557 1024 generationem
1595 959 1655 1008 ει
1694 951 2119 1026 corruptionem.
2156 951 2249 1009 Sic
2289 949 2457 1023 igitur
2482 948 2545 1005 in

529 1040 882 1113 generatione
922 1039 1156 1097 bominis
1183 1049 1508 1115 conceptum
1549 1040 1771 1115 quidem
1800 1041 1977 1116 primo
2012 1040 2153 1096 vivit
2182 1040 2294 1096 vita
2335 1038 2548 1114 ptantae

530 1146 628 1203 per
655 1130 893 1185 animam
923 1128 1304 1201 vegetabilem,
1335 1131 1534 1188 deinde
1562 1138 1771 1189 remota
1813 1130 1918 1187 bac
1965 1130 2138 1187 forma
2165 1142 2262 1201 per
2308 1142 2547 1202 corrup-

533 1220 756 1283 tionem,
787 1218 1026 1291 acquirit
1053 1220 1291 1292 quadam
1330 1219 1437 1278 alia
1466 1221 1818 1292 generatione
1852 1219 2091 1276 animam
2120 1215 2453 1281 sensibilem,
2484 1221 2547 1272 et

533 1306 670 1364 vivit
701 1306 812 1363 vita
851 1306 1120 1374 animalis,
1165 1308 1362 1365 deinde
1391 1318 1601 1366 remota
1628 1308 1733 1365 hac
1758 1308 1942 1365 anima
1980 1322 2077 1379 per
2114 1305 2541 1381 corruptionem,

535 1394 900 1451 introducitur
920 1396 1094 1454 forma
1135 1395 1327 1454 ultima
1360 1406 1418 1454 et
1441 1398 1731 1472 completa,
1772 1412 1898 1471 quae
1922 1404 2004 1453 est
2033 1396 2217 1453 anima
2257 1393 2549 1452 rationalis

533 1481 998 1554 comprehendens
1027 1484 1087 1542 in
1115 1498 1176 1542 se
1197 1484 1460 1559 quicquid
1502 1484 1891 1557 perfectionis
1878 1501 1934 1540 ιιι
1964 1481 2400 1557 praecodentibus
2426 1479 2551 1537 for-

537 1570 642 1628 mis
669 1580 808 1629 erat.

1242 1743 1525 1814 CAPUT
1590 1745 1828 1813 XCIII.

716 1882 808 1950 De
821 1884 1214 1967 productione
1240 1886 1835 2039 animoedrationalis,
1866 1880 2027 1967 qu‘od
2050 1900 2170 1948 non
2190 1884 2277 1950 sit
2300 1902 2374 1949 ex

1349 1981 1449 2039 tra
1492 1976 1727 2039 tortione

540 2156 542 2159 ,
611 2110 742 2167 Haec
764 2115 948 2166 autem
972 2110 1164 2167 ultima
1189 2116 1247 2165 et
1272 2110 1545 2181 completa
1572 2110 1764 2173 forma,
1792 2108 2002 2166 scilicet
2029 2108 2209 2165 anima
2238 2106 2543 2177 rationalis,

541 2212 648 2253 non
673 2197 959 2267 educitur
947 2214 1002 2253 ιιι
1029 2213 1150 2253 esse
1175 2214 1207 2254 a
1236 2197 1440 2253 virtute
1468 2212 1594 2272 quae
1620 2206 1705 2253 est
1735 2198 1788 2254 in
1828 2196 2053 2261 semine,
2080 2197 2177 2254 sed
2216 2212 2249 2253 a
2275 2196 2545 2271 superiori

544 2291 758 2355 agente.
783 2284 970 2340 Virtus
992 2286 1136 2341 enim
1166 2300 1289 2359 quae
1318 2292 1402 2343 est
1425 2285 1482 2341 in
1524 2287 1749 2354 semine,
1782 2294 1865 2343 est
1892 2288 2066 2343 virtus
2088 2287 2332 2358 corporis
2356 2286 2548 2358 cujus-

543 2372 690 2428 da'm.
730 2372 926 2429 Anima
947 2374 1093 2430 enirn
1121 2373 1405 2431 rationalis
1430 2375 1647 2432 excedit
1688 2390 1905 2433 omnem
1933 2376 2179 2448 corporis
2207 2382 2459 2432 naturam
2488 2382 2547 2430 et

545 2462 826 2527 virtutem,
849 2477 975 2518 cum
1011 2462 1080 2517 ad
1109 2464 1228 2534 ejus
1263 2462 1684 2521 intellectualem
1712 2465 2087 2537 operationem
2115 2462 2319 2519 nullum
2347 2478 2549 2535 corpus

543 2550 854 2623 pertingere
895 2550 1086 2624 possit.
1118 2553 1253 2608 Cum
1297 2552 1466 2625 igitur
1512 2553 1644 2610 nihil
1682 2562 1812 2626 aget
1837 2554 1980 2610 ultra
2008 2568 2165 2610 suam
2192 2553 2448 2627 speciem,
2478 2567 2547 2607 eo

543 2638 690 2711 quod
719 2654 885 2711 agens
909 2639 1253 2697 est'nobilius
1282 2643 1545 2715 patiente,
1590 2649 1646 2698 et
1675 2642 1877 2699 faciens
1906 2644 2071 2709 sacto,
2101 2641 2433 2716 impossibile
2460 2649 2547 2698 est

542 2727 690 2801 quod
710 2728 884 2785 virtus
907 2727 1137 2802 alicujus
1155 2728 1398 2803 corporis
1417 2732 1685 2804 producat
1709 2731 1946 2788 animam
1973 2730 2295 2788 rationalem
2324 2748 2336 2785 :
2369 2745 2547 2802 neque

545 2816 710 2889 igitur
746 2816 922 2874 virtus
957 2834 1083 2891 quae
1109 2825 1194 2875 est
1234 2819 1290 2876 in
1330 2820 1559 2879 semine.
1591 2820 1801 2888 Adhuc,
1834 2820 2134 2877 secundum
2172 2818 2319 2893 quod
2343 2833 2545 2875 unum-

541 2904 818 2981 quodque*
840 2907 1004 2965 habet
1041 2925 1160 2965 esse
1187 2910 1257 2966 de
1286 2926 1446 2977 nove,
1478 2912 1558 2968 sic
1582 2911 1649 2966 de
1682 2926 1824 2966 novo
1864 2910 2129 2982 competit
2151 2910 2201 2965 ei
2251 2907 2385 2974 fieri,
2418 2922 2545 2963 nam

543 2995 662 3069 ejus
685 3004 768 3053 est
795 2994 930 3063 fieri,
963 2998 1121 3069 cujus
1144 3003 1230 3053 est
1269 3005 1325 3053 et
1353 3014 1474 3055 esse
1518 3015 1532 3053 t
1578 2997 1645 3053 ad
1687 2998 1792 3054 hoc
1820 3000 1965 3055 enim
1995 2998 2201 3071 aliquid
2240 2998 2319 3062 fit,
2349 3005 2409 3053 ut
2449 2998 2541 3053 sit.

543 3084 637 3140 Eis
679 3085 844 3156 igitur
871 3080 996 3157 quae
1035 3085 1334 3142 secundum
1371 3101 1432 3142 se
1470 3086 1669 3142 habent
1707 3102 1844 3155 esse,
1880 3087 2141 3159 competit
2186 3102 2281 3160 per
2316 3102 2375 3143 se
2405 3085 2543 3150 fieri,

543 3171 688 3229 sicut
714 3172 875 3230 rebus
897 3173 1351 3231 subsistentibus:
1382 3174 1464 3231 eis
1479 3181 1664 3232 autem
1687 3192 1813 3249 quae
1842 3193 1937 3249 per
1964 3193 2024 3233 se
2043 3193 2147 3234 non
2175 3175 2376 3233 babent
2402 3191 2542 3243 esse,

544 3276 650 3318 non
677 3260 938 3335 competit
967 3279 1062 3335 ρει·
1100 3278 1159 3319 εε
1181 3263 1318 3329 fieri,
1351 3264 1495 3321 sicut
1531 3264 1907 3343 accidentibus
1948 3274 2004 3322 et
2028 3266 2216 3323 formis
2242 3263 2547 3322 materiali-

544 3350 667 3406 bus·
693 3352 888 3408 Anima
913 3360 1098 3410 autern
1121 3352 1404 3410 rationalis
1425 3352 1723 3411 secundum
1752 3371 1811 3411 se
1835 3354 1997 3412 habet
2026 3370 2164 3419 esse,
2190 3355 2320 3428 quia
2344 3368 2546 3410 secun-

542 3440 674 3495 dum
701 3455 760 3496 se
789 3439 951 3497 habet
979 3442 1370 3515 operationem,
1411 3450 1473 3499 ut
1518 3459 1587 3502 ex
1622 3442 1787 3501 dictis
1813 3450 1985 3519 patet,
2018 3444 2218 3502 animae
2256 3442 2425 3514 igitur
2453 3457 2547 3498 ra·

544 3527 734 3584 tionali
769 3528 1070 3586 secundum
1091 3538 1177 3583 se·
1203 3530 1467 3602 competit
1496 3530 1632 3588 fieri.
1662 3532 1795 3589 Cum
1822 3530 1990 3601 igitur
2011 3545 2119 3588 non
2147 3529 2218 3587 sit
2242 3529 2547 3601 composita

547 3634 612 3675 ex
642 3616 868 3682 'materia
898 3626 954 3674 et
981 3612 1172 3683 forma,
1203 3624 1264 3673 ut
1307 3633 1471 3693 supra
1500 3628 1777 3676 ostensum
1820 3624 1924 3685 est,
1966 3624 2215 3692 sequitur
2254 3616 2399 3691 quod
2438 3634 2547 3675 non

513 3722 643 3785 pos
617 3707 718 3763 sit
745 3706 904 3764 educi
952 3706 1005 3761 in
1033 3721 1154 3763 esse
1177 3702 1296 3763 nisi
1334 3723 1431 3780 per
1467 3707 1799 3765 creationem
1844 3723 1859 3762 z
1904 3706 2073 3763 solius
2100 3711 2284 3763 autem
2321 3706 2421 3763 Dei
2462 3710 2550 3763 est

548 3811 756 3865 creare,
786 3801 846 3853 ιιι
865 3780 1029 3867 'supra
1057 3803 1336 3852 ostensum
1364 3799 1467 3863 est,
1502 3811 1535 3851 a
1563 3797 1679 3851 solo
1718 3796 1787 3868 ig
1801 3803 1887 3852 tur
1912 3796 2023 3852 Deo
2052 3796 2235 3853 anima
2264 3795 2551 3853 rationalis

551 3884 605 3943 in
629 3896 749 3943 esse
772 3884 1110 3959 producitur.
1137 3886 1252 3943 Hoc
1269 3878 1435 3945 etiam
1456 3883 1849 3945 rationabiliter
1868 3885 2091 3944 accidit.
2118 3884 2380 3945 Videmus
2402 3884 2549 3955 ειιίιιιΙ
