2850 4517
519 388 601 461 42
997 414 1047 457 e.
1091 410 1334 459 *monne
1355 407 1695 462 namna-ns
1734 403 2048 457 οιύεσυιιι

1159 546 1168 555 ι
1201 600 1510 678 CAPUT
1551 544 1827 678 mxv.

675 749 881 830 Quod
897 748 1172 832 quadam
1193 754 1340 821 eunt
1359 747 1719 819 substantia
1738 742 2202 825 intellectuales,
2227 760 2361 828 quo
2456 810 2461 813 .
2509 804 2521 814 ,

1075 904 1084 915 ,
1135 838 1565 906 immateriales
1590 838 1909 903 dicuutur.
2014 856 2017 861 ·

591 974 889 1035 Praedictas
905 980 1090 1033 autem
1113 971 1449 1031 substantias
1469 987 1608 1045 quas
1626 970 2019 1029 immateriales
2033 950 2290 1039 diximuS,
2309 984 2537 1030 necesse

519 1072 606 1123 est
650 1065 818 1121 etiam
846 1061 1248 1120 intellectuales
1286 1076 1429 1119 esse.
1460 1060 1543 1118 Ex
1581 1060 1685 1118 hoe
1721 1062 1869 1118 enim
1909 1059 2121 1135 aliquid
2160 1058 2537 1117 intellectuale

516 1160 625 1223 est,·
655 1152 802 1229 quod
835 1154 1079 1209 immune
1103 1158 1190 1209 est
1223 1166 1256 1210 a
1297 1151 1551 1220 motoria,
1578 1150 1726 1225 quod
1754 1164 1823 1206 ex
1857 1150 1976 1223 ipso
2005 1146 2346 1221 intelligendi
2373 1148 2538 1209 modo

521 1243 731 1319 percipi
759 1248 985 1338 potest:
1011 1240 1355 1313 intelligibile
1399 1242 1548 1298 enim
1593 1240 1650 1297 ln
1678 1244 1828 1309 actu,
1848 1246 1919 1296 et
1956 1237 2273 1295 intellectus
2305 1236 2361 1294 in
2405 1243 2539 1297 actu

521 1338 650 1391 sunt
675 1344 864 1388 unum.
905 1330 1252 1388 Manifestum
1280 1336 1365 1388 est
1407 1338 1593 1388 autem
1622 1327 1831 1403 aliquid
1865 1342 1985 1385 esse
2030 1335 2157 1385 actu
2187 1325 2537 1400 intelligibile

519 1438 616 1497 per
635 1420 758 1495 hoc,
789 1419 936 1493 quod
960 1411 1044 1477 est
1071 1437 1105 1478 a
1128 1422 1360 1477 materia
1383 1424 1735 1493 separatum:
1758 1432 1887 1475 nam
1909 1416 2053 1475 etde
2076 1416 2240 1473 rebus
2264 1417 2535 1473 materia·-

523 1509 665 1566 libus
693 1492 1120 1567 intellectualem
1155 1509 1525 1582 cognitionem
1561 1507 1762 1564 habere
1804 1520 1911 1564 non
1938 1518 2248 1585 possumus,
2294 1504 2398 1562 nisi
2442 1520 2542 1579 per

523 1587 968 1671 abstractionem
989 1615 1022 1657 a
1061 1602 1314 1679 materia.
1344 1596 1503 1664 Unde
1527 1602 1747 1680 oportet
1780 1596 1931 1667 idem·
1962 1596 2232 1670 judicium
2268 1593 2337 1651 de
2370 1594 2543 1652 intel-

524 1688 672 1747 lectu
698 1702 838 1755 esse,
870 1694 931 1745 ut
966 1688 1178 1746 scilicet
1216 1704 1344 1764 quae
1381 1694 1511 1745 eunt
1540 1678 1926 1752 immateriale,
1972 1686 2083 1741 sint
2118 1684 2539 1741 intellectualia.

525 1778 683 1845 Item,
701 1774 1024 1834 substantiae
1043 1774 1451 1844 immateriales,
1475 1782 1603 1832 sunt
1618 1774 1813 1847 primoe
1832 1778 1889 1837 et
1909 1786 2183 1845 supremae
2207 1771 2263 1829 in
2281 1762 2535 1827 entibus:

526 1867 655 1923 nani
683 1872 841 1923 aetus
881 1864 1206 1923 naturaliter
1235 1869 1323 1921 est
1361 1866 1513 1953 prior
1548 1862 1815 1937 potentia.
1848 1852 2114 1919 omnibus
2143 1864 2331 1919 autem
2374 1860 2541 1921 rebus

525 1960 754 2029 apparet
776 1954 1089 2012 intellectus
1111 1970 1232 2011 esse
1259 1955 1553 2029 superior:
1578 1952 1890 2009 intellectus
1913 1952 2061 2007 enim
2090 1952 2266 2006 utitur
2288 1962 2545 2024 corpora·

447 2051 458 2060 ⁹
527 2044 667 2102 libus
690 2046 850 2118 quasi
878 2038 1281 2101 instrumentis·
1308 2042 1545 2117 Oportet
1581 2044 1753 2115 igitur
1779 2039 2120 2121 substantias
2144 2036 2543 2126 immateriales

525 2132 925 2190 intellectuales
956 2148 1096 2189 esse.
1134 2132 1348 2200 Adhuc,
1378 2136 1587 2205 quanto
1615 2131 1803 2205 aliqua
1829 2116 1959 2187 sunt
1988 2128 2271 2202 superiora
2306 2128 2360 2183 in
2384 2113 2544 2183 enti-

526 2222 647 2289 bus,
680 2228 834 2279 tanto
872 2221 1047 2293 magis
1073 2220 1391 2294 pertingunt
1421 2220 1495 2277 ad
1522 2220 1937 2277 similitudinem
1972 2219 2028 2275 dl
2034 2220 2235 2276 (lnam
2272 2216 2543 2275 Videmus

526 2311 673 2367 enim
692 2326 778 2366 res
796 2310 1066 2383 quasdam
1088 2308 1262 2366 infimi
1282 2309 1487 2381 gradus
1505 2310 1837 2383 participare
1859 2308 2105 2373 divinam
2123 2306 2541 2364 similitudinem

527 2393 796 2487 qnantum
843 2398 914 2456 ad
961 2414 1082 2455 esse
1132 2407 1365 2479 tantum,
1422 2398 1575 2455 velut
1625 2399 1927 2457 inanimata
1984 2396 2301 2472 ·quaedam
2350 2388 2541 2453 autem

528 2480 793 2561 quantum
822 2487 893 2552 ad
921 2502 1042 2545 esse
1066 2494 1121 2543 et
1158 2487 1364 2556 vivere,
1393 2492 1457 2545 ut
1482 2488 1685 2562 plantae
1716 2505 1730 2544 ι
1771 2488 2025 2561 quaedam
2054 2494 2237 2545 autem
2268 2471 2539 2569 quantuni

528 2578 599 2633 ad
632 2577 856 2645 sentire,
897 2582 959 2631 ut
991 2576 1250 2634 animalia
1290 2594 1305 2633 ι
1339 2590 1635 2654 supremus
1666 2585 1851 2635 autem
1894 2578 2088 2634 modus
2120 2583 2206 2633 est
2234 2592 2332 2651 per
2369 2573 2545 2631 intel-

530 2664 752 2731 lectum,
790 2672 848 2723 et
888 2666 1125 2723 maxime
1160 2664 1274 2723 Deo
1310 2665 1660 2729 conveniens,
1713 2668 1995 2739 Supremae
2045 2667 2215 2739 igitur
2264 2672 2539 2723 creaturae

525 2761 654 2809 sunt
685 2752 1132 2831 intellectuales:
1162 2761 1220 2813 et
1258 2756 1390 2831 quia
1427 2755 1570 2813 inter
1603 2762 1835 2813 caeteras
1863 2764 2147 2814 creaturas
2174 2754 2351 2828 magis
2372 2770 2408 2812 a
2435 2750 2539 2811 Dei

523 2842 938 2907 similitudinem
962 2845 1250 2917 accedunt,
1295 2853 1520 2951 propter
1553 2845 1659 2903 hoc
1705 2846 1963 2903 dic-untur
2000 2844 2071 2903 ad
2099 2846 2394 2917 imaginem
2434 2829 2541 2903 nel

523 2934 858 3023 constitutae.

1203 3104 1490 3173 CAPUT
1543 3101 1853 3175 LXXVI.

525 3206 530 3209 Ι
577 3195 608 3289 -v
660 3312 666 3315 ,
751 3246 1058 3323 Quomodo
1083 3246 1236 3312 tales
1259 3246 1623 3311 nammatio
1640 3254 1787 3313 aaut
1804 3248 2067 3313 arbitrio
2094 3248 2315 3313 ubero

594 3380 695 3435 Per
719 3379 824 3463 hoe
843 3384 1027 3437 autem
1052 3380 1378 3449 ostenditur,
1402 3381 1549 3455 quod
1573 3388 1701 3439 sunt
1726 3382 1955 3441 arbitrio
1984 3380 2189 3440 liberae.
2214 3380 2539 3442 Intellectus

521 3468 668 3527 enim
698 3484 804 3526 non
829 3470 944 3543 agit
969 3477 1064 3528 aut
1083 3469 1294 3545 appetit
1321 3469 1441 3527 sine
1454 3470 1687 3545 Judicio,
1715 3472 1859 3532 sicut
1889 3472 2209 3539 inanimata,
2240 3489 2421 3547 neque
2448 3476 2537 3531 est

515 3556 788 3631 iudicium
823 3558 1136 3617 intellectus
1175 3572 1243 3617 ex
1283 3561 1519 3618 naturali
1563 3562 1771 3636 impetu
1812 3558 1957 3617 sicut
1993 3562 2051 3617 iit
2081 3560 2294 3628 hrutis;
2322 3560 2422 3617 sed
2466 3562 2541 3627 ex',

522 3649 741 3723 propria
769 3648 1200 3721 apprehensione
1227 3666 1242 3706 ε
1273 3651 1401 3723 quia
1432 3651 1743 3707 intellectus
1766 3652 1937 3728 etiam
1975 3651 2137 3707 finem
2164 3642 2449 3723 cognoscit
2478 3648 2539 3709 εἰ

521 3737 577 3793 id
607 3739 753 3811 quod
781 3746 866 3795 est
895 3739 966 3795 ad
995 3738 1178 3806 finem,
1209 3744 1266 3795 et
1294 3738 1672 3797 habitudinem
1706 3740 1871 3797 unius
1898 3739 1969 3797 ad
2008 3739 2263 3796 alterum.
2296 3740 2365 3797 Et
2407 3740 2535 3798 ideo

522 3825 638 3899 ipse
679 3825 766 3883 sui
793 3826 990 3900 judicii
1031 3842 1200 3885 causa
1244 3843 1366 3885 esse
1400 3825 1609 3900 polest,'
1632 3822 1744 3903 dfuo
1784 3837 2011 3903 appetet
2046 3838 2104 3885 et
2142 3836 2273 3901 agat
2319 3828 2533 3903 aliquid

521 3923 746 3987 propter
769 3917 932 3973 tinem
958 3933 973 3971 ι
1003 3915 1234 3974 liberum
1253 3924 1438 3975 autem
1458 3918 1713 3987 dicimus,
1740 3918 1888 3991 quod
1910 3919 1997 3975 sui
2024 3933 2194 3976 causa
2214 3921 2319 3975 est.
2342 3923 2535 3993 Appe-

527 4001 597 4058 tit
619 4002 790 4073 igitur
819 4012 878 4061 et
916 4005 1032 4078 agit
1058 4006 1371 4067 intellectus
1396 4006 1571 4067 libero
1597 4006 1827 4081 judicio,
1865 4007 2015 4081 quod
2042 4016 2273 4067 estesse
2296 4008 2533 4067 liberum
