2850 4517
782 361 947 412 ι.·-
972 359 1374 409 ceurennum
1427 351 1792 401 ‘racemum
1975 323 1982 329 ’
2179 336 2295 399 157

1001 574 1283 645 CAPUT
1329 573 1585 642 CCXV.

808 722 905 788 Do
928 719 1235 799 infinitate
1258 676 1484 797 qratioe
1531 686 1784 777 Christi.

362 862 461 925 Est
504 865 692 919 autem
732 854 1013 930 proprium
1066 848 1282 917 christi,
1332 847 1480 923 quod
1525 848 1645 919 ejus
1691 844 1870 917 gratia
1911 844 1985 899 sit
2043 844 2303 902 infinita:

300 953 425 1027 quia
454 945 757 1007 secundum
786 940 1159 1013 testimonium
1184 936 1409 993 loannis
1432 934 1711 1007 Baptistoe,
1743 946 1853 987 non
1905 931 1978 987 ad
2003 947 2307 987 mensuram

300 1044 388 1099 dat
413 1040 559 1097 Deus
576 1034 831 1108 spiritum
854 1028 1055 1087 homini
1084 1026 1323 1092 Christo,
1339 1029 1401 1081 ut
1427 1023 1648 1085 dicitur,
1666 1020 1823 1077 Joan.
1853 1035 1951 1089 11¹3
1979 1020 2104 1077 aliis
2125 1028 2308 1076 autem

302 1134 462 1189 datur
482 1127 711 1201 spiritus
739 1121 807 1178 ad
836 1131 1168 1185 mensuram,
1198 1114 1496 1172 secundum
1527 1110 1660 1167 iliud
1704 1109 1772 1167 ad
1811 1108 2012 1182 EpheS.
2037 1125 2096 1166 ιν
2124 1126 2137 1165 :
2172 1110 2310 1168 Um·-

303 1221 487 1291 cuique
530 1218 775 1271 nostrum
821 1208 952 1265 data
991 1212 1067 1263 est
1112 1202 1297 1277 qratia
1341 1201 1626 1258 secundum
1667 1213 1973 1256 mensuram
2007 1198 2313 1255 donat-ionis

305 1306 527 1369 Christi.
560 1304 629 1359 Et
653 1299 877 1375 quide-m
914 1296 960 1353 si
990 1296 1093 1352 hoc
1135 1293 1405 1350 reseratur
1445 1289 1516 1347 ad
1563 1290 1798 1363 gratiam
1839 1288 2076 1355 unioniS,
2110 1286 2314 1344 nullam

306 1395 703 1457 dubitationem
733 1387 900 1445 habet
925 1384 1072 1459 quod
1106 1381 1330 1439 dicitur.
1360 1380 1501 1437 Nam
1531 1378 1654 1435 aliis
1695 1377 1915 1451 quidem
1961 1376 2171 1433 sanctis
2211 1378 2313 1431 da-

310 1494 423 1543 tum
453 1492 540 1541 est
566 1479 730 1546 Deos,
765 1483 861 1534 aut
889 1474 1054 1531 Filios
1081 1472 1181 1528 Dei
1211 1485 1333 1527 esse
1360 1484 1458 1543 per
1486 1461 1964 1541 participationem
1995 1482 2061 1520 ex
2097 1463 2316 1519 influen-

309 1573 642 1643 tiaaiicujus
670 1566 817 1633 doni,
845 1562 990 1639 quod
1022 1562 1153 1635 quia
1176 1565 1424 1617 creatum
1450 1563 1553 1623 est,
1585 1570 1809 1611 necesse
1837 1562 1922 1611 est
1943 1554 2141 1627 ipsum,
2174 1553 2316 1609 sicut

310 1673 363 1722 et
392 1648 625 1719 caeteras
651 1663 953 1717 creaturaS‚
982 1664 1102 1707 esse
1138 1648 1413 1705 infinitum
1447 1664 1460 1699 ε
1491 1645 1587 1701 sed
1617 1643 1835 1701 Christo
1868 1643 2168 1699 secundum
2209 1642 2318 1698 hu-

312 1767 531 1811 manam
550 1754 803 1806 naturam
826 1742 1017 1799 datum
1042 1746 1145 1805 est,
1178 1743 1240 1792 ut
1270 1736 1344 1792 sit
1378 1733 1478 1790 Dei
1515 1731 1683 1789 Filius
1726 1747 1832 1787 non
1871 1746 1968 1804 per
2011 1730 2314 1804 participa-

312 1842 539 1905 tionem,
568 1836 663 1893 sed
688 1848 783 1906 per
826 1835 1101 1885 naturam.
1130 1822 1413 1880 Naturalis
1450 1827 1636 1877 autem
1665 1818 1925 1874 divinitas
1952 1826 2038 1873 est
2076 1820 2288 1875 infinita
2317 1824 2322 1831 '

311 1932 384 1987 Ex
434 1930 559 2000 ipsa
604 1917 1009 1993 igitur³unione
1056 1912 1270 1985 accepit
1312 1909 1520 1966 donum
1564 1907 1839 1962 infinitum
1886 1920 1902 1960 z
1945 1905 2089 1961 unde
2144 1907 2322 1977 gratia

316 2014 538 2075 unionis
574 2010 781 2081 absque
823 2002 972 2061 omni
1010 2000 1353 2057 dubitatione
1380 2004 1467 2053 est
1510 1995 1746 2051 infinita.
1777 1994 1914 2049 Cum
1951 1994 2096 2049 enim
2133 1993 2328 2065 hujus-

316 2092 461 2165 modi
518 2098 703 2175 gratia
752 2096 825 2151 sit
870 2082 1039 2149 etiam
1082 2090 1286 2147 donum
1323 2093 1590 2152 creatum,
1631 2079 1880 2139 confiteri
1923 2089 2141 2155 oportet
2183 2082 2326 2155 quod

320 2196 520 2255 habeat
554 2186 849 2245 essentiam
887 2180 1119 2237 finitam.
1156 2179 1342 2233 Potest
1380 2170 1566 2231 tamen
1607 2172 1714 2228 dici
1748 2171 1960 2227 infinita
1992 2168 2193 2243 triplici
2235 2164 2332 2228 rad

270 2281 279 2293 “
324 2288 490 2342 tione.
516 2278 699 2336 Primo
740 2271 1068 2348 quidemnex
1109 2270 1266 2339 parte
1308 2262 1647 2336 recipientia.
1687 2259 2036 2317 Manifestum
2064 2267 2148 2315 est
2182 2260 2328 2316 enim

324 2369 751 2441 uniuscujusque
778 2369 993 2417 naturae
1019 2363 1223 2421 creatae
1240 2352 1605 2426 capacitatem
1631 2365 1750 2407 esse
1789 2348 1999 2405 finitam
2043 2349 2171 2422 quia
2201 2358 2256 2405 et
2280 2348 2327 2405 si

328 2442 598 2519 infinitum
641 2454 843 2525 bonum
889 2447 1146 2527 recipere,
1177 2442 1347 2516 possit
1392 2438 1791 2513 cognoscendO,
1833 2444 1891 2494 et
1935 2438 2185 2507 fruendo,
2225 2454 2330 2494 non

332 2558 511 2607 tamen
540 2545 715 2616 ipsum
744 2536 941 2610 recipit
964 2533 1192 2590 infinite.
1218 2530 1508 2603 Esbigitur
1527 2526 1819 2600 cujuslibet
1843 2536 2112 2584 creaturae
2131 2542 2334 2583 secun-

332 2639 457 2695 dum
485 2647 643 2691 suam
671 2628 909 2703 speciem
936 2630 993 2679 et
1022 2628 1273 2680 naturam
1301 2618 1670 2699 determinata
1698 2616 2024 2688 capacitatis
2055 2630 2332 2683 mensura,

333 2738 457 2800 quae
485 2728 673 2791 tamen
710 2714 915 2773 divinae
954 2710 1213 2785 potestati
1256 2724 1367 2763 non
1404 2704 1749 2778 praejudicat3
1781 2704 1914 2774 quin
1951 2704 2122 2775 possit
2173 2702 2338 2759 aliam

334 2819 647 2876 creaturam
672 2804 894 2887 maj-oris
920 2797 1245 2873 capacitatis
1273 2794 1474 2849 facere.
1505 2790 1611 2847 Sed
1635 2792 1750 2860 jam
1783 2804 1888 2845 non
1919 2796 2064 2845 esset
2092 2790 2338 2861 ejusdem

336 2911 551 2963 naturae
574 2894 873 2953 secundum
902 2889 1161 2963 speciem,
1194 2882 1335 2937 sicut
1366 2879 1410 2933 si
1446 2876 1684 2932 ternario
1728 2876 1964 2931 addatur
2004 2876 2204 2942 unitas,
2227 2876 2344 2947 jam

337 2994 439 3051 erit
464 2989 576 3047 alia
601 2983 813 3059 species
841 2976 1071 3035 numeri.
1096 2968 1326 3042 Quando
1369 2966 1538 3038 igitur
1573 2962 1736 3019 alicui
1779 2978 1887 3017 non
1929 2969 2144 3020 tantum
2183 2963 2346 3019 datur

338 3082 405 3139 de
425 3078 677 3137 bonitate
698 3070 911 3136 divina,'
930 3072 1136 3141 quanta
1160 3064 1245 3115 est
1268 3054 1548 3129 capacitas
1571 3050 1840 3109 naturalis
1875 3050 2078 3125 speciei
2116 3067 2230 3109 suae
2260 3052 2350 3109 vi-

342 3170 505 3227 detur
532 3165 582 3221 ei
608 3158 910 3218 secundum
948 3142 1189 3225 aliquam
1220 3158 1531 3203 mensuram
1569 3142 1853 3198 donatum.
1877 3140 2012 3213 Cum
2053 3156 2182 3199 vero
2231 3146 2350 3199 tota

344 3253 621 3315 naturalis
638 3247 920 3323 capacitas
943 3240 1217 3315 impletur,
1250 3251 1357 3293 non
1387 3233 1604 3290 videtur
1633 3231 1682 3287 ei
1713 3230 2012 3287 secundum
2041 3245 2354 3288 mensuram

347 3347 614 3404 donatum
640 3356 655 3395 ι
687 3337 817 3411 quia
846 3333 950 3390 etsi
982 3332 1056 3387 sit
1090 3340 1344 3383 mensura
1373 3339 1442 3379 ex
1470 3327 1625 3395 parte
1655 3318 1990 3391 recipientis,
2019 3334 2129 3375 non
2168 3325 2352 3376 tamen

351 3440 434 3491 est
458 3443 717 3487 mensura
736 3442 805 3481 ex
828 3428 987 3497 parte
1014 3418 1214 3483 dantis,
1242 3414 1335 3488 qui
1366 3418 1544 3469 totum
1574 3417 1658 3465 εει
1683 3415 1906 3483 paratus
1941 3408 2073 3465 dare
2099 3426 2111 3464 :
2139 3409 2283 3463 sicut
2309 3409 2356 3465 si

353 3521 555 3596 aliquis
582 3504 685 3573 vas
716 3513 785 3572 ad
812 3501 1041 3567 fluvium
1068 3504 1335 3570 deserens,
1365 3501 1572 3573 absque
1613 3502 1866 3554 mensura
1910 3496 2117 3553 invenit
2159 3510 2358 3569 aquam

356 3610 746 3684 praeparatam,
772 3598 1027 3675 quamvis
1056 3596 1177 3667 ipse
1210 3606 1337 3648 cum
1384 3603 1640 3659 mensura
1677 3586 1910 3659 accipiat
1950 3591 2174 3658 propter
2197 3584 2364 3653 'vasis

360 3684 787 3755 determinatam
831 3686 1220 3762 quantitatem.
1255 3679 1347 3737 Sic
1396 3678 1564 3750 igitur
1607 3677 1786 3748 gratia
1829 3674 2030 3731 Christi
2072 3672 2368 3729 habitualis

364 3786 517 3843 finita
542 3782 767 3857 quidem
792 3785 879 3834 est
898 3773 1198 3833 secundum
1227 3767 1542 3833 essentiam,
1575 3764 1670 3820 sed
1697 3764 1906 3819 infinite
1945 3768 2000 3817 et
2027 3777 2136 3817 non
2167 3777 2368 3817 secun-

366 3874 492 3931 dum
522 3883 837 3929 mensuram
866 3864 986 3921 dari
1014 3860 1235 3927 dicitur,
1266 3856 1397 3931 quia
1422 3862 1634 3911 tantum
1663 3852 1845 3919 datur,
1879 3858 2146 3925 quantum
2169 3855 2370 3909 natura

368 3969 553 4021 creata
568 3964 892 4035 potestesse
912 3966 1104 4026 capax.
1122 3944 1371 4005 Secundo
1392 3958 1520 4000 vero
1540 3957 1608 3997 ex
1627 3948 1782 4013 parte
1798 3940 1969 4013 ipsius
1985 3938 2114 3996 doni
2133 3932 2363 4005 recepti.
