2850 4517
986 364 1049 407 v.
1081 379 1159 393 --·
1187 364 1264 409 nr.
1307 339 1626 411 ARTICULIS
1668 360 1833 411 mum
1929 388 1932 393 -
2281 350 2412 413 «363

401 486 515 537 tem
532 478 745 539 salutis.
773 478 1015 549 Quorum
1046 480 1270 552 quidam
1298 480 1519 537 fuerunt
1543 479 1640 555 qui
1669 497 1728 539 se
1755 482 2202 555 arrogantissime
2229 488 2406 557 Apos-

397 568 540 626 tolos
562 574 918 635 vocaverunt,
950 568 1041 641 qui
1074 568 1277 627 nullam
1315 586 1469 642 spem
1495 576 1694 643 putant
1718 569 1922 629 habere
1949 571 2144 630 salutis
2173 588 2268 631 eos
2311 574 2406 645 qui

398 658 723 731 conjugibus
759 664 1005 726 utuntur,
1034 664 1090 715 et
1127 659 1348 731 propria
1388 660 1691 731 possident.
1723 660 1828 717 Alii
1870 676 2018 727 vero,
2051 662 2263 719 scilicet
2296 663 2406 719 Ta-

397 749 555 813 tiani,
579 763 686 803 non
712 754 1004 804 vescuntur
1021 747 1298 815 carnibus,
1320 755 1373 804 et
1400 764 1495 805 eas
1525 749 1744 805 omnino
1771 749 2172 818 abominantur,
2206 767 2406 811 secun-

398 838 531 893 dum
555 836 686 892 illud
717 840 883 909 Apos.
919 853 957 903 1,
982 836 1049 891 ad
1089 837 1292 893 Timot.
1322 853 1380 891 iv
1411 853 1427 899 ε
1460 838 1530 893 In
1566 839 1868 895 novissimis
1894 838 2215 912 temporibus
2237 840 2407 896 disce-

400 927 526 983 dent
546 924 762 998 quidam
784 940 819 979 a
845 924 969 996 fide,
1000 924 1329 982 attendentes
1354 926 1638 999 spiritibus
1661 928 1890 993 erroris,
1920 934 1970 983 et
2011 927 2270 984 doctrinis
2293 930 2410 985 ‹1oe-

398 1015 703 1071 moniorum
748 1014 808 1068 in
850 1014 1111 1085 hypocrisi
1152 1015 1478 1086 loq-nentium
1521 1015 1874 1082 mendacium,
1916 1023 1966 1071 et
2019 1018 2406 1075 cauterizatam

398 1103 701 1159 habentium
736 1119 889 1159 snam
929 1102 1324 1168 conscientiam,
1356 1103 1756 1176 prohibentium
1801 1103 2020 1169 nubere,
2068 1105 2333 1163 abstinere
2373 1124 2408 1161 a

400 1191 529 1247 cibis
568 1198 695 1263 qnos
722 1192 866 1247 Deus
896 1191 1102 1248 creavit
1146 1191 1217 1248 ad
1245 1192 1651 1265 percipiendum
1691 1210 1808 1249 cum
1849 1193 2158 1265 qratiarum
2201 1194 2408 1251 actione

398 1280 658 1353 fidelibus,
684 1286 732 1335 et
756 1280 839 1335 his
865 1280 958 1351 qui
985 1288 1337 1353 cognoverunt
1364 1282 1668 1339 veritatem.
1694 1283 1896 1339 Dicunt
1925 1284 2071 1339 enim
2099 1285 2244 1356 quod
2277 1300 2406 1356 pro-

399 1370 587 1425 missio
615 1369 685 1426 de
713 1368 951 1426 adventu
988 1369 1224 1442 Spiritus
1248 1370 1434 1427 Sancti
1459 1387 1567 1426 non
1597 1370 1699 1426 suit
1723 1371 1780 1427 in
1803 1370 2084 1445 Apostolis
2107 1373 2403 1445 completa,

399 1458 579 1514 sedin
612 1458 710 1523 eis,
735 1464 929 1513 contra
975 1458 1119 1514 istud
1164 1459 1311 1532 quod
1352 1458 1556 1515 dicitur
1598 1463 1722 1515 Act.
1754 1475 1818 1519 11.
1863 1459 2189 1533 Eutychiani
2237 1461 2407 1517 etiam

398 1546 588 1605 dicunt
609 1547 853 1603 homiues
876 1563 983 1603 non
1007 1562 1167 1621 posse
1191 1547 1391 1605 salvari
1412 1549 1519 1603 nisi
1549 1548 1807 1604 continue
1828 1558 2004 1614 orent,
2022 1557 2244 1622 propter
2273 1550 2403 1606 illud

400 1636 545 1709 quod
580 1636 843 1693 Dominus
885 1635 1037 1703 dicit,
1076 1638 1240 1693 Lucae
1278 1652 1425 1692 xvm
1461 1654 1474 1691 ε
1507 1636 1726 1708 Oportet
1765 1654 1968 1709 semper
1991 1654 2174 1703 orare,
2203 1646 2251 1693 et
2297 1656 2404 1694 non

400 1726 636 1797 deficere,
666 1724 813 1798 quod
837 1725 923 1781 'sic
968 1726 1256 1798 accipitur,
1289 1726 1589 1783 secundum
1632 1730 1886 1797 August„
1923 1734 1983 1781 ut
2027 1728 2236 1783 nullum
2260 1728 2406 1784 diem

402 1815 824 1887 praetermittant
868 1813 1015 1870 circa
1058 1813 1247 1871 orandi
1296 1830 1540 1887 operam.
1584 1815 1692 1869 ‘Alii
1742 1830 1870 1870 vero
1916 1816 2008 1888 qui
2055 1816 2405 1873 Passalonitae

400 1904 681 1971 dicuntur,
713 1904 767 1958 iu
801 1909 1013 1958 tantum
1048 1902 1264 1959 silentio
1289 1902 1532 1970 student,
1562 1911 1622 1958 ut
1653 1903 1874 1959 naribus
1903 1909 1958 1959 et
1987 1903 2145 1959 labiis
2173 1904 2405 1975 digitum

400 1999 699 2067 apponant.
731 1992 981 2049 Passalos
1010 1992 1155 2047 enim
1192 1992 1385 2049 Graece
1412 1991 1616 2048 dicitur
1645 1991 1822 2052 Palus,
1852 1999 1908 2047 et
1935 1992 2189 2048 Ranclios
2217 2009 2402 2049 nasuS.

400 2081 633 2153 Quidam
676 2082 843 2137 etiam
879 2081 1087 2147 dicunt,
1120 2080 1267 2153 quod
1314 2080 1562 2137 homines
1603 2096 1711 2137 non
1759 2089 1989 2153 possunt
2030 2080 2250 2149 salvari,
2299 2083 2402 2137 nisi

398 2186 613 2241 semper
641 2168 803 2224 nudis
825 2168 1055 2241 pedibus
1084 2168 1380 2235 ambulent,
1408 2177 1600 2225 contra
1645 2185 1782 2241 quos
1810 2184 1998 2225 omnes
2039 2169 2173 2225 dicit
2209 2174 2404 2242 Apost.

397 2261 422 2317 1
451 2260 632 2316 Corin.
660 2274 701 2315 x
729 2275 742 2314 z
778 2258 968 2315 Omnia
995 2259 1127 2315 mihi
1150 2260 1327 2325 licent,
1358 2258 1450 2315 sed
1485 2275 1592 2315 non
1629 2259 1810 2315 omnia
1835 2258 2139 2331 empedinnt,
2169 2275 2236 2315 ex
2276 2262 2404 2332 qui-

397 2350 501 2405 bus
542 2345 705 2404 datur
747 2347 997 2419 intelligi,
1031 2348 1175 2421 quod
1220 2347 1348 2405 licet
1393 2348 1578 2422 aliqua
1616 2350 1822 2406 sanctis
1868 2347 2003 2403 viris
2057 2356 2406 2404 assumantur

397 2445 661 2510 tanquam
689 2435 1054 2509 expedientia,
1086 2453 1192 2493 non
1214 2443 1398 2493 tamen
1424 2443 1648 2511 propter
1677 2437 1780 2494 hoc
1813 2438 2066 2511 opposita
2102 2438 2406 2494 redduntur

354 2545 358 2549 ·
396 2524 612 2581 illicita.
644 2524 885 2581 Octavus
922 2540 1074 2581 error
1101 2533 1183 2579 est
1226 2540 1434 2592 eorum,
1465 2526 1557 2598 qui
1605 2526 1797 2582 dicunt
1839 2543 1868 2582 e
1916 2527 2190 2583 contrario
2242 2540 2405 2599 opera

397 2612 750 2686 perfectionis
783 2628 891 2668 non
932 2628 1051 2669 esse
1096 2612 1436 2685 praeferenda
1483 2616 1756 2669 communi
1801 2613 1932 2670 vitae
1979 2614 2242 2680 fidelium,
2262 2617 2406 2670 sicut

2816 2212 2824 2327 .-—--—
2817 2098 2822 2197 ψ*
2817 1944 2822 2061 -.-..—.
2817 1916 2819 1921 -
2817 1867 2820 1897 .-

395 2701 715 2761 .Iovinianus
741 2700 944 2774 posuit,
968 2700 1115 2774 quod
1146 2700 1433 2770 virginitas
1461 2716 1566 2755 non
1595 2700 1885 2772 praefertur
1914 2703 2186 2773 conjugio,
2215 2708 2717 2787 οων-,1,
2729 2722 2823 2743 ”2⁶-

399 2790 532 2846 illud
556 2790 701 2863 quod
729 2789 951 2855 dicitur,
979 2790 1003 2845 1
1028 2789 1210 2845 Corin.
1244 2804 1323 2844 vn
1363 2806 1375 2842 ι
1407 2788 1510 2854 Qui
1545 2788 1893 2844 matrimonio
1925 2789 2112 2860 junqit
2139 2791 2406 2861 viryinem

396 2895 572 2945 suam,
599 2879 720 2934 bene
746 2878 920 2950 facit:
946 2886 997 2935 et
1019 2877 1110 2949 qui
1132 2893 1236 2932 non
1256 2878 1465 2949 junyit,
1494 2876 1680 2932 melius
1718 2876 1874 2947 facit,
1905 2883 1962 2933 et
1991 2878 2134 2931 sicut
2157 2878 2406 2948 Vigilan-

397 2969 510 3023 tius
533 2968 627 3040 qui
652 2967 897 3040 aequavit
922 2973 1129 3023 statum
1160 2964 1385 3031 divitias
1422 2964 1819 3037 possidentium
1847 2964 2019 3020 statui
2067 2968 2406 3037 paupertatis

401 3063 621 3129 propter
646 3056 921 3113 Christum
950 3061 1265 3127 assumptae,
1295 3061 1488 3111 contra
1528 3068 1691 3126 quem
1719 3053 1855 3109 dicit
1900 3053 2180 3120 DominuS,
2205 3054 2402 3110 Matth.

398 3162 510 3203 xlx
543 3164 557 3217 ς
583 3145 641 3202 Si
668 3146 749 3201 vis
770 3144 1036 3217 perfectus
1070 3161 1193 3209 esse,
1222 3142 1369 3209 vade,
1396 3150 1450 3200 et
1477 3142 1636 3198 vende
1678 3141 1858 3197 omnia
1901 3157 2016 3213 qnae
2057 3141 2230 3207 habes,
2260 3149 2312 3198 et
2336 3142 2404 3197 da

396 3235 747 3308 pauperibus,
790 3242 841 3289 et
880 3233 1089 3289 habebis
1128 3235 1438 3291 thesaurum
1483 3232 1542 3287 in
1588 3232 1730 3295 roelo,
1773 3238 1824 3285 et
1859 3230 2000 3295 veni,
2029 3248 2243 3303 sequere
2297 3248 2403 3289 me.

399 3325 587 3381 Nonus
612 3339 764 3381 error
786 3329 870 3379 est
904 3322 1220 3395 negantium
1252 3322 1482 3387 liberum
1522 3319 1829 3387 arbitrium,
1862 3320 2006 3375 sicut
2052 3321 2276 3393 quidam
2305 3312 2416 3375 ne-'

400 3414 554 3484 gavit
580 3413 771 3469 dicens
798 3429 809 3467 :
834 3413 1057 3469 Animas
1094 3428 1217 3485 quae
1246 3418 1374 3468 sunt
1402 3410 1562 3496 malae
1598 3408 1910 3474 creationiS‚
1939 3424 2047 3465 non
2075 3424 2234 3481 posse
2273 3422 2407 3480 pec·
2512 3465 2520 3470 ,

399 3518 545 3570 care,
580 3508 774 3558 contra
819 3517 959 3574 quos
999 3502 1219 3566 dicitur,
1263 3501 1469 3556 Itoan.
1517 3516 1562 3556 11
1589 3498 1756 3555 :Hm
1801 3495 1971 3553 scribo
2022 3497 2166 3551 vobis
2200 3503 2262 3552 ut
2298 3512 2405 3551 non

398 3589 633 3663 peccetis.
660 3590 921 3647 Decimus
960 3605 1111 3645 error
1139 3597 1223 3645 est
1254 3589 1749 3654 Priscianistarum,
1775 3596 1831 3643 et
1860 3587 2028 3642 etiam
2055 3584 2408 3641 Mathemati-

402 3694 591 3735 corum
626 3678 927 3735 dicentium
972 3677 1219 3735 homines
1264 3676 1522 3735 fatalibus
1563 3676 1734 3733 stellis
1762 3674 2052 3746 obligatOS,
2082 3676 2158 3731 ita
2197 3674 2408 3730 scilicet

402 3768 549 3841 quod
592 3784 782 3824 eorum
831 3782 995 3841 opera
1040 3772 1168 3823 sunt
1218 3766 1535 3822 necessitati
1579 3765 1858 3822 stellarum
1901 3764 2166 3836 subjecta,
2213 3772 2406 3820 contra

402 3872 545 3931 quos
587 3857 811 3925 dicitur,
846 3858 958 3913 Jer.
990 3872 1029 3913 x
1062 3873 1076 3911 ε
1106 3858 1154 3913 Α
1200 3854 1365 3927 siquis
1410 3855 1526 3911 coeti
1562 3855 1726 3911 nolite
1764 3860 2018 3919 metuere,
2062 3868 2178 3927 quoe
2218 3853 2405 3910 timent

400 3954 596 4021 yentes.
615 3946 948 4005 Undecimus
963 3962 1116 4003 error
1143 3954 1228 4003 est
1256 3943 1573 4011 dicentium,
1602 3944 1746 4015 quod
1775 3944 2019 4003 homines
2041 3942 2140 4003 Dei
2169 3942 2408 4015 gratiam
