2850 4517
564 332 684 394 166
1043 348 1094 393 s.
1142 346 1374 392 mona:
1416 346 1745 397 Aonius-ris
1788 346 2097 393 ornacum

562 464 714 521 ditur
732 462 902 522 etiam
928 480 942 518 z
963 462 1046 523 Et
1067 462 1412 537 humefactus
1436 470 1535 531 est,
1560 462 1631 523 ad
1656 462 2056 522 excludendum
2080 477 2324 525 errorem
2337 464 2594 521 Nestorii

563 553 865 611 secundum
888 553 1046 625 cujus
1073 553 1401 627 positionem
1420 553 1567 611 filius
1591 554 1711 622 Dei,
1737 553 1808 613 de
1830 569 1941 627 quo
1968 552 2289 627 Symbolum
2316 553 2593 629 loquitur,

563 642 740 715 magis
768 641 1102 703 inhabitator
1129 641 1384 745 hominis,
1415 658 1584 717 quam
1613 641 1775 699 homo
1800 657 1921 699 esse
1944 642 2242 701 diceretur.

1245 814 1530 887 CAPUT
1594 810 1893 885 CCXXI.

751 956 930 1033 Quod
951 956 1296 1021 conveniens
1319 956 1453 1037 fuit
1482 954 1793 1021 Christum
1819 954 1991 1017 nasci
2017 970 2089 1019 em
2134 954 2401 1037 Vimine.
2492 989 2508 1003 ·

639 1093 776 1151 Cum
819 1098 1005 1149 autem
1053 1096 1333 1147 ostensum
1379 1089 1473 1155 sit,
1504 1088 1651 1163 quod
1697 1088 1767 1147 de
1812 1088 2043 1145 materia
2072 1088 2328 1151 humanae
2373 1098 2603 1149 naturae

569 1180 930 1241 conveniebat
959 1178 1132 1235 lilium
1157 1180 1256 1237 Dei
1286 1194 1507 1235 carnem
1534 1193 1835 1245 assumere,
1866 1179 2155 1235 materiam
2185 1189 2369 1237 autem
2396 1181 2453 1235 in
2480 1180 2601 1236 hu-

572 1286 734 1327 mana
766 1267 1119 1343 generatione
1162 1267 1437 1323 ministrat
1476 1266 1707 1334 femina,
1742 1268 2073 1325 conveniens
2115 1266 2219 1323 fuit
2249 1275 2308 1323 ut
2336 1267 2602 1325 Christus

573 1358 641 1414 de
674 1358 874 1413 femina
903 1371 1126 1414 carnem
1150 1362 1475 1423 assumeret,
1493 1356 1794 1411 secundum
1816 1355 1949 1412 illud
1969 1360 2162 1429 Apost.
2196 1356 2263 1413 ad
2282 1357 2471 1413 Galat.
2494 1375 2596 1415 1v:

573 1446 732 1507 Misit
758 1446 900 1503 Deus
925 1445 1102 1517 filium
1137 1462 1291 1501 suum
1320 1444 1522 1515 sactum
1550 1462 1615 1500 ex
1636 1443 1879 1501 muliere.
1908 1445 2131 1501 Femina
2160 1451 2343 1501 autem
2376 1446 2602 1518 indiget

575 1536 679 1591 viri
708 1535 1086 1593 commistione
1116 1536 1184 1591 ad
1213 1534 1334 1602 hoc,
1366 1534 1513 1608 quod
1545 1534 1776 1591 materia
1806 1549 1971 1606 quam
1998 1534 2115 1606 ipsa
2145 1535 2439 1601 ministrat,
2470 1535 2604 1591 for-

576 1630 760 1683 metur
797 1625 854 1681 in
877 1640 1074 1699 corpus
1109 1625 1424 1681 humanum.
1451 1623 1729 1679 Formatio
1758 1629 1941 1681 autem
1966 1624 2211 1696 corporis
2238 1624 2439 1681 Christi
2470 1624 2602 1681 fieri

578 1729 686 1772 non
715 1713 901 1770 debuit
932 1731 1026 1788 per
1049 1714 1310 1770 virtutem
1339 1712 1515 1769 virilis
1542 1712 1784 1779 seminia,
1818 1718 1877 1767 ut
1902 1700 2069 1785 sup'ra
2099 1713 2215 1784 jam
2245 1712 2452 1789 dictum
2480 1720 2599 1780 est,

579 1802 724 1859 unde
752 1802 958 1877 absque
990 1803 1371 1860 commistione
1406 1800 1583 1859 virilis
1610 1801 1834 1858 seminis
1863 1800 1953 1857 illa
1981 1800 2182 1857 femina
2208 1802 2480 1873 concepit,
2526 1819 2607 1862 ex

579 1907 688 1964 qua
728 1891 896 1950 Filius
941 1893 1040 1949 Dei
1091 1908 1313 1951 carnem
1359 1891 1677 1963 assumpsit.
1728 1891 1902 1947 Tanto
1950 1895 2134 1946 autem
2186 1890 2383 1962 aliquis
2414 1891 2607 1963 magis

579 1970 956 2054 spiritualibus
982 1981 1142 2039 donis
1165 1982 1424 2056 repletur,
1458 1988 1665 2054 quanto
1690 1981 1865 2051 magis
1889 1996 1921 2036 a
1943 1979 2255 2037 carnalibus
2277 1987 2603 2052 separatur.

579 2072 720 2130 Nam
771 2089 867 2145 per
916 2071 1222 2145 spiritualia
1267 2071 1430 2126 homo
1470 2084 1687 2125 sursum
1730 2068 1985 2135 trahitur,
2034 2084 2131 2141 per
2173 2068 2413 2125 carnalia
2459 2085 2607 2126 vero

581 2162 858 2218 deorsum.
889 2160 1043 2214 Cum·
1065 2164 1248 2213 autem
1279 2157 1533 2213 formatio
1561 2157 1806 2231 corporis
1833 2156 2035 2214 Christi
2064 2156 2180 2211 fieri
2215 2156 2466 2212 debuerit
2495 2174 2609 2229 per

583 2248 844 2321 Spiritum
873 2248 1152 2312 Sanctum,
1184 2246 1427 2318 oportuit
1464 2244 1613 2303 illam
1638 2244 1914 2311 feminam,
1942 2245 2012 2301 de
2041 2260 2148 2317 qua
2186 2242 2435 2300 Christus
2464 2260 2610 2301 cor-

584 2349 689 2407 pus
724 2334 1038 2407 assumpsit,
1071 2333 1304 2397 maxime
1334 2334 1711 2406 spiritualibus
1738 2334 1893 2390 donis
1924 2332 2138 2406 repleri,
2191 2340 2250 2388 ut
2291 2349 2386 2405 per
2414 2333 2611 2405 Spiri-

586 2430 704 2479 tum
726 2423 985 2479 Sanctum
1011 2438 1116 2479 non
1135 2422 1310 2478 solum
1335 2424 1519 2480 anima
1542 2423 1936 2480 secundaretur
1958 2421 2273 2490 virtutibus,
2300 2423 2392 2478 sed
2422 2423 2612 2480 etiam

586 2519 779 2575 venter
806 2510 956 2583 prole
979 2511 1188 2569 divina.
1218 2512 1373 2569 Unde
1404 2511 1649 2586 oportuit
1687 2528 1794 2569 non
1824 2511 1999 2570 solum
2042 2517 2280 2568 mentem
2307 2512 2426 2584 ejus
2471 2528 2613 2570 esse

587 2602 886 2661 immunem
925 2618 956 2657 a
1001 2610 1244 2675 peccato,
1288 2602 1384 2657 sed
1427 2602 1596 2657 etiam
1624 2617 1821 2675 corpus
1861 2602 1981 2674 ejus
2007 2602 2078 2658 ab
2105 2600 2253 2658 omni
2280 2603 2615 2675 corruptela

587 2689 823 2749 carnalis
849 2692 1305 2764 concupiscentias
1345 2690 1609 2764 elongari.
1653 2691 1807 2748 Unde
1837 2707 1944 2747 non
1970 2690 2146 2747 solum
2174 2690 2245 2757 ad
2273 2689 2616 2763 concipien-

587 2780 717 2835 dum
756 2778 1029 2837 Christum
1069 2780 1285 2837 virilem
1327 2780 1764 2838 commistionem
1807 2796 1913 2853 non
1943 2788 2026 2837 est
2054 2785 2303 2852 experta,
2349 2777 2450 2835 sed
2490 2796 2618 2837 nec

586 2876 730 2938 ante,
763 2863 876 2925 necv
910 2876 1116 2941 postea.
1148 2870 1264 2926 Hoc
1314 2870 1483 2927 etiam
1528 2868 1888 2927 conveniebat
1933 2869 1983 2926 ei
2029 2870 2122 2944 qui
2154 2868 2479 2925 nascebatur
2536 2887 2619 2929 ex

586 2958 724 3039 ipsa.
745 2958 830 3015 Ad
854 2957 959 3016 hoc
986 2959 1131 3015 enim
1160 2958 1259 3015 Dei
1279 2958 1424 3015 filius
1452 2958 1706 3017 veniebat
1731 2959 1786 3013 in
1808 2959 2073 3016 mundum
2101 2974 2265 3016 carne
2286 2966 2617 3032 assumpta,

588 3056 646 3103 ut
670 3062 768 3103 nos
792 3047 862 3103 ad
886 3048 1300 3105 resurrectionis
1329 3055 1535 3105 statum
1564 3055 1927 3121 promoveret,
1956 3049 2011 3105 in
2035 3065 2145 3149 quo
2173 3064 2336 3120 neque
2370 3046 2617 3116 nubent,

585 3151 749 3209 neque
791 3136 1081 3204 nubentur,
1124 3136 1214 3193 sed
1248 3141 1410 3193 erunt
1452 3136 1682 3195 homines
1707 3138 1845 3195 sicut
1870 3138 2067 3211 Anqeli
2103 3137 2164 3193 in
2204 3138 2361 3195 Coelo.
2392 3138 2615 3196 Matth.

587 3240 739 3285 xxii.
784 3228 872 3283 30.
915 3220 1070 3283 Unde
1111 3234 1166 3283 et
1195 3227 1565 3296 continentiae,
1610 3234 1665 3283 et
1715 3218 2049 3301 integritatis
2076 3227 2383 3285 doctrinam
2414 3226 2621 3283 intro-

587 3314 760 3381 duxit,
801 3320 869 3370 ut
903 3315 962 3371 in
990 3315 1231 3373 fidelium
1273 3318 1387 3375 vita
1415 3317 1759 3390 resplendeat
1805 3316 2117 3391 aliqualiter
2160 3317 2348 3390 gloriae
2394 3314 2622 3377 futurae

587 3403 786 3475 imago.
815 3404 1152 3461 Conveniens
1187 3422 1318 3477 ergo
1344 3406 1469 3476 fuit,
1498 3412 1561 3463 ut
1583 3406 1751 3465 etiam
1780 3406 1835 3463 in
1858 3421 1959 3465 suo
1994 3412 2119 3464 ortu
2143 3406 2271 3463 vitae
2301 3404 2625 3477 integrita-

587 3500 700 3549 tem
718 3494 1124 3551 commendaret
1146 3495 1422 3552 nascendo
1446 3512 1513 3551 ex
1532 3496 1757 3569 Virgine
1789 3513 1803 3551 ε
1836 3502 1891 3553 et
1915 3496 2038 3554 ideo
2061 3496 2118 3552 in
2142 3494 2400 3568 Symbolo
2432 3500 2625 3568 Apos-

589 3580 822 3639 tolorum
851 3582 1053 3639 dicitur
1101 3600 1115 3638 ε
1163 3581 1340 3643 Natus
1384 3601 1451 3639 ea:
1501 3585 1723 3658 Virqiue
1764 3585 1976 3645 Maria.
2013 3586 2076 3641 In
2120 3584 2379 3661 Symbolo
2410 3593 2623 3647 autem

587 3672 830 3738 Patrum,
861 3688 929 3727 ex
955 3670 1178 3743 Virgine
1205 3672 1376 3730 Maria
1403 3673 1604 3731 dicitur
1631 3674 1969 3742 incarnatus,
2000 3690 2096 3749 per
2131 3672 2279 3746 quod
2319 3671 2627 3734 Valentini

589 3776 740 3819 error
767 3760 1099 3828 excluditur,
1126 3767 1559 3836 caeterorumquo
1610 3764 1703 3836 qui
1748 3780 1946 3838 corpus
1969 3762 2169 3820 Christi
2200 3762 2461 3819 dixerunt
2508 3775 2627 3824 aut

592 3866 710 3907 esse
736 3849 1158 3922 phantasticum,
1191 3860 1285 3908 aut
1315 3867 1435 3908 esse
1466 3851 1690 3907 alterius
1725 3859 1958 3923 naturas,
1992 3859 2047 3909 et
2071 3867 2178 3910 non
2216 3866 2337 3909 osse
2370 3867 2444 3908 ex
2472 3868 2627 3917 cor·-

593 3954 724 4009 pore
750 3938 989 4009 Virginis
1014 3944 1292 4012 sumptum
1314 3945 1480 4011 atque
1508 3938 1821 4001 formatum.
