2850 4517
598 401 687 455 Ν.
712 401 793 439 -“-
818 406 898 453 ms
939 396 1356 455 Pnnrssc'non'n
1402 392 1568 456 vius
1615 404 1996 463 'smm‘runms
2163 372 2304 467 ἶ305

1071 607 1355 677 CAPUT
1424 611 1518 678 X.

375 709 377 711 V
448 750 545 815 De
566 741 753 813 tertia
778 745 884 811 via
904 746 1317 828 perfectionis,
1340 765 1476 828 quae
1516 730 1605 813 esc
1618 766 1735 829 per
1751 722 2156 831 ‘abjectionem'
2196 721 2201 725 Ἀ

964 836 1233 917 propo-ica
1260 836 1624 903 voluntatis.
1665 866 1670 869 ·
1769 872 1776 877 ·

359 960 483 1031 Non
526 971 701 1029 solum
743 976 928 1027 autem
956 969 1327 1027 necessarium
1358 971 1559 1027 est'ad-
1579 958 1970 1048 perfectionem
2014 968 2302 1037 charitatis

284 1059 753 1136 consequendam,
802 1059 948 1132 quod
987 1058 1149 1115 homo
1191 1056 1466 1116 exteriora
1509 1059 1753 1133 ainciat,
1799 1063 1897 1119 sed
1939 1066 2108 1122 etiam
2153 1057 2300 1141 quod

282 1154 455 1210 homo
481 1148 885 1225 quodammodo
922 1147 1163 1219 seipsum
1191 1147 1557 1221 derelinquat.
1587 1149 1735 1227 Dicit
1769 1152 1917 1208 enim
1941 1154 2102 1213 Dion.
2131 1172 2216 1217 -ιν,
2247 1173 2298 1213 c.

285 1243 361 1299 de
386 1240 589 1299 divinis
616 1236 948 1303 nominihus,
980 1237 1127 1309 quod
1154 1236 1374 1317 divinus
1402 1252 1558 1295 amor
1598 1243 1684 1295 est
1710 1240 1943 1297 extasim
1978 1243 2204 1313 faciens,
2246 1245 2304 1301 id

286 1337 396 1398 est,
427 1337 581 1387 extra
603 1327 844 1400 seipsum
866 1322 1092 1399 ponens,
1122 1340 1229 1383 non
1258 1320 1443 1383 sinens
1470 1326 1744 1384 hominem
1775 1329 2014 1403 suipsius
2039 1348 2178 1401 esse,
2206 1334 2302 1391 sed

284 1420 412 1493 ejus
449 1416 597 1492 quod
624 1421 856 1497 'amatur
896 1430 911 1470 ε
956 1414 1112 1487 cujus
1140 1414 1220 1471 rei
1251 1415 1559 1488 exemplum
1587 1415 1642 1472 in
1685 1416 1864 1490 seipso
1904 1418 2304 1479 demonstravit

187 1496 192 1502 ’
286 1506 587 1582 Apostolus
613 1506 803 1561 dicens
848 1503 917 1561 ad
959 1499 1145 1562 Galat.
1194 1520 1239 1561 11
1286 1522 1301 1561 ε
1339 1504 1470 1563 Vivo
1511 1512 1688 1563 autem
1730 1506 1850 1579 jam
1875 1523 1984 1563 non
2029 1502 2139 1581 epo,
2170 1507 2304 1567 vivit

287 1612 415 1655 vero
443 1594 503 1651 in
528 1610 609 1651 me
636 1593 905 1658 Chr-istite,
936 1592 1094 1667 quasi
1121 1608 1281 1650 suam
1306 1594 1480 1652 vitam
1521 1594 1629 1650 non'
1675 1610 1832 1669 suam
1871 1596 2172 1666 aestimans,
2205 1588 2303 1656 sed

286 1686 493 1745 Christi
523 1701 539 1741 ι
567 1683 697 1757 quia
717 1682 874 1756 >quod
900 1681 1181 1755 proprium
1209 1681 1315 1739 sibi
1357 1689 1478 1739 erat
1505 1672 1880 1750 contemnenS,
1913 1692 2060 1742 totus
2088 1676 2304 1745 Christo

289 1774 613 1833 inhaerebat.
648 1772 717 1829 Et
739 1770 847 1827 hoc
873 1771 1039 1829 etiam
1076 1771 1133 1827 in
1161 1771 1492 1844 quibusdam
1529 1786 1648 1828 esse
1681 1772 2010 1843 completum
2039 1776 2299 1845 ostendit,

288 1870 420 1933 cuju
447 1862 584 1919 dicit
608 1860 679 1918 ad
707 1859 823 1917 Col.
852 1874 921 1918 111
950 1876 963 1916 ε
993 1858 1207 1919 Mortui
1234 1860 1377 1915 enim
1405 1859 1550 1926 estis,
1581 1866 1630 1917 et
1653 1859 1770 1917 vita
1797 1868 1975 1919 vestra
1998 1863 2302 1921 abscondita

287 1960 368 2012 est
397 1968 515 2009 cum
546 1947 759 2008 Christo
784 1948 846 2005 in
877 1948 1005 2004 Deo.
1034 1947 1371 2005 Exhortatur
1397 1947 1566 2005 etiam
1595 1948 1730 2004 alios
1767 1956 1828 2005 ut
1866 1952 1935 2007 ad
1964 1950 2068 2009 hoc
2104 1970 2304 2027 perve-

288 2046 468 2110 niant,
500 2054 629 2097 cum
650 2037 802 2107 dicit,
829 2038 879 2095 11
906 2037 975 2094 ad
1006 2038 1129 2094 Cor.
1158 2054 1222 2093 v:
1249 2036 1362 2093 Pro
1394 2035 1636 2093 omnibus
1655 2044 1902 2095 mortuus
1929 2046 2004 2095 est
2033 2040 2301 2109 Chr-istm,

286 2140 351 2191 ut
382 2138 437 2189 et
456 2129 549 2203 qui
580 2128 765 2185 vivunt
786 2126 901 2199 jam
926 2142 1036 2182 non
1062 2123 1169 2181 sibi
1210 2125 1415 2191 vivant,
1447 2126 1538 2181 sed
1564 2124 1616 2181 ei
1643 2126 1736 2197 qui
1769 2143 1876 2198 pro
1905 2126 2038 2201 ipsis
2061 2136 2304 2186 mortuus

290 2230 370 2279 cst
392 2226 441 2277 et
467 2216 788 2276 resurrexit.
813 2216 883 2273 Et
906 2216 1049 2283 ideo,
1077 2222 1139 2271 ut
1162 2214 1396 2271 habetur
1421 2215 1554 2270 Luc.
1580 2230 1702 2283 xiv,
1729 2222 2024 2289 postquam
2044 2217 2259 2276 dixerat
2284 2231 2300 2275 >2

290 2307 353 2366 Si
376 2307 493 2381 quis
516 2305 659 2363 venit
685 2304 758 2361 ad
776 2319 878 2368 me,
907 2310 959 2361 et
990 2318 1098 2359 non
1125 2301 1235 2359 odit
1256 2309 1473 2375 patrem
1498 2317 1679 2369 suum,
1707 2308 1759 2359 et
1789 2310 2038 2372 matrem,
2077 2312 2128 2361 et
2164 2322 2305 2363 uxo-

290 2414 434 2463 rem,
458 2402 511 2452 et
523 2394 680 2468 filios,
702 2399 750 2450 et
770 2392 999 2465 fratrea,
1020 2398 1073 2449 et
1092 2407 1323 2458 sororem,
1350 2396 1614 2465 tanquam
1636 2390 1844 2466 aliquid
1871 2395 2050 2466 majus
2073 2395 2300 2464 addens,

294 2486 500 2553 subdit,
531 2484 699 2541 adhuc
727 2488 906 2539 autem
934 2488 985 2538 et
1020 2480 1257 2537 animam
1284 2492 1459 2548 suam,
1501 2497 1610 2537 non
1631 2488 1804 2557 potest
1827 2498 1974 2540 mem
2009 2500 2114 2541 esse
2141 2486 2307 2543 disci-

288 2576 469 2649 putus.
484 2574 601 2630 Hoc
625 2572 793 2630 etiam
822 2570 968 2627 idem
996 2570 1261 2627 Dominus
1284 2570 1466 2638 docet,
1496 2567 1656 2629 Matt.
1686 2588 1810 2640 xw,
1838 2572 2026 2631 dicens
2059 2592 2072 2629 ε
2105 2575 2163 2631 Si
2189 2575 2308 2647 quia

290 2667 409 2723 vult
446 2663 631 2720 ven-ire
650 2666 769 2735 post
793 2675 898 2726 mo,
927 2658 1145 2732 abneget
1168 2660 1524 2731 semetipsum,
1551 2667 1604 2716 et
1629 2661 1784 2717 tollat
1811 2678 2018 2718 crucem
2042 2680 2216 2730 suam,
2256 2672 2308 2720 et

290 2760 554 2827 sequatur
597 2765 699 2805 me.
740 2748 915 2820 Hujus
954 2753 1141 2806 autem
1185 2746 1423 2803 salubris
1471 2746 1852 2819 abnegationis
1893 2755 1950 2806 et
1990 2750 2305 2809 charitativi

288 2842 409 2901 odii
440 2837 787 2897 observantia
831 2837 1033 2910 partim
1074 2836 1299 2909 quidem
1349 2836 1661 2894 necessaria
1711 2842 1795 2892 est
1837 2838 1908 2895 ad
1955 2837 2210 2907 salutem,
2251 2848 2309 2895 et

292 2929 552 2991 omnibus
583 2926 679 3001 qui
708 2926 989 2983 salvantur
1014 2924 1339 2992 communiS,
1380 2925 1583 2997 partim
1627 2932 1810 2981 autem
1851 2926 1920 2982 ad
1957 2926 2308 2999 perfectionis
2329 2934 2342 2948 '

293 3020 538 3095 pertinet
558 3014 1037 3090 complementum.
1065 3015 1140 3071 Ut
1164 3014 1311 3071 enim
1334 3030 1401 3093 ex
1439 3029 1606 3085 supra
1631 3014 1809 3086 posita
1838 3014 2088 3089 Dionysii
2113 3023 2308 3075 aucto*

293 3110 465 3167 ritate
493 3110 739 3180 apparet,
782 3104 852 3161 de
891 3105 1104 3161 ratione
1154 3102 1327 3161 divini
1368 3102 1574 3159 amoris
1613 3109 1718 3171 est,
1759 3111 1821 3169 ut
1857 3120 2046 3161 amans
2085 3120 2191 3161 non
2221 3109 2307 3164 sui

251 3210 255 3215 ·
295 3199 472 3273 ipsius
490 3200 790 3263 remaneat,
804 3194 900 3254 sed
922 3192 1435 3251 amati.Secundum
1461 3192 1627 3263 igitur
1649 3192 1819 3267 divini
1835 3195 2039 3251 amoris
2053 3197 2305 3269 gradum,

293 3300 523 3344 necesse
554 3290 640 3341 est
682 3292 737 3341 et
764 3284 970 3351 odium,
1000 3292 1059 3340 et
1088 3283 1508 3355 abnegationem
1534 3280 1855 3354 praedictam
1883 3282 2166 3358 distingui.
2211 3287 2310 3344 Est

294 3384 485 3435 autem
512 3372 883 3433 necessarium
912 3371 982 3429 ad
1010 3371 1265 3439 salutem,
1301 3378 1363 3427 ut
1392 3370 1553 3447 homo
1581 3370 1662 3426 sic
1701 3370 1876 3427 Deum
1906 3370 2117 3443 diligat,
2152 3383 2210 3431 ut
2253 3377 2310 3432 in
2391 3407 2396 3412 -

294 3482 365 3524 eo
393 3465 558 3521 finem
602 3478 719 3520 suae
756 3461 1079 3519 intentionis
1106 3465 1295 3534 ponat,
1334 3459 1578 3534 nihilque
1609 3458 1867 3519 admittat
1895 3462 2043 3535 quod
2085 3471 2310 3522 contra·

292 3551 448 3613 rium'
469 3552 673 3609 divinae
692 3550 976 3608 dilectioni
998 3548 1298 3607 existimat.
1318 3548 1399 3628 Et
1428 3548 1552 3605 ideo
1575 3556 1990 3624 consequenter,
2019 3560 2075 3608 et
2099 3552 2306 3619 odium,

292 3650 353 3701 et
407 3642 700 3714 abnegatio
742 3640 826 3697 sui
870 3639 1047 3712 ipsius
1086 3644 1172 3695 est
1220 3637 1291 3693 de
1318 3638 1650 3695 necessitate
1695 3639 1908 3707 salutis,
1956 3641 2099 3695 unde
2140 3642 2307 3712 Greg.

293 3731 435 3788 dicit
457 3731 514 3786 in
527 3728 730 3786 Homil.
758 3748 785 3781 α
804 3728 959 3785 Tunc
974 3725 1337 3798 nosmetipsos
1351 3724 1712 3799 relinquimus
1733 3727 1790 3785 et
1809 3728 2160 3801 abnegamus,
2185 3744 2312 3785 cum

292 3821 537 3877 vitamus
571 3818 721 3893 quod
754 3834 853 3891 per
888 3822 1225 3874 vetustatem
1264 3814 1486 3882 fuimus,
1532 3822 1589 3871 et
1616 3816 1686 3873 ad
1727 3816 1832 3873 hoc
1873 3819 2118 3887 nitimur,
2164 3820 2310 3892 quod

290 3926 395 3982 per
412 3908 723 3966 novitatem
746 3922 1030 3965 vocamur.
1051 3924 1079 3959 n
1094 3903 1162 3962 Et
1175 3904 1320 3975 sicut
1332 3904 1387 3961 in
1401 3902 1602 3961 Homil.
1633 3904 1742 3962 alia
1767 3906 1930 3963 dicit:
1961 3929 1986 3960 «
2006 3908 2160 3966 Tunc
2175 3908 2314 3966 bene

290 3985 541 4057 animam
584 4002 834 4055 nostram
878 3996 1114 4066 odimuS,
1167 4012 1293 4054 cum
1339 3995 1460 4069 ejus
1507 3993 1818 4053 carnalibus
1863 3996 2155 4056 desideriis
2203 4014 2314 4057 non

815 4116 867 4167 s.
900 4101 1053 4169 Tnox'.
1090 4118 1173 4171 AQ·
1210 4092 1471 4165 oruscnu.
1505 4136 1565 4152 -
1593 4113 1631 4165 l.
1655 4134 1718 4152 -·
1741 4112 1806 4164 20
