2850 4517
812 363 857 405 1.
888 377 969 391 -—
996 342 1399 407 comrnnmu'u
1455 364 1814 410 'runonoelffl
2202 351 2318 412 155

304 474 375 530 ad
414 477 535 531 enm
562 474 853 543 veniemus,
884 483 938 534 et
972 478 1299 536 mansionem
1332 480 1477 552 apud
1511 496 1628 536 enm
1656 480 1934 553 faciemus.
1960 481 2115 538 Facit
2147 482 2314 539 etiam

305 563 585 621 hominem
616 580 735 621 esse
778 564 837 623 in
876 566 1013 639 Deo,
1056 568 1359 625 secundum
1402 568 1538 625 illud
1586 570 1611 625 I
1659 570 1815 626 Joan.
1847 586 1949 629 lv:
1983 570 2102 637 Qui-
2138 578 2316 627 manet

306 652 363 707 in
387 654 673 720 char-itate,
698 652 759 713 in
788 656 900 713 Deo
924 664 1121 723 ntanet,
1146 664 1201 715 et
1228 658 1369 715 Dens
1394 656 1456 714 in
1483 674 1560 715 eo.
1592 658 1689 715 Ille
1715 660 1882 730 igitur
1903 676 2002 732 per
2029 668 2316 731 acceptum

307 743 509 800 donum
537 745 843 815 gratuitum
870 746 1105 805 efficitur
1127 749 1243 805 Deo
1266 756 1480 821 gratus,
1505 748 1814 823 qui-usque
1838 748 1907 805 ad
1933 748 2037 805 hoc
2061 749 2317 822 perduci-

309 838 415 901 tur,
434 832 584 906 quod
614 850 711 905 per
736 834 1027 893 charitatis
1048 850 1292 894 amorem
1316 854 1458 894 unus
1487 837 1712 910 spiritus
1741 838 1838 894 fiat
1863 852 1992 895 cum
2016 838 2147 905 Deo,
2172 837 2314 911 quod
2364 825 2368 830 ’

306 918 421 991 ipse
448 921 507 975 in
533 921 651 977 Deo
674 920 770 987 sit,
805 928 862 978 et
887 923 1037 979 Deus
1068 922 1125 979 in
1152 936 1240 981 60.
1266 924 1423 981 Unde
1461 927 1653 997 Apost.
1682 924 1819 981 dicit
1843 925 1867 980 1
1903 924 2150 981 Corinth.
2183 940 2313 990 xm,

307 1007 453 1081 quod
480 1008 599 1067 sine
636 1009 907 1067 charitate
942 1018 1145 1070 caetera
1182 1013 1328 1069 dona
1364 1012 1678 1070 hominibus
1721 1028 1827 1070 606
1871 1018 2099 1085 prosunt
2133 1030 2145 1067 :
2187 1013 2316 1085 quia

306 1103 525 1170 gratum
564 1099 680 1155 Deo
714 1098 903 1157 facere
931 1116 1037 1158 non
1070 1108 1317 1174 possunt,
1351 1102 1456 1158 nisi
1497 1102 1740 1159 charitas
1764 1100 1938 1174 adsit„
1961 1102 2092 1157 Haec
2130 1106 2318 1163 autem
2419 1144 2425 1150 .
2488 1126 2494 1133 -

307 1187 483 1257 gratia
530 1195 616 1244 est
654 1188 897 1245 omnium
939 1198 1254 1247 sanctorum
1310 1191 1635 1248 communie.
1689 1189 1846 1248 Unde
1885 1190 2029 1246 hanc
2082 1191 2317 1261 gratiam

306 1274 466 1331 homo
490 1276 739 1333 Christus
776 1278 1061 1351 discipulis
1086 1279 1295 1338 orando
1323 1280 1626 1352 impetrans
1667 1278 1820 1347 dicit,
1859 1280 2017 1335 Joan.
2041 1294 2166 1335 xvu
2197 1296 2210 1333 z
2249 1280 2318 1336 Ut

304 1363 417 1421 sint
450 1382 619 1422 ultum
663 1366 875 1423 scilicet
920 1384 1015 1440 per
1055 1370 1454 1425 connexionem
1477 1364 1700 1436 am‘oriS,
1737 1367 1877 1425 siout
1918 1374 1968 1424 et
2009 1384 2102 1423 nos
2146 1383 2315 1423 unum

305 1470 503 1511 summ.
533 1454 655 1513 Alia
672 1448 812 1511 'vcro
836 1458 1148 1529 conjunctio
1179 1466 1263 1515 est
1291 1458 1528 1515 hominis
1553 1458 1620 1514 ad
1661 1458 1834 1513 Deum
1863 1471 1970 1513 non
2012 1456 2189 1513 solum
2219 1472 2318 1527 per

306 1544 581 1611 affectum,
614 1552 709 1601 aut
741 1544 1213 1615 inhabitationem,
1244 1548 1342 1605 sed
1392 1549 1564 1604 etiam
1611 1563 1705 1620 per
1741 1546 2012 1617 unitatem
2047 1544 2318 1618 hyposta-

304 1632 399 1700 sis,
428 1648 526 1689 seu
555 1648 817 1707 μοι-30666,
845 1642 907 1691 ut
930 1635 1143 1696 scilicet
1166 1653 1275 1693 una
1300 1641 1355 1691 et
1382 1637 1577 1693 eadem
1607 1635 1934 1708 hypostasis
1965 1650 2060 1690 seu
2087 1649 2317 1707 persona

303 1721 375 1777 sit
404 1722 555 1777 Deus
578 1729 633 1778 et
672 1722 852 1779 homo·
878 1722 949 1779 Et
987 1724 1107 1780 haec
1149 1724 1373 1798 quidem
1402 1724 1716 1796 conjunctio
1751 1723 1989 1779 hominis
2029 1723 2100 1779 ad
2142 1724 2316 1778 Deum

302 1815 384 1865 est
416 1810 641 1881 propria
680 1809 809 1865 iesu
855 1809 1076 1877 Christi,
1118 1810 1187 1866 dc
1228 1827 1339 1884 qua
1380 1809 1970 1881 conjunctionwptura
2008 1810 2126 1881 jam
2166 1808 2317 1865 dicta

300 1902 451 1965 sunt.
484 1897 621 1951 Haec
658 1897 827 1951 etiam
870 1905 955 1953 est
992 1895 1233 1953 hominis
1261 1896 1674 1967 christigratia
1712 1896 2024 1968 singularis,
2052 1896 2200 1968 quod
2237 1902 2320 1951 est

298 1984 415 2040 Deo
446 1981 640 2038 unitus
659 1980 714 2037 in
746 1981 957 2039 unitate
984 1998 1233 2055 personae
1262 2000 1283 2039 ι
1306 1991 1363 2040 et
1395 1984 1520 2039 ideo
1545 1982 1722 2055 gratis
1760 1983 1951 2039 datum
1980 1990 2082 2049 est,
2111 1983 2242 2055 quia
2266 1987 2321 2037 et

299 2078 521 2128 naturae
545 2068 867 2131 facultatem
887 2070 1121 2138 excedit,
1150 2077 1207 2127 et
1232 2070 1335 2127 hoc
1356 2071 1560 2127 donum
1587 2070 1784 2127 merita
1808 2069 1956 2125 nulla
1981 2068 2318 2142 praecedunt.

299 2159 407 2225 Sed
434 2164 491 2214 et
520 2158 895 2231 gratissimum
921 2160 1035 2217 Deo
1060 2160 1213 2227 facit,
1246 2160 1325 2218 ita
1352 2159 1500 2233 quod
1531 2158 1602 2215 de
1639 2159 1756 2231 ipso
1784 2157 2137 2229 singulariter
2165 2157 2321 2214 dica·-

300 2255 391 2305 tur
422 2247 567 2303 :Hic
594 2254 669 2305 eat
694 2245 843 2319 filius
867 2264 1013 2305 meus
1046 2248 1286 2314 dilectus,
1312 2248 1371 2304 in
1400 2264 1502 2320 qno
1521 2247 1658 2305 mihi
1690 2246 2002 2321 complacui,
2026 2246 2220 2304 Matth.
2251 2261 2318 2303 ιιι

301 2345 357 2395 et
398 2353 549 2393 xvn.
590 2338 705 2394 Hoc
755 2344 937 2393 tamen
980 2337 1247 2394 interesse
1286 2337 1506 2395 videtur
1545 2338 1687 2393 inter
1725 2344 2018 2410 utramque
2057 2336 2312 2409 gratiam,

301 2426 668 2502 quodgratia
704 2427 927 2499 quidem
971 2444 1069 2501 per
1110 2442 1281 2502 quam
1324 2427 1486 2483 homo
1526 2428 1640 2483 Deo
1685 2427 1872 2483 unitur
1909 2442 2006 2499 per
2035 2426 2313 2493 affectum,

302 2516 532 2589 aliquod
558 2515 837 2573 habituale
864 2516 1051 2573 existit
1079 2516 1134 2573 in
1164 2517 1347 2574 anima
1378 2532 1391 2571 ε
1424 2515 1554 2589 quia
1587 2531 1714 2572 cum
1758 2532 1854 2589 per
1902 2523 2089 2572 actum
2113 2510 2316 2570 amoris

302 2608 375 2664 sit
424 2606 739 2678 coniunctio
778 2605 904 2673 ieta,
944 2613 1101 2663 actus
1130 2620 1318 2663 autem
1358 2605 1590 2678 perfecti
1634 2603 2055 2677 procedunt-ab
2099 2603 2312 2668 habitu,

302 2710 647 2769 consequens
674 2700 843 2751 estut
880 2695 951 2753 ad
984 2696 1152 2751 istum
1185 2694 1644 2766 perfectissimum
1672 2692 1942 2759 habitum,
1981 2707 2091 2763 quo
2133 2690 2316 2746 anima

300 2786 420 2842 Deo
448 2784 797 2857 conjungitur
822 2784 917 2857 pe'r
954 2798 1217 2847 amorem,
1246 2781 1432 2852 aliqua
1457 2780 1756 2836 habitualis
1789 2780 1972 2849 gratia
1999 2780 2202 2835 animae
2228 2779 2317 2835 inv

302 2874 587 2931 fundatur.
618 2874 751 2929 Esse
790 2880 977 2931 autem
1016 2868 1323 2944 personale,
1374 2866 1922 2937 velhypostaticum,
1949 2880 2058 2919 non
2099 2874 2182 2920 est
2221 2880 2316 2929 ner

306 2962 547 3034 aliquem
589 2960 855 3027 habitum,
884 2958 980 3016 sed
1010 2973 1106 3031 per
1134 2964 1381 3021 naturae,
1410 2966 1644 3025 quarum
1685 2959 1813 3006 sunt
1851 2949 2198 3023 hypostaseS,
2230 2949 2318 3005 vel

306 3065 575 3126 personae.
602 3049 743 3106 Unio
771 3048 939 3121 igitur
974 3046 1231 3103 humanae
1254 3048 1468 3099 naturae
1507 3039 1579 3098 ad
1622 3040 1796 3097 Deum
1839 3039 1896 3095 in
1941 3039 2154 3097 unitate
2188 3054 2318 3110 per-
2360 3056 2366 3063 ·

303 3158 457 3201 sonae
484 3158 596 3199 non
622 3142 697 3198 sit
742 3158 839 3214 per
868 3140 1107 3213 aliquam
1135 3134 1473 3194 habitualem
1514 3132 1772 3206 gratiam,
1802 3130 1894 3186 sed
1937 3146 2034 3203 per
2075 3131 2317 3204 ipsarum

303 3240 632 3291 naturarum
676 3229 1116 3302 conjunctionem
1159 3227 1213 3281 in
1256 3240 1489 3299 persona
1532 3238 1660 3279 una.
1710 3222 1768 3276 ln
1813 3227 2080 3293 quantum
2131 3226 2316 3276 autem

303 3330 565 3379 creatura
600 3320 787 3392 aliqua
822 3318 998 3389 magis
1026 3315 1095 3373 ad
1136 3317 1311 3372 Deum
1339 3313 1575 3381 accedit,
1609 3312 1664 3367 in
1707 3316 1924 3379 tantum
1961 3308 2032 3384 de
2071 3308 2316 3364 bonitate

302 3412 349 3484 ej
360 3426 427 3468 os
448 3410 631 3483 magis
650 3409 967 3482 participat,
995 3413 1051 3463 et
1078 3403 1570 3466 abundantioribus
1607 3400 1767 3458 donis
1789 3414 1859 3456 ex
1881 3400 1998 3472 ejus
2034 3396 2317 3454 influentia

301 3500 552 3575 repletur
582 3518 596 3557 z
624 3499 771 3555 sicut
808 3504 865 3554 et
904 3496 1047 3569 ignis
1073 3494 1309 3553 calorem
1346 3494 1524 3565 magis
1558 3491 1874 3565 participat,
1904 3488 1996 3562 qui
2043 3488 2093 3543 ei
2141 3486 2316 3557 magis

301 3589 732 3663 appropinquat.
776 3586 985 3655 Nullus.
1016 3592 1202 3641 autem
1242 3583 1436 3640 modus
1477 3596 1616 3649 esse,
1649 3586 1747 3639 aut
1781 3577 2078 3650 excogitari
2111 3579 2311 3647 potest,

300 3696 417 3754 quo
448 3679 635 3755 aliqua
660 3674 1293 3749 creaturasspropinquius
1334 3673 1449 3727 Deo
1485 3670 1788 3739 adhaereat,
1812 3684 1976 3742 quam
2005 3664 2148 3737 quod
2181 3663 2230 3716 ei
2261 3664 2315 3717 in

298 3770 524 3825 unitate
545 3783 793 3841 personae
820 3768 1201 3837 conjungatur.
1228 3762 1306 3817 Ex
1334 3761 1454 3835 ipsa
1479 3760 1645 3832 igitur
1670 3760 1866 3815 unione
1895 3766 2110 3813 naturae
2137 3753 2318 3807 huma-

299 3875 391 3917 nae
418 3857 491 3913 ad
516 3858 695 3914 Deum
719 3858 773 3911 in
802 3856 1013 3912 unitate
1036 3867 1307 3927 personae,
1332 3864 1672 3923 consequens
1699 3854 1868 3904 estut
1906 3846 2085 3904 anima
2115 3841 2312 3926 Christi

297 3946 471 4007 donis
531 3946 837 4019 gratiarum
896 3942 1269 4001 habitualibus
1321 3955 1438 4013 prae
1507 3937 1724 3995 caeteris
1783 3936 1948 3994 fuerit
2012 3934 2194 4008 plena.
2247 3930 2314 3987 Et
