2850 4517
580 391 702 450 326
1059 404 1111 446 s,
1156 404 1389 446 ’νησιω-
1431 403 1757 452 ΑουιΝΑτῑε
1800 402 2108 444 OPUSGULA

576 524 669 590 sit,
698 522 865 578 etiam
882 508 1114 576 mortem
1132 526 1374 576 nostram
1397 534 1495 592 pro
1518 518 1598 574 eis
1617 517 1879 573 debemus
1897 509 2232 582 ministrare,
2269 534 2296 569 »
2319 525 2374 572 et
2403 524 2595 589 postea

574 611 762 666 subdit
790 627 803 663 ε
830 631 855 662 α
879 611 1065 682 Lupus
1092 609 1294 664 etenim
1320 623 1486 681 super
1503 623 1635 664 oves
1661 606 1832 672 venit,
1861 622 1985 661 cum
2014 605 2246 678 quilibet
2271 605 2512 677 injustus
2540 615 2595 662 et

576 706 763 771 raptor
801 697 988 752 fideles
1016 713 1265 770 quosque
1294 705 1462 769 atque
1490 695 1724 751 humiles
1753 695 2033 767 opprimit,
2059 694 2156 750 sed
2188 695 2236 749 is
2278 693 2374 767 qui
2407 705 2596 766 pastor

575 786 866 842 videbatur
890 801 1011 840 esse
1042 791 1099 840 et
1127 801 1232 841 non
1272 791 1410 851 erat,
1445 784 1706 856 relinquit
1730 798 1860 838 oves
1890 789 1944 838 et
1969 781 2127 853 fugit,
2163 782 2294 855 quia
2321 780 2458 838 du'm
2490 783 2594 838 sibi

524 881 533 890 ‘
575 875 647 930 ab
672 889 737 930 eo
766 873 1068 946 periculum
1096 875 1312 940 metuit,
1345 874 1601 929 resistere
1631 873 1749 944 ejus
1776 871 2063 943 injustitiae
2091 885 2198 926 non
2228 869 2539 944 praesumit.
2567 893 2592 924 n

576 964 655 1018 Ex
692 963 892 1035 quibus
920 959 1103 1019 verbis
1128 969 1299 1036 patet,
1328 962 1475 1035 quod
1509 962 1578 1017 de
1603 955 1934 1016 necessitate
1972 959 2264 1032 pastoralis
2291 961 2454 1015 officii
2487 969 2590 1028 est,

580 1059 638 1106 ut
682 1049 982 1123 periculum
1032 1050 1227 1106 mortis
1272 1065 1378 1107 non
1408 1050 1645 1122 refugiat
1682 1055 1904 1122 propter
1934 1049 2115 1120 gregis
2155 1048 2260 1104 sibi
2310 1050 2593 1104 commissi

576 1139 839 1196 salutem.·
873 1136 1161 1212 obligatur
1190 1155 1321 1211 ergo
1360 1157 1425 1195 ex
1473 1141 1591 1211 ipso
1634 1139 1812 1194 officio
1849 1138 1953 1194 sibi
1997 1138 2290 1194 commisso
2339 1138 2409 1194 ad
2453 1138 2596 1194 hanc

519 1266 528 1276 ·
576 1229 967 1301 perfectionem
995 1229 1322 1294 dilectioniS‚
1350 1236 1412 1285 ut
1440 1223 1538 1302 pro
1563 1229 1826 1285 fratribus
1851 1221 2091 1284 animam
2117 1233 2303 1299 ponat.
2331 1227 2598 1284 Similiter

576 1318 744 1373 etiam
771 1317 839 1373 e'x
869 1317 1045 1374 officio
1088 1318 1345 1374 Pontifex·
1374 1317 1650 1389 obligatur
1679 1317 1748 1374 ad
1793 1317 1898 1373 hoc
1925 1312 2072 1388 quod
2114 1317 2256 1372 bona
2283 1317 2596 1388 spiritualia

580 1407 839 1476 proximis
870 1406 1238 1473 administret,
1272 1407 1429 1478 quasi
1461 1406 1685 1479 quidem
1716 1406 1985 1462 mediator
2013 1406 2157 1460 inter
2185 1406 2359 1460 Deum
2401 1413 2460 1460 et
2491 1404 2598 1460 ho-

580 1496 781 1550 minem
821 1491 1173 1561 constitutus,
1209 1497 1384 1551 vicem
1414 1497 1533 1569 ejus
1581 1512 1767 1568 agenS,
1816 1495 1910 1568 qui
1959 1501 2045 1550 est
2087 1493 2352 1550 mediator.
2389 1493 2501 1549 Dei
2547 1501 2598 1549 et

576 1583 849 1638 hominum
893 1582 1047 1640 Iesus
1076 1583 1342 1650 Christus,
1390 1593 1452 1641 ut
1496 1585 1718 1652 dicitur,
1769 1585 1794 1640 Ι
1839 1583 2078 1638 Timoth.
2121 1598 2182 1647 ιι,
2213 1583 2370 1653 cujus
2416 1583 2597 1654 figura

576 1675 789 1745 Moyses
806 1671 1018 1744 geram,
1050 1673 1268 1730 dicebat
1294 1675 1458 1730 Dent.
1483 1691 1517 1730 v
1549 1691 1563 1730 τ
1593 1674 1709 1746 qu
1732 1679 1995 1744 sequester
2021 1678 2075 1728 et
2099 1671 2300 1726 medius
2329 1670 2420 1742 fui
2445 1671 2596 1728 inter

577 1761 749 1817 Deum
776 1768 827 1818 et
850 1778 939 1816 vos
974 1761 1044 1824 in,
1065 1769 1295 1834 tempore
1324 1763 1415 1820 illo
1452 1779 1470 1820 .·
1495 1769 1552 1818 et
1575 1763 1701 1819 ideo
1736 1777 1928 1835 preces
1951 1770 2004 1817 et
2033 1761 2446 1816 obsecrationes
2479 1761 2594 1816 Deo

576 1850 633 1905 in
662 1865 892 1922 persona
913 1851 1097 1923 populi
1128 1853 1304 1918 offert,
1338 1852 1488 1925 quia,
1523 1859 1582 1906 ut
1603 1852 1805 1906 dicitur
1831 1850 1997 1905 Hebr.
2027 1867 2057 1904 v
2088 1867 2102 1903 ε
2133 1849 2320 1905 Omnis
2340 1849 2595 1921 Pontifex

562 1955 642 1993 -εω
686 1938 983 2010 hominibus
1022 1948 1325 2012 assumptus
1365 1955 1469 2012 pro
1521 1939 1822 1996 hominibus
1850 1938 2203 1995 constituitur
2248 1939 2308 1993 in
2329 1963 2332 1967 ·
2357 1939 2438 1994 his
2475 1955 2593 2009 quoe

560 2034 703 2083 -sunt
721 2027 792 2082 ad
822 2029 1005 2094 Deum,
1030 2037 1093 2085 ut
1116 2029 1309 2100 offerat
1336 2029 1475 2085 dona
1504 2036 1556 2086 et
1577 2027 1848 2099 sacrificia
1867 2043 1972 2099 pro
1992 2027 2241 2099 peccatis.
2267 2027 2375 2082 Sed
2404 2042 2594 2082 rursus

574 2121 867 2186 personam
914 2109 1013 2172 Dei
1060 2120 1201 2188 gerit
1240 2119 1295 2173 in
1336 2119 1748 2190 comparatione
1786 2117 1856 2172 ad
1894 2115 2173 2188 populum,
2217 2115 2345 2170 dum
2387 2115 2594 2188 populo

577 2204 736 2275 quasi
760 2205 967 2261 virtute
994 2206 1209 2273 Domini
1229 2205 1459 2278 judicia,
1488 2206 1836 2274 documenta,
1865 2204 2130 2277 exempla,
2159 2212 2214 2260 et
2239 2205 2598 2261 Sacramenta

577 2291 873 2352 ministrat.
905 2292 1059 2348 Unde
1089 2296 1281 2365 Apost.
1314 2294 1548 2361 dicit,·ll
1574 2296 1698 2350 Cor.
1729 2309 1772 2350 ιι
1801 2312 1814 2349 z
1842 2295 1958 2365 qu
1987 2293 2122 2364 quod
2143 2293 2363 2358 donavi,
2391 2294 2600 2366 siquid

578 2379 774 2434 donavi
787 2386 1019 2451 propter
1034 2398 1143 2447 vos,
1168 2383 1229 2436 in
1248 2398 1480 2453 persona
1499 2383 1708 2440 Christi
1732 2389 1828 2439 :et
1852 2384 1906 2438 in
1933 2383 2122 2438 eadem
2147 2382 2392 2454 Epistola
2413 2383 2553 2440 dicit
2583 2400 2598 2436 :

578 2467 669 2522 An
716 2467 1135 2540 eoeperimemum
1156 2469 1407 2540 quoeritis
1435 2470 1550 2541 ejus
1594 2471 1774 2542 quiin
1817 2487 1898 2526 me
1926 2469 2158 2542 loquitur
2186 2469 2486 2526 Christus?
2527 2472 2606 2526 Et

577 2555 869 2614 lCorinth.
904 2573 969 2614 tx
1015 2573 1028 2612 ε
1070 2559 1249 2614 Sinos
1276 2559 1421 2614 vobis
1456 2559 1774 2631 spiritual-ia
1799 2559 2195 2624 seminavimus,
2235 2574 2492 2631 maynum
2523 2567 2608 2617 est

576 2641 628 2700 si.
652 2660 747 2700 nos
774 2645 1020 2704 carnalia
1052 2653 1231 2720 vestra
1260 2647 1566 2704 metamus?
1599 2648 1680 2704 Ad
1726 2647 2034 2720 hujusmodi
2083 2656 2267 2704 autem
2295 2648 2608 2720 perfect²o-

578 2749 704 2790 nem
729 2733 984 2808 Episcopi
1025 2737 1080 2792 in
1116 2736 1217 2793 sita
1244 2736 1610 2804 ordinatione,
1651 2735 1739 2793 vel
1783 2737 2197 2792 consecratione
2225 2752 2286 2792 se
2327 2737 2604 2809 obligant,

577 2823 815 2880 sicut·et
860 2824 1099 2897 religiosi
1137 2825 1193 2881 in
1224 2841 1322 2883 sua
1360 2825 1716 2898 professione.
1748 2825 1902 2882 Unde
1949 2825 2429 2898 dicit'Apostolus,
2462 2828 2490 2882 1
2532 2828 2610 2885 'ad

579 2914 720 2969 Tim.
746 2913 849 2969 ult.
882 2930 896 2970 ε
922 2913 1085 2971 Certa
1114 2915 1301 2970 bonum
1322 2921 1588 2971 certamen
1613 2914 1761 2986 fidei,
1785 2906 2118 2986 apprehende
2142 2914 2310 2970 vitam
2335 2919 2613 2972 oeter‘nnm

577 2999 637 3057 in
666 3006 822 3072 qua'm
844 3010 1059 3058 vocatus
1099 3019 1170 3068 es,
1201 3010 1253 3060 et
1278 3003 1543 3074 confessas
1585 3003 1780 3059 bonam·
1801 3003 2176 3073 confessionem
2205 3020 2390 3059 coram
2417 3005 2616 3063 multi-s

566 3089 813 3156 testibus,
839 3090 1049 3146 scilicet
1066 3091 1120 3146 in
1146 3099 1243 3148 tua
1266 3092 1629 3159 ordinatione,
1655 3101 1716 3148 ut
1740 3091 1848 3163 glo.
1877 3091 2080 3147 ibidem
2105 3094 2351 3165 exponit.
2379 3093 2454 3148 Et
2481 3094 2616 3150 ideo

578 3178 831 3249 Episcopi
856 3185 1060 3235 statum
1081 3179 1434 3252 perfectionis
1457 3179 1678 3248 habent,
1705 3181 1850 3236 sicut
1874 3189 1929 3236 et
1947 3181 2212 3252 religiosi.
2239 3182 2400 3237 Sicut
2416 3191 2618 3240 autem

582 3267 635 3320 in
674 3264 925 3323 humanis
961 3268 1335 3325 contractibus
1378 3269 1580 3341 aliquae
1608 3269 1985 3326 solemnitates
2023 3262 2328 3325 secundum
2357 3270 2622 3328 humana

576 3357 697 3427 jura
729 3354 1073 3424 adhibentur,
1105 3365 1168 3412 ut
1196 3363 1514 3412 contractus
1542 3358 1748 3414 firmior
1775 3357 2063 3426 habeatur,
2098 3358 2176 3414 ita
2204 3373 2332 3414 cum
2357 3362 2623 3432 quadam

578 3444 925 3500 solemnitate
953 3452 1009 3501 et
1038 3445 1417 3501 benedictione
1441 3455 1618 3503 status
1641 3447 1974 3506 Pontificalis
1997 3447 2318 3513 assumitur,
2348 3457 2414 3503 et
2439 3450 2630 3506 etiam

564 3532 857 3604 :religionis
886 3532 1149 3604 professio
1178 3534 1506 3592 celebratur.
1538 3536 1692 3592 Unde
1721 3535 1919 3609 Diony.
1953 3535 2108 3604 dicit,
2149 3551 2209 3592 vt
2246 3551 2374 3608 cap.
2423 3539 2628 3595 Eccle.

582 3622 781 3678 hierar.
826 3622 895 3677 de
936 3622 1219 3690 monachis
1265 3623 1492 3696 loquens
1533 3642 1546 3679 ε
1593 3627 1818 3698 Propter
1868 3625 2015 3698 quod
2047 3631 2103 3680 et
2131 3623 2454 3696 perfectam
2493 3631 2636 3701 ipsis

581 3710 805 3766 donavit
849 3711 1085 3781 gratiam
1126 3701 1318 3770 sancta
1360 3711 1743 3784 legis-intimet
1783 3713 2025 3786 quadam
2066 3714 2217 3786 ipsos
2259 3712 2524 3784 dignata
2551 3727 2640 3776 est

582 3797 982 3856 sanctificativa
1020 3799 1387 3857 invocatione.

1439 3977 1730 3998 m
