2850 4517
788 370 836 419 1.
864 387 948 404 -
973 373 1374 420 compertorum
1427 375 1790 421 rnnonoem
2212 363 2299 424 ’73

280 485 445 557 fama,
477 503 606 562 quae
641 486 807 546 alicui
835 487 1108 546 debentur
1135 490 1441 550 secundum
1466 491 1614 565 quod
1638 491 1800 548 finem
1830 491 1948 567 jam
1990 485 2178 561 habet,
2205 493 2291 552 vel

281 579 348 636 ad
371 577 540 635 finem
580 577 718 635 bene
740 577 1045 652 dispositus
1071 585 1159 635 eat
1184 594 1199 634 ε
1226 579 1324 635 sed
1352 593 1454 636 nec
1482 579 1537 636 in
1560 581 1869 653 cognitione
1898 589 2292 656 quarumcum-

281 682 386 741 que
414 682 603 725 rerum
622 666 792 724 etiam
820 683 988 741 supra
1015 667 1291 738 hominem
1315 669 1689 738 existentium,
1721 684 1845 726 cum
1874 669 1930 726 in
1954 670 2069 729 sola
2106 672 2292 730 divina

281 755 594 828 cognitione
613 756 946 813 desiderium
975 757 1213 816 hominis
1249 757 1547 832 quietetur.

1018 875 1301 1002 CAPUT
1348 909 1524 994 CIX·

353 1029 534 1108 Quod
557 1030 728 1093 solus
753 1032 920 1096 Deus
946 1036 1035 1095 est
1063 1031 1250 1095 bonus
1273 1051 1384 1112 per
1410 1033 1747 1112 essentiam,
1779 1038 2071 1100 creatum
2090 1052 2227 1100 vero

941 1137 1052 1200 per
1097 1121 1654 1202 participationem.

345 1243 428 1301 Ex
455 1244 755 1317 praemissis
791 1244 958 1318 igitur
1001 1253 1250 1318 apparet,
1277 1246 1427 1320 quod
1467 1243 1833 1304 diversimode
1873 1261 1934 1304 se
1968 1246 2175 1305 habent
2224 1249 2292 1306 ad

279 1329 585 1389 bonitatem
613 1333 761 1390 Deus
788 1341 863 1410 et·
881 1342 1154 1392 creaturae
1179 1335 1481 1392 secundum
1507 1333 1781 1409 duplicem
1822 1336 2044 1393 modum
2072 1333 2294 1393 bonita-

281 1422 365 1489 tis,
397 1437 528 1496 quae
555 1424 611 1479 in
636 1422 904 1481 creaturis
933 1430 1118 1499 potest
1141 1424 1498 1483 considerari.
1530 1427 1665 1482 Cum
1694 1424 1839 1482 enirn
1866 1425 2069 1482 bonum
2093 1423 2293 1482 habeat

185 1539 190 1544 ·
278 1510 548 1567 rationem
588 1511 941 1584 perfectionis
979 1519 1034 1569 et
1073 1511 1213 1582 finiS,
1242 1514 1542 1570 secundum
1582 1513 1856 1587 duplicem
1902 1512 2293 1588 perfectionem

277 1604 331 1655 et
352 1599 528 1656 finem
552 1609 824 1659 creaturae
851 1601 1156 1659 attenditur
1176 1601 1376 1676 duplex
1395 1605 1516 1675 ejus
1543 1603 1779 1660 bonitas·
1805 1602 2124 1662 Attenditur
2146 1602 2292 1658 enim

275 1689 540 1762 quaedam
566 1689 836 1748 creaturae
872 1691 1138 1765 perfectio
1183 1692 1485 1749 secundum
1520 1692 1668 1766 quod
1710 1692 1765 1749 iu
1806 1708 1907 1750 sua
1934 1699 2133 1750 natura
2161 1707 2291 1764 per-

274 1777 444 1849 sistit,
473 1784 534 1836 et
555 1778 674 1836 haec
703 1787 788 1837 est
815 1780 938 1836 finis
963 1781 1350 1852 generationiS,
1385 1787 1482 1840 aut
1508 1780 1763 1839 factionis
1787 1781 1980 1857 ipsius·
2007 1780 2131 1838 Alia
2160 1796 2289 1837 vero

272 1867 546 1940 perfectio
576 1867 748 1941 ipsius
778 1870 1100 1936 attenditur,
1133 1887 1298 1943 quam
1338 1871 1693 1944 consequitur
1727 1887 1825 1944 per
1869 1886 2029 1927 suum
2056 1876 2285 1936 motum,

273 1956 352 2014 vel
386 1954 797 2029 operationem,
839 1963 894 2012 et
929 1957 1049 2034 haec
1085 1963 1171 2012 est
1199 1957 1321 2013 finis
1351 1963 1555 2026 motus,
1586 1957 1672 2014 vel
1704 1959 2039 2031 operationis
2073 1959 2246 2031 ipsius
2273 1975 2286 2012 ε

273 2045 588 2106 secundum
615 2051 907 2117 utramque
934 2059 1064 2100 vero
1092 2052 1346 2101 creatura
1374 2044 1561 2101 deficit
1586 2061 1618 2102 a
1640 2044 1886 2102 bonitate
1909 2046 2097 2103 divina
2124 2062 2139 2102 ε
2168 2061 2292 2103 nam

274 2153 398 2194 curn
429 2135 631 2200 forma,
674 2139 731 2190 et
777 2149 896 2190 esse
932 2134 1012 2189 rei
1051 2133 1124 2191 sit
1166 2133 1369 2190 bonum
1409 2141 1467 2190 et
1495 2133 1758 2208 perfectio
1784 2133 1958 2208 ipsius
1990 2135 2293 2193 secundum

275 2225 424 2300 quod
452 2224 512 2280 in
544 2228 740 2280 natura
769 2223 1164 2292 consideratur,
1201 2221 1511 2280 substantia
1540 2223 1847 2296 composita
1873 2239 2052 2299 neque
2080 2231 2165 2282 est
2192 2241 2292 2283 sua

275 2315 472 2381 forma,
498 2327 677 2386 neque
701 2326 860 2370 suum
891 2328 1032 2380 esse,
1064 2311 1374 2370 substantia
1395 2327 1526 2369 vero
1553 2312 1786 2386 simplex
1809 2321 2015 2384 creata,
2047 2321 2103 2372 et
2142 2313 2189 2372 si
2218 2316 2290 2374 sit

276 2404 395 2478 ipsa
423 2403 619 2470 forma,
649 2417 755 2459 non
785 2411 967 2459 tamen
993 2407 1076 2480 est
1099 2416 1261 2459 suum
1288 2405 1429 2459 es‘se.
1460 2404 1605 2470 Deus
1630 2418 1760 2460 vero
1780 2409 1865 2460 est
1902 2420 2002 2462 sua
2028 2407 2289 2477 essentia,

277 2499 333 2550 et
355 2508 519 2549 suurn
547 2507 693 2561 esse,
716 2498 775 2548 ut
801 2506 966 2564 supra
995 2497 1275 2549 ostensum
1307 2498 1411 2548 est.
1443 2492 1707 2549 Similiter
1726 2493 1895 2550 etiam
1920 2509 2111 2551 omnes
2133 2510 2291 2552 crea·

277 2590 420 2640 turae
449 2586 859 2655 consequuntur
884 2580 1182 2654 perfectam
1212 2580 1526 2639 bonitatem
1559 2597 1627 2638 ex
1661 2582 1765 2638 fine
1794 2583 2124 2640 extrinseco.
2154 2585 2293 2639 Per-

277 2671 444 2728 fectio
493 2670 644 2727 enim
693 2670 954 2727 bonitatis
1010 2670 1262 2727 consistit
1304 2670 1360 2726 in
1402 2671 1694 2743 adeptione
1730 2671 1855 2727 finis
1898 2671 2099 2728 ultimi.
2142 2671 2293 2728 Finis

279 2767 467 2820 autem
497 2759 724 2816 ultimus
747 2758 1038 2831 cujuslibet
1063 2766 1333 2816 creaturae
1367 2765 1453 2814 est
1476 2766 1633 2815 extra
1662 2759 1858 2830 ipsum,
1877 2761 1971 2834 qui
1996 2767 2081 2816 εει
2106 2759 2292 2817 divina

278 2850 518 2916 bonitas„
547 2864 675 2922 quae
696 2847 919 2921 quidem
949 2863 1056 2904 non
1095 2847 1381 2902 ordinatur
1422 2847 1492 2901 ad
1530 2846 1848 2902 ulteriorem
1887 2848 2069 2904 finem.
2102 2849 2297 2905 Relin-

280 2941 466 3014 quitur
499 2938 688 3010 igitur,
721 2937 865 3010 quod
910 2938 1057 2992 Deus
1093 2934 1274 2990 modis
1311 2933 1562 2989 omnibus
1602 2937 1689 2988 est
1732 2947 1831 2988 sua
1866 2933 2103 3002 bonitaS,
2132 2939 2187 2990 et
2209 2943 2293 2992 est
2361 3009 2368 3019 Ι

280 3027 650 3086 essentialiter
673 3025 867 3094 bonus,
899 3041 1010 3082 non
1041 3031 1226 3083 autem
1255 3031 1527 3080 creaturae
1555 3021 1851 3094 simplices,
1886 3027 2003 3078 tum
2038 3023 2291 3095 quianon

280 3125 404 3176 sunt
452 3132 616 3174 suum
662 3131 802 3184 esse,
849 3124 968 3173 tum
1012 3114 1142 3188 quia
1188 3113 1512 3170 ordinantur
1560 3113 1631 3170 ad
1679 3112 1887 3187 aliquid
1925 3113 2294 3170 extrinsecum

281 3209 422 3266 sicut
450 3207 522 3264 ad
551 3204 805 3263 ultimum
845 3206 1029 3262 finem.
1067 3205 1127 3260 In
1156 3203 1479 3260 substantiis
1507 3217 1637 3260 vero
1676 3201 1995 3276 compositis
2030 3203 2293 3260 manifes-

283 3303 397 3354 tum
435 3302 541 3364 est,
576 3295 721 3369 quod
750 3294 898 3351 nullo
925 3293 1086 3351 modo
1114 3299 1242 3350 sunt
1269 3308 1371 3350 sua
1397 3293 1636 3350 bonitas.
1662 3291 1820 3350 Solus
1846 3291 2013 3364 igitur
2039 3293 2184 3349 Deus
2210 3300 2299 3350 est

248 3421 250 3426 ·
283 3401 377 3442 sua
421 3385 664 3453 bonitaS,
697 3391 752 3442 et
789 3380 1156 3440 essentialiter
1183 3382 1358 3439 bonus
1389 3397 1404 3438 ε
1439 3381 1547 3441 alia
1577 3398 1706 3439 vero
1742 3381 1999 3440 dicuntur
2036 3381 2177 3440 bona
2201 3397 2297 3439 se-

284 3476 522 3532 cundum
565 3473 1045 3582 participatienem
1081 3473 1323 3546 aliquam
1361 3471 1551 3546 ipsius,

1006 3672 1012 3680 -
1040 3627 1323 3696 CAPUT
1393 3627 1537 3696 CX.

492 3753 673 3833 Quod
697 3755 866 3818 Deus
891 3770 1012 3817 non
1029 3755 1231 3834 potest
1255 3768 1430 3816 suam
1458 3751 1779 3817 bonitatem
1800 3749 2093 3815 amittere.

353 3883 453 3937 Per
483 3879 590 3936 hoc
619 3885 808 3948 autem
833 3883 1082 3954 apparet,
1113 3879 1262 3952 quod
1286 3879 1438 3936 Deus
1456 3877 1607 3934 nullo
1634 3877 1795 3934 modo
1834 3881 2021 3951 potest
2063 3871 2299 3934 deiicere

291 3983 323 4024 a
366 3969 640 4028 bonitate.
673 3969 832 4040 Quod
873 3969 1019 4026 enim
1065 3967 1227 4026 alicui
1273 3965 1643 4028 essentialiter
1677 3966 1839 4035 inest,
1866 3978 1976 4024 non
2025 3970 2207 4040 potest
2249 3967 2300 4023 ei
