2850 4517
432 328 555 390 446
730 308 735 311 ’
912 344 966 399 s.
1010 341 1247 389 mona
1282 341 1615 393 Aoum-m
1652 340 1966 415 mecm

434 463 574 519 ritus
598 460 831 519 Sanctus
858 459 975 516 dat.
1004 458 1201 515 Ezech.
1232 474 1278 517 ιι
1308 474 1324 514 z
1363 458 1641 532 lnqmm
1666 464 1747 515 est
1769 456 1938 520 inme
1961 454 2216 529 spirius,
2239 460 2293 513 et
2327 461 2478 513 sta--

433 551 544 609 tuit
568 568 653 607 me
672 566 836 623 super
852 549 1008 625 pedes
1032 565 1193 607 meos.
1216 549 1313 605 Est
1341 554 1528 605 autem
1557 549 1676 605 haec
1711 548 1976 605 fortitudo
2012 548 2182 621 quain
2207 546 2454 620 spii-itm

433 642 667 698 Sanctus
702 640 821 709 dat,
848 646 920 695 ut
959 654 1056 695 cor
1087 636 1325 715 nominis
1350 654 1460 694 non
1485 637 1708 695 deficiat
1735 638 1932 694 timore
1957 652 2145 693 rernm
2183 650 2460 693 necessa·-

434 730 681 797 riarium‚
710 729 810 786 sed
842 728 1033 785 credat
1070 727 1301 799 firmiter
1328 727 1476 801 quod
1511 728 1694 783 omnia
1720 742 1848 799 quae
1871 732 2002 783 sunt
2028 726 2082 781 ei
2109 724 2454 793 necessaria,

436 820 815 877 ministrentur
846 818 955 875 sibi
979 834 1017 876 a
1041 819 1177 875 Deo.
1207 816 1278 873 Et
1314 817 1440 873 ideo
1465 816 1701 888 Spiritus
1721 817 1955 873 Sanctus
1974 814 2075 888 qui
2105 815 2252 871 hanc
2283 814 2458 871 forti-

342 930 347 935 ·
435 905 683 963 tudinem
700 906 818 974 dat,
840 906 1002 963 docet
1022 922 1121 963 nos
1137 912 1325 979 petere
1346 922 1383 963 a
1402 906 1520 961 Deo
1551 922 1566 960 :
1591 904 1792 961 Panem
1811 910 2056 961 nostrum
2068 901 2457 975 quotidianum

434 995 506 1051 da
540 996 688 1051 nobis
728 994 879 1051 hodie
906 1011 927 1053 .·
956 995 1103 1051 unde
1133 992 1371 1067 Spiritus
1406 994 1744 1051 fortitudinis
1778 993 2004 1051 dicitur.
2035 992 2334 1049 Sciendum
2359 998 2454 1049 est

434 1092 642 1151 autem,
680 1084 829 1157 quod
872 1084 930 1141 in
967 1082 1143 1141 tribus
1180 1084 1614 1154 praecedentibus
1647 1082 2006 1156 petitionibus
2025 1088 2294 1154 petuntur
2327 1082 2451 1153 spi-

433 1172 677 1237 ritualia,
716 1186 841 1245 quae
868 1171 959 1228 hic
980 1171 1305 1229 inchoantur
1328 1171 1385 1227 in
1408 1170 1512 1227 hoc
1541 1171 1762 1238 mundo,
1797 1170 2034 1235 sednon
2065 1168 2445 1242 perficiuntur3

436 1260 542 1317 nisi
580 1262 636 1317 in
662 1261 775 1319 vit'a
802 1270 1032 1318 aeterna.
1064 1261 1208 1323 Cum,
1228 1259 1375 1319 enim
1402 1260 1640 1332 petimus
1674 1260 1824 1333 quod
1847 1259 2226 1318 sanctificetur
2247 1274 2451 1319 nomen

434 1351 557 1417 Dei,
590 1351 827 1422 petimus
864 1348 1013 1426 quod
1040 1356 1405 1421 cognoscatur
1437 1350 1707 1407 sanctitas
1730 1344 1851 1405 Dei.
1881 1349 2020 1405 Cum
2055 1364 2188 1405 vero
2210 1349 2450 1421 petimus

436 1428 582 1514 quod
612 1438 871 1495 adveniat
907 1454 1133 1509 regnum
1168 1440 1288 1505 Dei,
1332 1440 1568 1511 petimus
1594 1438 1744 1513 quod
1782 1436 1952 1498 simus
1980 1438 2274 1511 participes
2309 1438 2446 1495 vitae

436 1535 677 1585 aeternae.
708 1527 845 1583 Cum
868 1532 1059 1585 autem-
1074 1542 1295 1585 oramus
1320 1527 1466 1599 quod
1495 1528 1592 1585 fiat
1613 1527 1866 1585 voluntas
1891 1527 2014 1595 Dei,
2039 1527 2270 1599 petimus
2289 1526 2440 1599 quod

436 1615 776 1687 compleatur
812 1616 1068 1674 voluntas
1094 1617 1211 1688 ejus
1252 1618 1307 1673 iu
1352 1616 1532 1673 nobis.
1563 1616 1698 1686 Quae
1724 1618 1907 1674 omnia
1947 1616 2078 1673 etsi
2120 1614 2440 1671 inchoentur

436 1706 492 1762 in
530 1704 634 1763 hoc
680 1706 900 1774 mundo,
946 1721 1053 1762 non
1090 1712 1272 1763 tamen
1320 1712 1547 1779 possunt
1585 1706 1771 1763 haberi
1816 1706 2057 1779 perfecte
2091 1704 2194 1761 nisi
2229 1704 2288 1759 in
2327 1704 2447 1761 vita

436 1804 643 1853 aeterna
690 1812 704 1851 z
733 1800 789 1871 et
822 1795 943 1851 ideo
983 1795 1351 1853 necessarium
1376 1794 1483 1852 fuit
1523 1794 1708 1868 aliqua
1734 1800 1923 1869 petere
1955 1793 2287 1862 necessaria,
2323 1808 2450 1868 quae

436 1885 679 1959 perfecte
706 1890 926 1957 possent
953 1875 1143 1943 haberi
1169 1884 1225 1941 in
1252 1885 1367 1942 vita
1395 1884 1651 1959 praesenti
1697 1902 1710 1939 ε
1743 1893 1798 1940 et
1837 1884 1963 1941 inde
1999 1892 2086 1940 est
2123 1883 2272 1956 quod
2319 1884 2448 1957 Spi-

436 1968 577 2032 ritus¹
634 1974 867 2030 Sanctus
915 1974 1101 2031 docuit
1142 1980 1327 2047 petere
1378 1974 1686 2031 necessaria
1741 1973 1798 2029 in
1845 1975 1959 2030 vita
1999 1973 2282 2046 praesenti,
2321 1988 2448 2045 quae

376 2110 383 2119 .
437 2062 677 2132 perfecte
704 2062 793 2119 hic
822 2063 1113 2121 habentur.
1150 2063 1323 2119 Simul
1362 2064 1534 2119 etiam
1559 2074 1621 2120 ut
1649 2063 1905 2121 ostenda-t
1929 2062 2080 2135 quod
2105 2063 2276 2119 etiam
2304 2070 2448 2119 tern-

436 2151 644 2223 poralia
674 2152 1029 2228 providentur
1053 2151 1212 2209 nobis
1254 2168 1286 2209 a
1320 2154 1458 2221 Dec,
1490 2158 1546 2209 et
1588 2153 1690 2209 hoc
1719 2159 1811 2210 est
1840 2152 1990 2225 quod
2025 2150 2164 2207 dicit
2201 2166 2215 2207 ι
2245 2150 2448 2207 Panem

436 2246 680 2295 nostrum
711 2240 1079 2312 quotidianum
1114 2241 1187 2295 da
1228 2241 1378 2296 nobis
1412 2242 1568 2298 hodie
1598 2259 1620 2299 .·
1666 2244 1722 2297 in
1760 2240 1962 2315 >quibus
1997 2240 2223 2313 quidem
2265 2240 2450 2297 verbis

438 2326 629 2382 docuit
662 2341 763 2381 nos
792 2327 964 2381 'vitare
992 2327 1235 2399 quinque
1262 2337 1510 2399 peccata,
1541 2344 1670 2401 quae
1704 2335 2101 2385 consueverunt
2129 2328 2448 2399 contingere

439 2430 507 2472 ex
552 2413 823 2469 desiderio
864 2429 1049 2471 rerum
1090 2415 1494 2486 temporalium.
1539 2418 1780 2473 Primum
1825 2423 2110 2489 peccatum
2153 2423 2250 2483 est,
2293 2417 2440 2488 quod

437 2492 618 2568 hom0‚
642 2509 737 2573 per
766 2500 1185 2559 immoderatum
1206 2489 1538 2576 appetitum,
1559 2505 1699 2577 petit
1721 2520 1788 2561 ea
1812 2520 1937 2578 quae
1957 2511 2169 2561 statum
2181 2510 2236 2561 et
2255 2504 2442 2561 condi

438 2587 643 2647 tionem
683 2590 803 2662 ejus
830 2591 1125 2659 excedunt,
1151 2608 1257 2648 non
1284 2597 1578 2650 contentus
1603 2592 1690 2649 his
1720 2609 1846 2667 quae
1871 2593 2070 2650 decent
2093 2610 2274 2651 eum·
2299 2594 2442 2651 sicut

402 2676 406 2680 ’
436 2678 485 2735 si
512 2678 789 2737 desiderat
818 2670 1017 2749 vestes,
1050 2695 1159 2738 non
1186 2680 1309 2740 vult
1339 2698 1434 2739 eas
1466 2691 1526 2739 ut
1555 2682 1734 2753 miles,
1755 2683 1804 2739 si
1835 2690 1921 2739 est
1963 2682 2140 2751 miles,
2183 2683 2278 2739 sed
2303 2682 2448 2739 sicut

437 2784 624 2826 omnes
661 2786 677 2825 ε
716 2785 824 2825 ιιοιι
863 2776 925 2825 ut
952 2768 1201 2838 (aleriensi,
1242 2772 1289 2829 si
1328 2780 1413 2828 est
1453 2771 1702 2840 clericae,
1731 2772 1828 2829 sed
1865 2772 2010 2829 sicut
2041 2773 2348 2845 episcopm,
2390 2777 2448 2827 et

435 2859 541 2915 hoc
572 2860 780 2917 vitium
818 2859 1045 2916 retrahit
1072 2860 1394 2917 homines-a
1427 2861 1821 2933 spiritualibuS,
1874 2862 1930 2917 in
1973 2866 2242 2936 quantum
2283 2859 2448 2916 nimis

436 2947 667 3005 inhaeret
706 2966 896 3006 eorum
933 2948 1265 3007 desiderium
1292 2950 1703 3023 temporalibus·
1747 2952 1862 3008 Hoc
1904 2958 2090 3010 autem
2117 2950 2316 3007 vitium
2341 2950 2444 3007 do-

438 3037 553 3093 cuit
592 3054 693 3095 nos
731 3038 905 3096 vitare
938 3027 1223 3107 DominuS,
1261 3040 1466 3095 docens
1495 3056 1592 3095 nos
1636 3046 1822 3113 petere
1865 3055 2074 3113 panem.
2103 3046 2340 3105 tantum,
2390 3038 2446 3095 id

438 3130 523 3181 est
542 3128 850 3184 necessaria
877 3128 947 3185 ad
974 3134 1299 3202 praesentem
1328 3129 1504 3185 vitam*
1525 3130 1826 3185 secundnm
1855 3128 2226 3185 conditionem
2253 3127 2448 3183 unius-

438 3214 719 3287 cujusque,
753 3232 876 3288 quae
904 3218 1087 3274 omnia
1114 3218 1216 3275 sub
1240 3218 1461 3274 nomine
1491 3212 2048 3290 panis'intelliguntur
2091 3235 2109 3273 :⁴
2151 3218 2297 3275 unde
2337 3232 2446 3273 non

432 3302 623 3360 'docuit
666 3301 899 3360 delicata
947 3314 1150 3377 petere,
1198 3321 1307 3363 non
1348 3306 1583 3373 diversa,
1626 3322 1733 3362 non
1775 3307 2066 3380 exquisita,
2108 3308 2204 3363 sed
2249 3322 2447 3379 panem

436 3393 554 3449 sine
582 3408 689 3466 quo
728 3394 842 3450 vita
883 3393 1116 3450 hominis
1151 3394 1279 3451 duci
1308 3411 1415 3452 non
1451 3402 1647 3468 potest,
1685 3395 1838 3468 quia
1854 3395 2104 3453 omnibus
2139 3397 2448 3453 communis

437 3490 543 3539 est.
581 3482 895 3559 Ecclesiast.
928 3499 1120 3541 xx1x·
1152 3483 1381 3541 Initium
1406 3484 1532 3542 vitoe
1555 3484 1784 3541 homines
1811 3483 1967 3557 panis
1990 3491 2042 3541 et
2065 3502 2223 3571 aqna.
2265 3488 2447 3558 Apos-

439 3570 584 3625 tolus
628 3572 653 3626 l
693 3570 931 3629 Timoth.
969 3588 1029 3627 vi
1070 3588 1089 3629 .·
1136 3571 1400 3651 Habentes
1441 3573 1713 3639 alimenta,
1757 3579 1804 3629 et
1831 3573 2048 3646 quibus
2059 3580 2322 3645 teqamttr,
2365 3574 2448 3630 his

438 3659 668 3717 contenti
703 3660 890 3717 simus.
920 3661 1229 3719 Secundum
1260 3663 1460 3719 vitium
1485 3652 1570 3719 est
1601 3663 1746 3736 quod
1777 3662 1946 3735 aliqui
1984 3663 2040 3717 in
2084 3658 2450 3737 acquisitione

439 3764 618 3803 rerum
659 3750 1039 3822 temporalium
1075 3750 1215 3809 alios
1254 3751 1568 3820 molestant,
1598 3759 1656 3808 et
1693 3750 2040 3808 defraudant.
2089 3753 2204 3808 Hoc
2249 3752 2446 3808 vitium

438 3842 533 3890 est·
552 3838 687 3892 adeo
714 3838 1078 3909 periculosum
1102 3841 1253 3914 quod
1280 3850 1381 3899 est·
1402 3840 1621 3897 difficile
1647 3840 1790 3898 bona
1823 3840 2004 3897 ablata
2049 3841 2290 3897 restitui.
2325 3842 2450 3898 Non

440 3922 585 3977 euim
622 3923 919 3983 dimittitur
966 3938 1269 3999 peccalum,
1309 3930 1413 3987 nisi
1471 3929 1793 3989 restituatur
1837 3929 2099 3997 ablatum,
2145 3930 2448 3989 seeundum
