2850 4517
571 350 655 411 90
723 402 728 403 ff
1051 365 1108 411 s.
1151 361 1382 406 ‘monae
1424 359 1749 410 Aomrmns
1791 357 2100 400 causeum

577 482 754 538 noscit
785 497 800 537 ε
828 481 944 537 Deo
969 484 1154 536 autem
1180 476 1420 548 cognitio
1457 471 1819 546 singularium
1854 470 2033 529 videri
2078 474 2259 543 potest
2298 470 2489 528 deesse
2514 486 2581 526 ex

575 570 699 637 hoc,
727 570 871 644 quod
911 567 1208 640 singularia
1245 582 1352 622 non
1397 564 1701 630 intellectu,
1728 560 1826 619 sed
1871 577 2035 618 sensu
2072 569 2497 632 cognoscuntur.
2522 562 2579 617 In

579 661 896 720 Deo-autem
916 657 1010 731 qui
1035 654 1253 712 omnino
1283 655 1635 727 incorporeus
1659 660 1761 719 est,
1794 667 1903 717 non
1924 656 2109 723 potest
2134 665 2256 706 esse
2298 650 2578 717 sensitiva,

579 747 673 804 sed
697 746 873 803 solum
902 744 1238 803 intellectiva
1265 743 1527 815 cognitio.
1557 743 1744 798 Potest
1768 739 1937 812 igitur
1965 738 2130 796 alicui
2168 738 2343 796 videri
2386 755 2453 794 ex
2479 737 2585 796 hoc

580 837 722 908 quod
750 835 1047 908 singularia
1077 851 1108 892 a
1145 831 1331 889 divina
1373 829 1716 906 providentia
1744 846 1852 886 non
1899 827 2239 885 ordinentur.
2269 827 2429 894 Item,
2458 843 2585 883 cum

578 923 876 998 singularia
899 925 1008 980 sint
1047 923 1280 989 infinita,
1299 919 1635 978 infinitorum
1660 927 1843 977 autem
1868 933 1973 974 non
1997 917 2173 990 possit
2195 931 2317 973 esse
2344 918 2585 988 cognitio

585 1013 872 1084 (infinitum
903 1013 1047 1068 enim
1073 1019 1132 1068 ut
1162 1011 1244 1067 sic
1267 1017 1351 1066 est
1376 1010 1665 1082 ignotum),
1696 1008 1915 1065 videtur
1943 1006 2091 1081 quod
2114 1004 2412 1078 singularia
2438 1007 2589 1063 divi-

581 1117 708 1158 nam
736 1099 1102 1173 cognitionem
1134 1107 1189 1156 et
1227 1098 1629 1171 providentiam
1671 1096 1950 1168 effugiant.
1982 1093 2193 1159 Adhuc,
2228 1093 2588 1166 singularium

583 1189 755 1247 multa
807 1188 1179 1260 contingentia
1229 1192 1401 1244 sunt:
1442 1187 1638 1244 horum
1679 1191 1864 1243 autem
1910 1200 2017 1241 non
2057 1191 2239 1256 potest
2280 1199 2403 1240 esse
2435 1191 2587 1241 certa

583 1278 834 1338 scientia.
879 1279 1014 1334 Cum
1052 1278 1219 1350 igitur
1269 1276 1557 1333 scientiam
1596 1275 1697 1333 Dei
1740 1281 1991 1357 oporteat
2036 1285 2157 1330 esse
2198 1272 2585 1342 certissimam,

583 1366 804 1424 videtur
828 1364 975 1440 quod
999 1363 1296 1438 singularia
1323 1381 1432 1422 non
1456 1371 1991 1440 cognoscantur,nec
2011 1363 2371 1436 disponantur
2394 1379 2427 1420 a
2450 1363 2587 1420 Deo.

586 1446 876 1523 Praeterea,
905 1455 1201 1528 singularia
1221 1472 1325 1512 non
1355 1455 1540 1512 omnia
1562 1453 1724 1512 simul
1754 1461 1899 1520 sunt,
1918 1453 2064 1526 ‚quia
2088 1451 2417 1525 quibusdam
2454 1467 2589 1508 suc-

587 1545 907 1602 cedentibus
932 1544 1039 1602 alia
1075 1552 1499 1617 corrumpuntur
1526 1561 1539 1600 τ
1568 1559 1757 1600 eorum
1785 1549 1971 1600 autem
1998 1557 2123 1615 quae
2159 1557 2267 1597 non
2303 1547 2450 1606 sunt,
2484 1555 2589 1599 non

589 1641 769 1706 potest
797 1650 919 1690 esse
943 1633 1192 1690 scientia.
1220 1633 1276 1690 Si
1300 1633 1467 1705 igitur
1491 1629 1847 1705 singularium
1877 1634 2025 1688 Deus
2060 1629 2346 1686 scientiam
2362 1628 2586 1694 habeat,

591 1723 840 1796 sequitur
863 1723 1007 1796 quod
1033 1722 1284 1796 quaedam
1327 1722 1469 1779 scire
1494 1721 1739 1794 incipiat,
1766 1727 1823 1778 et
1844 1720 2081 1790 desinat,
2113 1737 2179 1775 ex
2204 1735 2313 1793 quo
2340 1719 2591 1791 sequitur

593 1828 718 1871 eum
757 1828 876 1873 esse
899 1811 1234 1869 mutabilem.
1264 1811 1388 1868 Non
1413 1809 1581 1884 igitur
1608 1810 1825 1868 videtur
1866 1809 2223 1882 singularium
2250 1806 2503 1918 cognitor
2534 1810 2590 1862 et

591 1901 886 1975 dispositor
906 1918 1046 1962 esse.

1237 2072 1523 2142 CAPUT
1566 2071 1939 2140 CXXXIII.

1055 2213 1295 2276 Salutio
1318 2210 1761 2291 praedictarum
1796 2213 2128 2275 rationum.

2478 2280 2523 2290 -x

667 2345 774 2404 Sed
793 2345 914 2404 haec
939 2344 1098 2402 facile
1127 2346 1433 2414 solvuntur,
1460 2347 1505 2403 si
1537 2347 1661 2419 quis
1688 2347 1767 2402 rei
1793 2347 2083 2403 veritatem
2104 2339 2433 2401 consideret.
2457 2341 2595 2398 Cum

601 2435 741 2492 enim
770 2436 916 2492 Deus
961 2435 1201 2508 seipsum
1235 2434 1472 2508 perfecte
1512 2442 1825 2508 cognoscat,
1850 2441 2065 2509 oportet
2110 2433 2265 2508 quod
2303 2436 2596 2504 cognoscat

601 2539 758 2582 omne
787 2524 932 2597 quod
971 2523 1025 2579 in
1061 2523 1181 2596 ipso
1214 2527 1298 2580 est
1337 2540 1683 2598 quocumque
1721 2523 1903 2581 mod0.
1930 2526 2067 2581 Cum
2108 2529 2293 2580 autem
2325 2521 2395 2578 ab
2430 2535 2496 2575 eo
2524 2518 2596 2576 sit

602 2612 779 2670 omnis
801 2613 1038 2669 essentia
1055 2621 1111 2669 et
1134 2612 1310 2668 virtus
1327 2614 1470 2670 entis
1494 2615 1691 2691 creati:
1720 2612 1883 2687 (quod
1900 2621 2085 2671 autem
2105 2619 2188 2668 est
2208 2611 2278 2669 ab
2297 2611 2477 2684 aliquo
2497 2610 2599 2667 vir·

602 2708 719 2758 tute
751 2701 808 2758 in
835 2700 953 2774 ipso
977 2703 1100 2774 est),
1134 2710 1356 2759 necesse
1386 2709 1470 2758 est
1504 2703 1649 2776 quod
1674 2703 1911 2775 seipsum
1946 2717 2279 2774 cognoscens
2304 2695 2597 2770 cognoscat

601 2790 894 2847 essentiam
936 2790 1078 2848 entis
1117 2792 1307 2859 creati,
1337 2799 1394 2848 et
1436 2791 1699 2865 quicquid
1737 2790 1793 2847 in
1835 2807 1899 2848 eo
1941 2791 2143 2847 virtute
2177 2797 2280 2857 est,
2312 2789 2481 2845 etiam
2518 2787 2599 2842 sic

601 2880 877 2951 cognoscit
909 2881 1090 2963 omnia
1128 2881 1445 2954 singularia,
1473 2896 1596 2953 quae
1635 2881 1837 2938 virtute
1866 2887 1994 2937 sunt
2030 2881 2083 2936 in
2120 2879 2259 2952 ips0‚
2292 2884 2347 2933 et
2379 2878 2435 2934 in
2473 2875 2600 2933 aliis

601 2969 714 3024 suis
749 2970 948 3037 causis,
978 2986 1076 3026 nec
1104 2978 1190 3028 est
1216 2970 1392 3028 simile
1419 2971 1489 3027 de
1516 2969 1827 3042 cognitione
1857 2969 2163 3025 intellectus
2184 2966 2355 3025 divini
2382 2973 2437 3022 et
2463 2981 2601 3022 nos-

603 3056 691 3124 tri,
721 3062 780 3112 ut
805 3056 978 3130 prima
1002 3059 1145 3114 ratio
1184 3057 1515 3132 procedebat
1546 3075 1560 3112 :
1592 3074 1720 3114 nam
1748 3057 2059 3117 intellectus
2102 3063 2287 3113 noster
2323 3053 2601 3126 cognitio-

603 3160 724 3200 nem
748 3145 816 3202 de
852 3145 1012 3202 rebus
1040 3145 1240 3218 accipit
1274 3162 1369 3218 per
1397 3145 1611 3219 species
1638 3144 1963 3214 abstractas,
1992 3162 2117 3219 quae
2162 3153 2290 3200 sunt
2335 3142 2601 3202 similitu-2

600 3235 755 3291 dines
776 3231 1092 3302 formarum,
1119 3242 1176 3292 et
1204 3251 1310 3291 non
1343 3233 1595 3302 materia,
1626 3251 1729 3292 nec
1766 3235 2131 3292 materialium
2155 3233 2596 3308 dispositionum,

599 3340 726 3398 qnae
763 3332 888 3381 sunt
928 3323 1378 3380 individuationis
1406 3323 1693 3398 principia.
1719 3325 1873 3380 Unde
1912 3313 2223 3381 intellectus
2256 3329 2447 3379 noster
2480 3323 2603 3378 sin-

601 3415 810 3486 gularia
833 3429 1160 3485 cognoscere
1192 3428 1298 3469 non
1331 3419 1534 3486 potest,
1566 3413 1659 3470 sed
1690 3413 1862 3470 solum
1888 3413 2219 3469 universalia
2249 3429 2261 3468 ε
2287 3411 2602 3468 intellectus

602 3510 784 3558 autem
812 3501 1029 3558 divinus
1056 3501 1338 3574 cognoscit
1364 3516 1454 3558 res
1481 3519 1579 3576 per
1610 3503 1906 3560 essentiam
1933 3518 2107 3569 suam,
2136 3503 2191 3558 in
2222 3517 2331 3575 qua
2370 3502 2519 3558 sicut
2547 3500 2601 3556 in

602 3591 776 3666 primo
800 3590 1067 3664 principio
1093 3591 1294 3646 virtute
1319 3582 1669 3648 continentur
1690 3607 1800 3668 ¹non
1842 3590 2017 3648 solum
2052 3592 2262 3657 formae,
2292 3589 2389 3646 sed
2432 3590 2605 3646 etiam

605 3680 831 3738 materia
859 3696 872 3736 ε
901 3688 962 3736 ut
989 3680 1112 3735 ideo
1139 3696 1244 3736 non
1275 3679 1451 3735 solum
1483 3679 1891 3741 universalium.
1916 3679 2013 3736 sed
2042 3679 2207 3736 etiam
2242 3678 2604 3750 singularium

603 3770 850 3842 cognitor
878 3777 982 3826 est.
1007 3769 1266 3825 Similiter
1291 3770 1461 3825 etiam
1486 3785 1589 3824 non
1620 3776 1703 3826 est
1746 3769 2133 3825 inconveniens
2169 3769 2342 3823 Deum
2384 3767 2606 3824 infinita

607 3873 952 3929 cognoscere,
982 3859 1234 3931 quamvis
1280 3857 1591 3916 intellectus
1633 3865 1817 3916 noster
1866 3854 2081 3914 infinita
2122 3870 2453 3929 cognoscere
2495 3873 2605 3913 non

607 3943 796 4018 possit.
821 3945 1136 4006 Intellectus
1170 3949 1316 4008 enim
1348 3955 1535 4006 noster
1570 3961 1679 4004 non
1720 3953 1905 4022 potest
1942 3945 2104 4004 simul
2124 3951 2251 4004 actu
2278 3944 2437 4022 plura
2464 3959 2608 4002 con·-
