2850 4517
519 330 636 393 128
995 342 1046 387 e.
1091 336 1326 384 ‘monam
1363 335 1695 387 nomm-ns
1737 332 2049 377 ornacum
2129 376 2136 383 ,

1157 560 1441 631 CAPUT
1488 557 1885 627 CLXXXII.

638 719 819 796 Quod
837 692 984 781 sum
1010 715 1235 805 alique
1249 726 1442 793 poenoe
1457 709 1843 790 puryatoriae
1864 708 2047 771 etiam
2074 710 2427 773 venialium.

590 862 850 921 Similiter
875 862 1042 917 etiam
1067 852 1335 929 contingit
1361 854 1575 928 aliquos
1600 868 1667 909 ex
1689 852 1793 909 hac
1823 852 1935 909 vita
1965 852 2229 909 decedere
2258 853 2375 911 siue
2406 846 2546 927 pec-

522 961 646 1009 cato
676 950 914 1016 mortali,
946 947 1043 1004 sed
1070 953 1254 1001 tamen
1283 959 1408 1000 cum
1439 948 1664 1016 peccato
1692 940 1913 1008 veniali,
1945 958 2042 1014 per
2070 942 2217 1015 quod
2247 942 2317 999 ab
2343 942 2547 999 ultimo

524 1044 629 1099 fine
662 1058 768 1098 non
809 1041 1153 1101 avertuntur,
1193 1034 1322 1089 licet
1351 1033 1497 1088 circa
1541 1046 1607 1088 ea
1636 1046 1762 1102 quae
1797 1037 1923 1085 sunt
1967 1030 2033 1085 ad
2082 1030 2263 1097 finem,
2296 1030 2547 1089 indebite

524 1129 836 1188 inhaerendo
869 1124 1256 1200 peccaverinv:
1286 1136 1412 1195 quae
1450 1118 1672 1194 quidem
1711 1127 1936 1191 peccata
1965 1120 2017 1173 in
2051 1119 2376 1192 quibusdam
2405 1122 2547 1177 viris

523 1218 780 1294 perfectis
808 1233 876 1272 ex
921 1215 1133 1270 fervore
1163 1210 1452 1268 charitatis
1480 1215 1800 1282 purgantur.
1832 1209 1893 1264 In
1924 1208 2047 1264 aliis
2095 1214 2278 1263 autem
2322 1214 2547 1281 oportet

527 1326 620 1382 per
651 1307 891 1379 aliquam
933 1317 1146 1376 paenam
1191 1297 1503 1372 hujusmodi
1545 1304 1774 1371 peccata
1822 1292 2063 1369 purgari,
2096 1297 2226 1369 quia
2267 1296 2338 1353 ad
2367 1298 2543 1355 vitam

525 1403 788 1453 aeternam
817 1390 1256 1463 consequendam
1285 1404 1388 1444 non
1416 1386 1755 1460 perducitur,
1788 1384 1891 1439 nisi
1922 1386 2015 1457 qni
2044 1384 2113 1441 ab
2138 1386 2282 1440 omni
2314 1394 2547 1459 peccato

527 1493 582 1541 et
602 1482 820 1538 defectu
841 1479 1004 1535 fuerit
1028 1478 1303 1544 immuni5‚
1327 1482 1545 1548 oportet
1574 1474 1740 1546 igitur
1763 1488 1963 1547 ponere
1978 1472 2325 1546 purgatorias
2351 1490 2549 1547 poenas

529 1578 652 1646 post
679 1570 820 1626 hanc
845 1569 1040 1625 vitam.
1071 1566 1284 1621 Habent
1313 1571 1500 1620 autem
1530 1564 1651 1619 istae
1685 1578 1863 1636 poenae
1898 1561 2043 1634 quod
2074 1562 2183 1617 sint
2208 1562 2549 1635 purgatoriae

441 1720 446 1723 ,
529 1676 594 1715 ex
623 1657 942 1719 conditione,
981 1671 1172 1711 eorum
1215 1654 1308 1727 qui
1338 1668 1435 1710 eas
1462 1652 1763 1725 patiuntur,
1815 1650 1872 1705 in
1912 1650 2109 1723 quibus
2151 1657 2235 1705 est
2276 1648 2543 1719 charitas»,

531 1765 626 1821 per
651 1763 816 1821 quam
841 1744 1187 1804 voluntatem
1204 1759 1362 1800 suam
1385 1741 1587 1797 divinae
1610 1738 1879 1797 voluntati
1907 1739 2265 1807 consormant,
2297 1757 2361 1795 ox
2386 1742 2547 1813 cujus

529 1837 816 1895 charitatis
839 1836 1044 1891 virtute
1067 1849 1263 1907 poenae,
1293 1847 1432 1905 quas
1461 1830 1761 1903 patiuntur,
1793 1829 1873 1883 eis
1906 1826 1973 1903 ad
2003 1822 2383 1901 purgationem
2412 1843 2510 1901 pro
2538 1862 2552 1872 ·

531 1932 658 1984 sunt
688 1943 700 1981 ε
732 1924 878 1981 unde
902 1924 958 1980 in
983 1924 1050 1979 iis
1073 1924 1166 1997 qui
1193 1923 1310 1978 sine
1334 1919 1604 1977 charitate
1628 1924 1774 1986 sunt,
1801 1918 1944 1973 sicut
1969 1917 2025 1973 in
2048 1916 2341 1985 damnatiS,
2370 1934 2549 1991 poenae

532 2020 636 2072 non
683 2020 938 2089 purgant,
983 2014 1079 2071 sed
1127 2025 1341 2085 semper
1368 2007 1710 2083 imperfectio
1750 2004 1961 2080 peccati
2011 2014 2275 2075 remanet,
2323 2012 2378 2063 et
2421 2008 2548 2067 ideo

477 2096 482 2103 ’
532 2110 748 2177 semper
774 2102 935 2178 poena
963 2100 1146 2159 durat.
2319 2105 2325 2109 ·

1151 2292 1436 2363 CAPUT
1492 2292 1921 2363 CLXXXIII.

630 2444 850 2509 Utrum
877 2446 1156 2505 aeternam
1179 2418 1418 2520 pomam
1441 2442 1581 2521 pati
1606 2447 1899 2521 repwmt
1926 2441 2197 2521 justitiet
2224 2442 2465 2521 divina,

1067 2546 1200 2591 oum
1227 2530 1408 2611 calpa
1428 2530 1623 2603 fuerit
1653 2532 2022 2611 temporalis.

608 2666 729 2730 Non
755 2680 938 2729 autem
954 2677 1038 2728 est
1051 2679 1239 2729 contra
1257 2673 1523 2729 rationem
1544 2670 1746 2755 divinae
1757 2671 2008 2745 justitiae,
2033 2679 2093 2729 ut
2114 2672 2313 2747 aliquis
2334 2690 2552 2746 poenam

540 2771 857 2836 perpetuam
885 2762 1149 2835 patiatur,
1183 2763 1314 2835 quia
1353 2777 1453 2818 nec
1480 2763 1780 2819 secundum
1819 2762 1967 2835 leges
1993 2764 2257 2820 humanas
2297 2763 2401 2820 hoc
2429 2766 2553 2820 exi·

438 2922 448 2937 ι
539 2851 704 2923 gitur,
745 2859 810 2908 ut
838 2866 997 2925 poena
1025 2859 1495 2909 commensuretur
1518 2850 1696 2925 culpae
1738 2852 1792 2907 in
1825 2860 2087 2925 tempore.
2119 2853 2257 2909 Nam
2286 2868 2387 2926 pro
2414 2867 2551 2926 pec-

540 2949 666 2998 cato
695 2940 969 3008 adulterii,
1000 2940 1084 2997 vei
1111 2941 1412 3008 homicidii,
1445 2942 1589 3014 quod
1627 2942 1681 2996 in
1709 2947 1953 3014 tempore
1981 2942 2135 2999 brevi
2164 2942 2549 3011 committitur,

540 3029 628 3087 lex
655 3030 891 3086 humana
919 3028 1082 3085 insert
1116 3030 1447 3101 quandoque
1476 3038 1802 3108 perpetuum
1826 3026 2067 3098 exiliu'm,
2100 3040 2197 3087 aut
2226 3031 2392 3088 etiam
2418 3047 2555 3087 mor—

543 3124 674 3185 tem,
707 3135 804 3190 per
831 3112 956 3190 quae
980 3118 1180 3191 aliquis
1210 3118 1263 3172 in
1309 3106 1632 3189 perpetuum
1661 3134 1693 3174 a
1720 3119 1987 3175 societate
2024 3119 2266 3181 civitatis
2302 3118 2554 3176 excludi-

547 3213 637 3261 tur
675 3222 688 3259 :
720 3210 776 3260 et
811 3206 956 3278 quod
985 3206 1208 3263 exilium
1247 3221 1353 3260 non
1381 3206 1437 3260 in
1467 3212 1790 3278 perpetuum
1822 3208 2001 3275 duret,
2034 3207 2137 3263 hoc
2177 3223 2271 3279 per
2300 3208 2557 3267 accidens

543 3294 831 3365 contingit,
864 3294 994 3367 quia
1017 3295 1132 3351 vita
1159 3292 1396 3349 hominis
1424 3308 1531 3349 non
1560 3301 1644 3350 est
1674 3305 1936 3368 perpetua
1968 3312 1984 3353 ι
2011 3296 2105 3352 sed
2150 3295 2379 3352 intentio
2398 3298 2559 3369 judi-7

545 3384 626 3438 cis
671 3382 740 3438 ad
788 3382 891 3439 hoc
931 3398 1052 3439 esse
1087 3382 1332 3446 videtur,
1370 3389 1433 3436 ut
1470 3398 1594 3439 eum
1631 3383 1774 3441 sicut
1816 3392 1996 3457 potest
2039 3390 2302 3457 perpetuo
2340 3386 2555 3457 puniat.

544 3470 700 3527 Unde
727 3470 892 3527 etiam
921 3487 1032 3526 non
1059 3477 1143 3527 est
1171 3471 1455 3543 injustum,
1482 3474 1527 3529 si
1557 3488 1657 3545 pro
1684 3479 2065 3529 momentaneo
2095 3480 2321 3545 peccato
2346 3482 2401 3529 et
2427 3479 2560 3529 tem·

546 3559 715 3636 poraii
760 3560 905 3615 Deus
933 3566 1196 3617 aeternam
1225 3574 1445 3631 poenam
1483 3560 1667 3617 infert.
1710 3560 1971 3617 Similiter
2002 3562 2169 3618 etiam
2196 3560 2558 3618 consideran-

544 3648 675 3704 dum
700 3656 803 3714 est,
837 3648 982 3721 quod
1011 3647 1288 3720 peccatori
1326 3663 1486 3719 poena
1528 3658 1737 3724 aeterna
1765 3650 2015 3718 infertur,
2046 3665 2209 3723 quem
2233 3650 2303 3706 de
2331 3657 2559 3723 peccato

546 3752 663 3809 non.
680 3737 936 3809 poenitet,
961 3744 1018 3793 et
1045 3738 1126 3793 sic
1153 3736 1358 3809 iri-ipso
1383 3753 1555 3810 usque
1579 3739 1649 3795 ad
1680 3745 1909 3796 mortem
1938 3732 2313 3811 perdurat.‘Et
2342 3739 2472 3813 quia
2502 3741 2560 3795 in

545 3840 646 3881 suo
668 3832 877 3895 aeterno
896 3833 1108 3898 peccat,
1133 3825 1537 3893 rationabiliter·
1553 3842 1586 3882 a
1606 3828 1720 3883 Deo
1743 3827 1799 3883 in
1813 3834 2085 3885 aeternum
2107 3828 2349 3902 punitur.
2381 3827 2560 3884 Habet

547 3911 715 3983 etiam
743 3919 800 3968 et
841 3913 1122 3984 quodiibet
1151 3923 1439 3987 peccatum
1466 3923 1658 3973 contra
1686 3916 1861 3973 Deum
1888 3918 2239 3979 commissum
2262 3917 2560 3991 quamdam
