2850 4517
903 304 949 347 1.
985 320 1065 333 -
1093 306 1496 350 commumoni
1549 308 1911 353 ‘rnnonoem
2299 296 2413 358 187

398 414 519 489 pori
548 414 696 471 enim
716 416 1116 489 incorruptibili
1140 420 1444 492 resurgenti
1469 422 1700 478 debetur
1721 424 1903 482 omnis
1931 423 2216 497 integritas
2243 442 2258 480 ε
2284 425 2413 483 licet

399 506 568 562 etiam
596 505 703 560 dici
735 506 928 577 possit,
960 508 1105 580 quod
1136 510 1189 565 in
1225 510 1562 583 martyribus
1587 513 1844 584 quaedam
1869 513 2070 570 indicia
2097 515 2413 586 praeceden-

398 595 541 657 tium
572 594 856 651 vulnerum
902 597 1243 669 apparebunt
1282 616 1405 655 cum
1436 601 1674 673 quodam
1716 602 1913 659 decore
1941 604 1997 659 in
2041 603 2412 660 testimonium

397 685 640 741 virtutis,
672 684 930 741 Ostend³t
956 686 1124 743 etiam
1172 704 1231 744 se
1266 704 1384 745 esse
1412 689 1558 745 idem
1586 692 1929 763 suppositum
1959 698 2015 749 et
2043 710 2112 751 ex
2137 693 2299 749 modo
2327 694 2414 749 lo·-

290 810 295 815 -
400 774 623 847 quendi,
672 780 820 829 etex
862 774 983 830 aliis
1008 778 1285 833 consuetis
1312 778 1588 850 operibus,
1623 796 1688 835 ex
1729 780 1929 853 quibus
1970 781 2219 839 homines
2257 798 2414 839 reco-

388 867 736 935 gnoscuntur
778 877 793 925 ς
838 863 981 919 unde
1022 871 1078 921 et
1120 864 1373 938 discipuli
1412 876 1848 939 recognoverunt
1889 886 2016 926 eum
2061 870 2412 929 infractione

399 953 577 1029 paniS‚
608 954 741 1008 Luc.
794 952 914 1009 ulti.
958 953 1027 1009 Et
1062 953 1178 1026 ipse
1206 954 1260 1011 in
1298 954 1530 1013 Galilaea
1581 963 1769 1029 aperte
1797 974 1858 1013 se
1885 960 1968 1015 eis
1991 959 2408 1029 demonstravit,

401 1041 491 1096 ubi
524 1057 649 1096 cum
690 1041 771 1097 eis
807 1048 925 1097 erat
972 1040 1167 1097 solitus
1209 1044 1523 1101 conversari
1570 1062 1583 1099 :
1633 1045 1864 1117 gloriam
1903 1064 2035 1104 vero
2080 1050 2412 1121 resurgentis

401 1128 793 1197 manifestavit,
838 1128 967 1185 dum
1008 1130 1193 1202 januis
1236 1129 1438 1187 clausis
1481 1132 1550 1188 ad
1589 1148 1684 1189 eos
1724 1134 1974 1191 intravit.
2012 1139 2168 1193 ioan.
2201 1154 2304 1193 xx.
2357 1144 2412 1193 et

400 1219 532 1275 dum
562 1217 632 1273 ab
674 1218 847 1274 oculis
890 1234 1078 1275 eorum
1120 1220 1365 1289 evanuit,
1411 1222 1543 1277 Luc.
1578 1221 1701 1278 ulti.
1732 1224 1846 1279 Hoc
1887 1224 2031 1281 enim
2061 1225 2299 1297 pertinet
2341 1226 2412 1282 ad

401 1307 631 1378 gloriam
671 1308 1027 1379 resurgentis,
1072 1315 1133 1364 ut
1175 1310 1230 1364 in
1261 1316 1536 1381 potestate
1560 1310 1761 1367 habeat
1789 1309 2053 1385 apparere
2095 1315 2252 1371 oculo
2293 1315 2412 1385 glo-

402 1395 548 1452 rioso
576 1396 795 1468 quando
820 1396 955 1462 vult,
990 1396 1072 1451 vel
1102 1414 1211 1453 non
1238 1414 1502 1471 apparere
1527 1400 1744 1472 quando
1775 1401 2029 1458 voluerit.
2061 1402 2198 1471 Quia
2229 1412 2411 1460 tamen

402 1483 816 1539 resurrectionis
842 1484 969 1540 finIs
996 1485 1373 1542 difficultatem
1402 1486 1657 1553 habebat,
1693 1496 1978 1561 propterea
2008 1507 2104 1563 per
2139 1492 2338 1565 plura
2322 1508 2410 1547 in-

401 1572 547 1629 dicia
590 1578 699 1629 tam
764 1574 1055 1631 veritatem
1108 1575 1543 1645 resurrectionis,
1594 1594 1758 1649 quam
1801 1580 2030 1649 gloriam
2079 1580 2412 1652 resurgentis

400 1664 645 1734 corporis
673 1662 1087 1720 demonstravit.
1132 1666 1273 1721 Nam
1301 1665 1345 1721 si
1378 1664 1700 1729 inusitatam
1729 1667 2094 1725 conditionem
2125 1669 2410 1741 gloiificati

400 1752 649 1823 corporis
692 1752 933 1808 totaliter
971 1752 1418 1820 demonstrasset,
1453 1754 1578 1810 fidei
1610 1757 1994 1812 resurrectioni
2033 1759 2412 1829 praejudicium

402 1840 701 1904 attulisset,
733 1841 860 1914 quia
890 1842 1227 1900 immensitas
1260 1842 1451 1914 gloriae
1478 1844 1787 1916 opinionem
1817 1844 2137 1902 exclusisset
2167 1848 2412 1917 ejusdem

403 1934 642 1985 naturae.
674 1928 789 1985 Hoc
816 1930 975 1987 etiam
1014 1946 1123 1987 non
1150 1930 1327 1987 solum
1363 1930 1672 1995 visibilibus
1705 1933 1894 2003 signiS,
1925 1934 2020 1990 sed
2051 1935 2218 1989 etiam
2249 1934 2412 1989 intel—

401 2015 706 2087 ligibilibus
733 2017 1071 2091 documentis
1107 2018 1502 2087 manifestavit,
1535 2019 1663 2075 dum
1693 2018 1930 2093 aperuit·
1953 2030 2142 2077 eorum
2169 2037 2408 2089 sensum,

402 2115 466 2159 ut
494 2105 811 2177 Scripturas
840 2106 1227 2179 intelligerent,
1253 2113 1309 2165 et
1336 2124 1435 2182 per
1461 2107 1762 2181 scripturas
1801 2108 2192 2183 Prophetarum
2233 2126 2294 2167 se
2320 2126 2412 2167 re-

407 2203 784 2252 surrecturum
809 2196 1072 2253 ostendit.

1020 2368 1304 2437 CAPUT
1350 2344 1785 2451 ccxxx1x.

576 2512 669 2576 De
691 2511 929 2592 duplici
954 2511 1087 2575 vita
1109 2518 1399 2593 reparata
1427 2513 1495 2576 in
1515 2512 1748 2577 homine
1761 2533 1876 2595 per
1909 2514 2244 2581 Christum.

474 2647 627 2702 Sicut
657 2653 838 2703 autem
867 2644 1117 2703 Christus
1142 2662 1243 2702 sua
1269 2654 1446 2703 morte
1483 2654 1717 2703 mortem
1745 2653 1988 2703 nostram
2017 2649 2304 2717 destruxit,
2335 2648 2413 2704 ita

400 2751 508 2792 sua
554 2737 945 2791 resurrectione
987 2736 1157 2792 vitam
1198 2742 1441 2791 nostram
1487 2736 1785 2807 reparavit.
1825 2736 1924 2791 Est
1969 2745 2153 2792 autem
2181 2738 2414 2792 hominis

401 2823 607 2895 duplex
645 2839 805 2890 mors,
850 2830 907 2879 et
942 2824 1141 2897 duplex
1172 2823 1305 2879 vita.
1336 2824 1457 2879 Una
1495 2822 1718 2894 quidem
1749 2838 1894 2878 mors
1936 2830 2020 2879 est
2047 2825 2290 2896 corporis
2319 2841 2414 2897 per

402 2911 807 2985 separationem
846 2913 915 2970 ab
952 2914 1175 2969 anima:
1221 2911 1327 2969 alia
1356 2928 1453 2985 per
1489 2910 1891 2983 separationem
1932 2928 1962 2967 a
1992 2913 2124 2968 De0.
2167 2912 2414 2977 Christus

402 3007 588 3059 autem
618 3003 674 3057 in
710 3018 819 3075 quo
848 3004 1088 3059 secunda
1118 3018 1263 3057 mors
1286 3001 1466 3061 loc-..um
1490 3016 1595 3057 non
1625 2999 1834 3065 habuit,
1875 3017 1970 3072 per
1999 3001 2234 3073 primam
2263 3017 2414 3057 mor-

404 3097 517 3146 tem
547 3106 713 3163 quam
738 3090 923 3156 subiit,
956 3090 1168 3147 scilicet
1192 3088 1551 3163 corporalem,
1584 3096 1876 3160 utramque
1917 3089 1971 3143 in
1997 3088 2153 3145 nobis
2185 3096 2413 3145 mortem

402 3179 674 3235 destruxit
698 3178 911 3235 scilicet
944 3179 1283 3251 corporalem
1312 3187 1368 3235 et
1397 3176 1756 3251 spiritualem.
1801 3176 2064 3233 Similiter
2106 3186 2288 3234 autem
2319 3194 2414 3251 per

402 3268 716 3341 oppositum
740 3267 1062 3339 intelligitur
1085 3267 1283 3340 duplex
1308 3268 1442 3325 vita.
1469 3269 1588 3323 Una
1613 3265 1834 3339 quidem
1854 3266 2096 3338 corporis
2115 3267 2186 3322 ab
2211 3268 2410 3325 anima,
2449 3297 2460 3346 3
2488 3341 2529 3379 v‘

400 3373 528 3431 quae
556 3358 759 3412 dicitur
788 3357 902 3413 vita
948 3364 1210 3413 naturae:
1262 3357 1368 3413 alia
1409 3373 1441 3413 a
1472 3358 1604 3425 Dec,
1638 3370 1762 3427 quae
1791 3354 1993 3411 dicitur
2023 3356 2134 3411 vita
2159 3356 2410 3427 justitiae,
2449 3352 2520 3420 κ

400 3446 487 3501 vel
518 3447 631 3503 vita
670 3446 885 3517 gratiae,
918 3454 974 3503 et
1016 3446 1133 3503 haec
1162 3455 1245 3503 est
1284 3463 1382 3520 per
1412 3446 1594 3513 fidem,
1629 3461 1724 3518 per
1759 3460 1932 3516 quam
1971 3444 2118 3499 Deus
2146 3443 2416 3501 inhabitat

402 3535 455 3589 in
484 3534 658 3601 nobi5‚
688 3534 988 3591 secundum
1019 3535 1151 3603 illud
1196 3534 1831 3592 Abacuch.11=Justus
1858 3540 2034 3589 autem
2061 3548 2202 3587 meus
2231 3532 2290 3588 in
2311 3532 2414 3605 fide

396 3641 498 3679 sua
522 3623 681 3688 vivet,
708 3630 763 3679 et
786 3626 1085 3681 secundum
1114 3625 1215 3680 hoc
1240 3623 1438 3696 duplex
1465 3629 1548 3678 est
1572 3622 1920 3679 resurrectio.
1950 3624 2070 3679 Una
2094 3622 2410 3694 corporaliS,

397 3729 510 3787 qua
539 3714 722 3769 anima
753 3714 954 3771 iterato
984 3713 1328 3786 conjungitur
1356 3713 1570 3784 corpori
1605 3730 1617 3767 :
1665 3710 1769 3768 alia
1799 3711 2117 3785 spiritualis,
2159 3728 2268 3784 qua
2305 3711 2414 3768 ite-

220 3832 241 3863 r
394 3818 523 3859 rum
550 3802 903 3874 conjungitur
934 3804 1066 3858 De0.
1098 3804 1165 3858 Et
1192 3801 1311 3858 haec
1335 3801 1556 3873 quidem
1599 3801 1835 3857 secunda
1865 3800 2192 3858 resurrectio
2237 3800 2411 3857 locum

392 3893 451 3949 in
484 3892 705 3948 Christo
734 3908 843 3949 non
863 3891 1075 3963 habuit,
1122 3892 1250 3966 quia
1281 3908 1558 3965 nunquam
1585 3892 1706 3965 ejus
1744 3892 1926 3949 anima
1955 3891 2058 3949 fuit
2088 3907 2185 3965 per
2211 3906 2412 3966 pecca-
