2850 4517
494 365 619 428 200
976 371 1033 420 s:
1071 372 1307 418 'THOMAE
1347 335 1675 422 Aoumans
1713 361 2028 422 ,ornacum
2126 409 2134 416 .

494 498 675 556 Habet
703 494 849 552 enim
874 490 1242 572 hochumena
1285 488 1548 556 conditio,
1580 492 1642 543 ut
1671 485 1872 560 aliquis
1907 472 2219 560 interponat
2243 485 2514 561 depreca-

500 589 705 645 tionem
734 584 803 641 ad
846 581 1201 639 obtinendum
1224 579 1298 635 ab
1339 577 1546 650 aliquo,
1577 576 1884 650 praesertim
1912 574 2200 648 superiori,
2230 577 2377 650 quod
2416 594 2514 650 per

498 696 558 735 se
583 683 767 750 sperat
796 672 1024 745 adipisci
1058 686 1071 726 :
1098 677 1154 726 et
1172 668 1301 728 ‚ideo
1327 667 1535 724 indicta
1559 674 1643 722 est
1667 665 1976 722 hominibus
1999 664 2194 732 orati0,
2226 659 2322 737 per
2346 683 2514 740 quam

498 759 747 839 homiues
784 779 816 820 a
866 763 977 817 Deo
1022 759 1303 816 obtineant
1332 756 1479 830 quod
1508 755 1576 810 ab
1607 756 1724 827 ipso
1762 754 2022 826 consequi
2063 761 2306 827 sperant.
2338 755 2517 812 Aliter

500 864 684 914 tamen
728 849 1037 909 necessaria
1079 854 1165 903 est
1204 845 1381 902 oratio
1414 846 1488 900 ad
1533 843 1890 900 obtinendum
1919 843 2125 916 aliquid
2164 844 2234 900 ab
2271 844 2512 912 homine,

502 945 659 1003 aliter
685 959 719 1000 a
764 943 894 997 Deo.
936 937 1239 1009 Imponitur
1276 935 1420 990 enim
1462 933 1530 990 ad
1574 932 1850 989 hominem
1888 931 2124 1004 primum
2165 933 2408 1005 quidem,
2445 942 2518 991 -ut

502 1029 836 1090 desiderium
864 1025 1090 1092 orantiS,
1124 1029 1179 1079 et
1211 1023 1512 1079 necessitas
1539 1021 1900 1094 exprimatur.
1931 1020 2200 1089 Secunde,
2225 1031 2286 1076 ut
2313 1022 2516 1094 depre-

503 1119 613 1180 cati
644 1121 859 1178 animus
884 1115 954 1172 ad
982 1111 1389 1172 concedendum
1424 1111 1683 1168 flectatur
1712 1126 1726 1165 τ
1755 1108 1852 1166 sed
1881 1109 2000 1165 haec
2029 1110 2086 1164 in
2115 1109 2362 1166 oratioue
2391 1127 2518 1184 quae

503 1211 573 1266 ad
603 1211 777 1264 Deum
806 1205 1069 1270 funditur,
1101 1200 1279 1257 locum
1312 1217 1419 1256 non
1445 1199 1666 1256 habent.
1697 1199 1819 1255 Non
1849 1199 1994 1254 enim
2019 1198 2072 1253 in
2098 1199 2303 1254 orando
2333 1200 2519 1256 inten-

504 1298 686 1354 dimus
729 1294 1084 1351 necessitates
1124 1296 1358 1355 nostraS‚
1400 1297 1498 1345 aut
1539 1287 1811 1366 desideria
1855 1288 1966 1342 Deo
2010 1288 2382 1358 manifestare,
2423 1289 2518 1362 qui

506 1385 749 1442 omnium
776 1389 861 1437 est
884 1381 1133 1451 cognitor
1164 1393 1178 1434 ι
1208 1378 1351 1433 unde
1374 1383 1432 1432 et
1459 1378 1547 1432 Ps.
1574 1390 1802 1432 xxxvu.
1834 1375 1968 1431 dicit
1991 1373 2041 1430 ei
2078 1389 2090 1429 t
2122 1373 2364 1441 Domine,
2395 1384 2520 1433 ante

505 1482 557 1531 te
597 1489 747 1529 omne
774 1469 1095 1528 desiderium
1124 1483 1315 1524 meum.
1355 1467 1423 1522 Et
1453 1466 1506 1520 in
1546 1463 1842 1536 Evangelio
1865 1463 2072 1520 dicitur
2110 1461 2266 1519 Matt.
2296 1481 2357 1520 vr
2388 1482 2403 1520 τ
2432 1460 2528 1521 8ἰο”

506 1571 665 1637 pater
689 1568 880 1627 vester,
906 1559 1033 1632 quia
1050 1557 1132 1614 his
1154 1556 1393 1612 omnibus
1415 1553 1690 1627 indigetis.
1721 1555 1833 1610 Nec
1858 1554 2026 1610 etiam
2051 1552 2236 1609 divina
2259 1554 2518 1612 voluntas

506 1653 690 1709 verbis
718 1650 969 1707 humanis
1015 1647 1254 1704 flectitur
1283 1645 1351 1702 ad
1382 1643 1674 1700 volendum
1703 1643 1847 1716 quod
1893 1643 2042 1716 prius
2073 1637 2332 1709 noluerat,
2385 1645 2523 1716 quia

510 1746 572 1795 ut
614 1739 815 1800 dicitur
842 1738 1084 1793 Numer:
1117 1747 1291 1790 xxm:
1316 1733 1445 1790 Non
1477 1737 1554 1788 est
1583 1732 1724 1786 Deus
1750 1730 1901 1802 quasi
1941 1731 2088 1786 homo
2112 1736 2174 1787 ut
2197 1729 2520 1798 mentiatur,

508 1813 604 1885 uec
631 1835 695 1885 ut
718 1826 866 1900 filius
893 1823 1121 1881 hominis
1146 1833 1208 1880 ut
1230 1828 1488 1878 mutetur.
1535 1822 1653 1877 Nec
1681 1821 2020 1892 poenitudine
2045 1819 2306 1889 flectitur,
2339 1826 2402 1892 ut
2434 1819 2525 1876 di-

510 1919 655 1978 citur
696 1918 739 1972 Ι.
788 1917 924 1986 Reg.
974 1929 1072 1969 xv.
1114 1911 1223 1969 Sed
1266 1912 1446 1967 oratio
1483 1909 1553 1966 ad
1597 1908 1952 1986 obtinendum
1979 1924 2012 1964 a
2048 1910 2163 1984 Deo
2192 1915 2275 1964 est
2314 1907 2523 1964 homini

512 2006 821 2064 necessaria
851 2008 1071 2077 propter
1096 2001 1338 2074 seipsum
1367 1999 1463 2075 qui
1503 2004 1645 2067 orat,
1674 2003 1736 2053 ut
1765 1997 1976 2054 scilicet
2001 1997 2230 2068 ipsemet
2265 2012 2398 2055 suos
2423 1998 2528 2054 de-

512 2097 689 2154 fectus
712 2092 1041 2157 consideret,
1069 2097 1126 2146 et
1156 2089 1395 2168 animum
1433 2103 1595 2143 suum
1616 2074 1804 2142 ffectat
1827 2085 1896 2142 ad
1931 2085 2207 2142 ferventer
2229 2091 2286 2141 et
2315 2085 2404 2158 pie
2425 2085 2528 2143 de-

514 2183 866 2241 siderandum
896 2179 1041 2253 quod
1072 2177 1277 2234 orando
1302 2183 1492 2248 sperat
1519 2175 1766 2230 obtinere
1807 2190 1820 2229 :
1852 2191 1952 2247 per
1981 2173 2084 2230 hoc
2106 2173 2262 2230 enim'
2280 2174 2352 2231 ad
2381 2175 2530 2232 reci-

514 2272 773 2348 piendum
785 2270 1014 2325 idoneus
1028 2265 1295 2321 redditur.
1309 2264 1407 2320 Est
1422 2271 1609 2320 autem
1623 2269 1678 2318 et
1689 2262 1796 2319 alia
1810 2262 2116 2319 differentia
2129 2263 2530 2322 consideranda

516 2358 800 2424 orationis,
841 2371 967 2429 quae
995 2352 1063 2409 ad
1104 2353 1297 2421 Deum,
1331 2358 1387 2408 et
1414 2353 1484 2408 ad
1513 2352 1805 2418 hominem,
1841 2352 1922 2408 fit.
1950 2353 2090 2408 Nam
2125 2351 2194 2408 ad
2223 2354 2530 2410 orationem

518 2463 645 2523 quae
695 2445 757 2502 fit
794 2443 864 2500 ad
916 2443 1208 2507 hominem,
1257 2440 1608 2516 praeexigitur
1649 2439 2030 2518 familiaritas,·
2077 2457 2174 2514 per
2209 2457 2376 2518 quam
2426 2442 2529 2501 sibi

518 2531 848 2610 deprecandi
877 2531 1059 2589 aditus
1082 2536 1273 2604 pateat
1286 2546 1308 2586 ·:
1334 2531 1433 2587 sed
1453 2532 1570 2603 ipsa
1595 2531 1772 2587 oratio
1798 2545 1924 2605 quae
1946 2531 2014 2588 ad
2035 2531 2212 2586 Deum
2234 2531 2529 2602 emittitur,

518 2624 819 2682 familiares
847 2637 944 2679 nos
986 2621 1099 2676 Deo
1143 2621 1294 2685 facit,
1339 2618 1471 2675 dum
1507 2635 1666 2675 meus
1701 2626 1891 2677 nostra
1935 2619 2183 2698 elevatur
2209 2617 2283 2678 'ad
2329 2622 2529 2696 ipsum,

519 2711 576 2772 et
600 2714 838 2789 quodam
865 2708 1138 2784 spirituali
1167 2709 1366 2764 affectu
1394 2709 1510 2764 Deo
1534 2708 1882 2781 colloquitur,
1914 2709 1969 2764 in
1999 2707 2192 2782 spiritu
2218 2719 2275 2768 et
2296 2714 2534 2770 veritate

519 2806 701 2878 ipsum
723 2801 977 2871 ador-ane,
1009 2797 1163 2857 etsie
1184 2797 1471 2855 familiaris
1495 2797 1724 2853 affectus
1751 2795 1956 2853 orando
1977 2798 2186 2855 aditum
2214 2801 2318 2856 sibi
2352 2797 2534 2874 parat,

519 2893 811 2946 utiterum
858 2887 1126 2944 fiducialis
1154 2892 1293 2943 oret.
1333 2885 1490 2942 Unde
1517 2885 1720 2941 dicitur
1765 2886 1819 2940 in
1868 2884 2012 2942 Psal.
2057 2902 2305 2946 nxxxvu
2354 2907 2370 2945 τ
2417 2889 2538 2964 qu

521 2979 766 3044 clamavi,
796 2976 1006 3034 scilicet
1033 2975 1361 3032 fiducialiter
1388 2973 1617 3039 orande,
1661 2972 1913 3045 quoniam
1952 2973 2222 3032 exaudisti
2260 2993 2344 3033 me
2371 2979 2537 3045 Deus,

523 3069 679 3142 quasi
712 3083 805 3140 per
829 3068 1063 3140 primam
1092 3065 1396 3121 orationem
1421 3062 1478 3118 in
1505 3060 1938 3119 familiaritatem
1965 3070 2238 3137 receptus„
2269 3069 2535 3136 secundo,

524 3154 834 3212 fiducialius
875 3154 1116 3211 clamet:
1148 3159 1204 3208 et
1230 3159 1452 3225 propter
1491 3150 1594 3207 hoc
1635 3151 1690 3206 in
1717 3151 1963 3207 oratione
1991 3152 2176 3209 divina
2215 3155 2537 3223 assiduitas,

522 3243 608 3301 vel
638 3244 958 3318 petitionum
999 3242 1304 3315 frequentia
1339 3255 1447 3296 non
1483 3246 1568 3296 est
1604 3239 1934 3313 importuna,
1967 3242 2060 3297 sed
2091 3249 2384 3315 reputatur
2427 3246 2542 3302 Deo

526 3341 774 3406 accepta.
823 3333 1041 3406 Oportet
1080 3330 1221 3386 enim
1256 3345 1458 3402 semper
1499 3345 1679 3395 orare,
1726 3336 1776 3385 et
1821 3346 1928 3386 non
1973 3329 2215 3402 deficere,
2246 3337 2308 3387 ut
2337 3331 2544 3390 dicitur

527 3425 662 3480 Luc.
680 3438 851 3479 xvm.
878 3420 1029 3479 Unde
1046 3426 1102 3476 et
1118 3420 1377 3475 Dominus
1398 3419 1466 3475 ad
1484 3418 1781 3492 petendum
1798 3418 2201 3479 invitatdicens
2214 3420 2414 3478 Matth.
2437 3438 2545 3480 vu.

526 3511 720 3576 Petite,
758 3516 810 3567 et
854 3511 1073 3567 cla-bitur
1108 3505 1253 3563 vob'is
1280 3524 1300 3565 .·
1321 3509 1553 3580 pulsate,
1592 3507 1949 3580 “aperietur
1988 3507 2152 3564 vobis.
2183 3510 2244 3566 In
2291 3511 2548 3567 oratione

526 3615 658 3658 vero
673 3615 797 3674 quae
814 3599 883 3657 ad
908 3597 1179 3662 hominem
1200 3597 1260 3652 fit
1280 3596 1606 3670 petitionum
1622 3597 1919 3660 assiduitas
1938 3597 2186 3678 redditur
2203 3597 2551 3673 importuna.
