<?xml version="1.0" encoding="UTF-8"?>
<!DOCTYPE html PUBLIC "-//W3C//DTD XHTML 1.0 Transitional//EN"
    "http://www.w3.org/TR/xhtml1/DTD/xhtml1-transitional.dtd">
<html xmlns="http://www.w3.org/1999/xhtml" xml:lang="en" lang="en">
 <head>
  <title>
</title>
<meta http-equiv="Content-Type" content="text/html;charset=utf-8" />
  <meta name='ocr-system' content='tesseract 3.04.00' />
  <meta name='ocr-capabilities' content='ocr_page ocr_carea ocr_par ocr_line ocrx_word'/>
</head>
<body>
  <div class='ocr_page' id='page_1' title='image "./sthomaquinatisd02thomgoog_0524.png"; bbox 0 0 2850 4517; ppageno 0'>
   <div class='ocr_carea' id='block_1_1' title="bbox 451 329 1983 396">
    <p class='ocr_par' dir='ltr' id='par_1_1' title="bbox 451 329 1983 396">
     <span class='ocr_line' id='line_1_1' title="bbox 451 329 1983 396; baseline -0.002 -5"><span class='ocrx_word' id='word_1_1' title='bbox 451 329 578 394; x_wconf 72' lang='lat'>510</span> <span class='ocrx_word' id='word_1_2' title='bbox 933 347 985 392; x_wconf 87' lang='lat' dir='ltr'>s.</span> <span class='ocrx_word' id='word_1_3' title='bbox 1029 347 1264 392; x_wconf 60' lang='lat' dir='ltr'>meum</span> <span class='ocrx_word' id='word_1_4' title='bbox 1305 345 1633 396; x_wconf 56' lang='lat' dir='ltr'>souma-ns</span> <span class='ocrx_word' id='word_1_5' title='bbox 1673 344 1983 389; x_wconf 66' lang='lat' dir='ltr'>croscum</span> 
     </span>
    </p>
   </div>
   <div class='ocr_carea' id='block_1_2' title="bbox 439 459 2471 3377">
    <p class='ocr_par' dir='ltr' id='par_1_2' title="bbox 439 459 2471 3377">
     <span class='ocr_line' id='line_1_2' title="bbox 456 459 2464 536; baseline -0.002 -17"><span class='ocrx_word' id='word_1_6' title='bbox 456 469 768 536; x_wconf 89' lang='lat' dir='ltr'>exponeret,</span> <span class='ocrx_word' id='word_1_7' title='bbox 798 463 1034 519; x_wconf 79' lang='lat' dir='ltr'>verbum.</span> <span class='ocrx_word' id='word_1_8' title='bbox 1072 463 1142 519; x_wconf 85' lang='lat' dir='ltr'>Et</span> <span class='ocrx_word' id='word_1_9' title='bbox 1168 461 1507 536; x_wconf 71' lang='lat' dir='ltr'><strong><em>hypostasim,</em></strong></span> <span class='ocrx_word' id='word_1_10' title='bbox 1533 461 1755 534; x_wconf 82' lang='lat' dir='ltr'><strong>exponit</strong></span> <span class='ocrx_word' id='word_1_11' title='bbox 1794 459 2121 516; x_wconf 72' lang='lat' dir='ltr'><strong><em>essentialem</em></strong></span> <span class='ocrx_word' id='word_1_12' title='bbox 2152 475 2464 532; x_wconf 76' lang='lat' dir='ltr'><strong><em>personam,</em></strong></span> 
     </span>
     <span class='ocr_line' id='line_1_3' title="bbox 459 547 2467 626; baseline -0.003 -18"><span class='ocrx_word' id='word_1_13' title='bbox 459 568 622 626; x_wconf 88' lang='lat' dir='ltr'>quam</span> <span class='ocrx_word' id='word_1_14' title='bbox 647 553 1042 626; x_wconf 80' lang='lat' dir='ltr'>expositionem</span> <span class='ocrx_word' id='word_1_15' title='bbox 1079 569 1312 626; x_wconf 88' lang='lat' dir='ltr'>sequens</span> <span class='ocrx_word' id='word_1_16' title='bbox 1358 550 1654 624; x_wconf 85' lang='lat' dir='ltr'>aliquando</span> <span class='ocrx_word' id='word_1_17' title='bbox 1686 549 1901 622; x_wconf 79' lang='lat' dir='ltr'>cogitur</span> <span class='ocrx_word' id='word_1_18' title='bbox 1947 549 2337 606; x_wconf 81' lang='lat' dir='ltr'>inconveniens</span> <span class='ocrx_word' id='word_1_19' title='bbox 2370 547 2467 602; x_wconf 84' lang='lat' dir='ltr'>di·</span> 
     </span>
     <span class='ocr_line' id='line_1_4' title="bbox 457 637 2469 712; baseline -0.003 -14"><span class='ocrx_word' id='word_1_20' title='bbox 457 657 600 708; x_wconf 85' lang='lat' dir='ltr'>cere,</span> <span class='ocrx_word' id='word_1_21' title='bbox 629 642 774 699; x_wconf 87' lang='lat' dir='ltr'>sicut</span> <span class='ocrx_word' id='word_1_22' title='bbox 812 641 902 697; x_wconf 84' lang='lat' dir='ltr'>ubi</span> <span class='ocrx_word' id='word_1_23' title='bbox 941 641 1078 698; x_wconf 86' lang='lat' dir='ltr'>dicit</span> <span class='ocrx_word' id='word_1_24' title='bbox 1109 660 1123 696; x_wconf 73' lang='grc' dir='ltr'><strong>ι</strong></span> <span class='ocrx_word' id='word_1_25' title='bbox 1155 641 1298 698; x_wconf 76' lang='lat' dir='ltr'>Deus</span> <span class='ocrx_word' id='word_1_26' title='bbox 1347 640 1763 712; x_wconf 74' lang='lat' dir='ltr'>Trinipostases,</span> <span class='ocrx_word' id='word_1_27' title='bbox 1792 639 1849 696; x_wconf 88' lang='lat' dir='ltr'>id</span> <span class='ocrx_word' id='word_1_28' title='bbox 1892 646 1997 705; x_wconf 89' lang='lat' dir='ltr'>est,</span> <span class='ocrx_word' id='word_1_29' title='bbox 2028 637 2227 694; x_wconf 84' lang='lat' dir='ltr'>Trinus</span> <span class='ocrx_word' id='word_1_30' title='bbox 2267 653 2469 694; x_wconf 87' lang='lat' dir='ltr'>essen-</span> 
     </span>
     <span class='ocr_line' id='line_1_5' title="bbox 458 726 2467 804; baseline -0.002 -18"><span class='ocrx_word' id='word_1_31' title='bbox 458 730 663 787; x_wconf 84' lang='lat' dir='ltr'>tialiter</span> <span class='ocrx_word' id='word_1_32' title='bbox 704 731 1024 804; x_wconf 79' lang='lat' dir='ltr'>personaliS.</span> <span class='ocrx_word' id='word_1_33' title='bbox 1057 733 1174 788; x_wconf 85' lang='lat' dir='ltr'>Hoc</span> <span class='ocrx_word' id='word_1_34' title='bbox 1217 731 1362 787; x_wconf 88' lang='lat' dir='ltr'>enim</span> <span class='ocrx_word' id='word_1_35' title='bbox 1405 738 1492 786; x_wconf 91' lang='lat' dir='ltr'>est</span> <span class='ocrx_word' id='word_1_36' title='bbox 1534 730 1755 786; x_wconf 88' lang='lat' dir='ltr'>omnino</span> <span class='ocrx_word' id='word_1_37' title='bbox 1800 743 2111 794; x_wconf 86' lang='lat' dir='ltr'>erroneum,</span> <span class='ocrx_word' id='word_1_38' title='bbox 2143 726 2288 801; x_wconf 87' lang='lat' dir='ltr'>quod</span> <span class='ocrx_word' id='word_1_39' title='bbox 2314 727 2467 782; x_wconf 86' lang='lat' dir='ltr'>Deus</span> 
     </span>
     <span class='ocr_line' id='line_1_6' title="bbox 457 813 2469 891; baseline -0.002 -16"><span class='ocrx_word' id='word_1_40' title='bbox 457 820 532 875; x_wconf 86' lang='lat' dir='ltr'>sit</span> <span class='ocrx_word' id='word_1_41' title='bbox 556 819 920 876; x_wconf 75' lang='lat' dir='ltr'>essentialiter</span> <span class='ocrx_word' id='word_1_42' title='bbox 945 820 1142 876; x_wconf 87' lang='lat' dir='ltr'>trinus.</span> <span class='ocrx_word' id='word_1_43' title='bbox 1172 820 1434 878; x_wconf 88' lang='lat' dir='ltr'>Sufficere</span> <span class='ocrx_word' id='word_1_44' title='bbox 1475 827 1661 876; x_wconf 81' lang='lat' dir='ltr'>autem</span> <span class='ocrx_word' id='word_1_45' title='bbox 1694 833 1792 891; x_wconf 88' lang='lat' dir='ltr'>pro</span> <span class='ocrx_word' id='word_1_46' title='bbox 1828 815 2117 891; x_wconf 80' lang='lat' dir='ltr'>hypostasi</span> <span class='ocrx_word' id='word_1_47' title='bbox 2164 813 2469 873; x_wconf 84' lang='lat' dir='ltr'>transferre</span> 
     </span>
     <span class='ocr_line' id='line_1_7' title="bbox 457 906 2469 982; baseline -0.002 -17"><span class='ocrx_word' id='word_1_48' title='bbox 457 909 780 981; x_wconf 86' lang='lat' dir='ltr'>simpliciter</span> <span class='ocrx_word' id='word_1_49' title='bbox 815 925 1128 982; x_wconf 82' lang='lat' dir='ltr'>personam.</span> <span class='ocrx_word' id='word_1_50' title='bbox 1149 911 1241 967; x_wconf 91' lang='lat' dir='ltr'>Sic</span> <span class='ocrx_word' id='word_1_51' title='bbox 1270 908 1417 965; x_wconf 88' lang='lat' dir='ltr'>enim</span> <span class='ocrx_word' id='word_1_52' title='bbox 1464 908 1918 964; x_wconf 85' lang='lat' dir='ltr'>utimnr&#39;nomine</span> <span class='ocrx_word' id='word_1_53' title='bbox 1951 922 2197 980; x_wconf 69' lang='lat' dir='ltr'>personae</span> <span class='ocrx_word' id='word_1_54' title='bbox 2222 906 2281 960; x_wconf 92' lang='lat' dir='ltr'>in</span> <span class='ocrx_word' id='word_1_55' title='bbox 2320 920 2469 962; x_wconf 85' lang='lat' dir='ltr'>con-</span> 
     </span>
     <span class='ocr_line' id='line_1_8' title="bbox 459 996 2467 1068; baseline -0.001 -16"><span class='ocrx_word' id='word_1_56' title='bbox 459 997 693 1054; x_wconf 87' lang='lat' dir='ltr'>fessione</span> <span class='ocrx_word' id='word_1_57' title='bbox 729 997 875 1066; x_wconf 86' lang='lat' dir='ltr'>fidei,</span> <span class='ocrx_word' id='word_1_58' title='bbox 917 996 1059 1054; x_wconf 90' lang='lat' dir='ltr'>sicut</span> <span class='ocrx_word' id='word_1_59' title='bbox 1099 999 1282 1055; x_wconf 82' lang='lat' dir='ltr'>Graeci</span> <span class='ocrx_word' id='word_1_60' title='bbox 1331 997 1551 1053; x_wconf 89' lang='lat' dir='ltr'>nomine</span> <span class='ocrx_word' id='word_1_61' title='bbox 1593 997 1904 1068; x_wconf 75' lang='lat' dir='ltr'>hypostasis,</span> <span class='ocrx_word' id='word_1_62' title='bbox 1943 1005 2007 1052; x_wconf 90' lang='lat' dir='ltr'>ut</span> <span class='ocrx_word' id='word_1_63' title='bbox 2052 996 2190 1051; x_wconf 88' lang='lat' dir='ltr'>dicit</span> <span class='ocrx_word' id='word_1_64' title='bbox 2224 997 2467 1066; x_wconf 82' lang='lat' dir='ltr'>August.</span> 
     </span>
     <span class='ocr_line' id='line_1_9' title="bbox 458 1083 2471 1160; baseline 0 -20"><span class='ocrx_word' id='word_1_65' title='bbox 458 1085 586 1141; x_wconf 91' lang='lat' dir='ltr'>licet</span> <span class='ocrx_word' id='word_1_66' title='bbox 607 1102 712 1141; x_wconf 91' lang='lat' dir='ltr'>non</span> <span class='ocrx_word' id='word_1_67' title='bbox 741 1087 815 1143; x_wconf 90' lang='lat' dir='ltr'>sit</span> <span class='ocrx_word' id='word_1_68' title='bbox 839 1089 1060 1144; x_wconf 91' lang='lat' dir='ltr'>omnino</span> <span class='ocrx_word' id='word_1_69' title='bbox 1085 1087 1276 1144; x_wconf 86' lang='lat' dir='ltr'>eadem</span> <span class='ocrx_word' id='word_1_70' title='bbox 1304 1087 1448 1144; x_wconf 87' lang='lat' dir='ltr'>ratio</span> <span class='ocrx_word' id='word_1_71' title='bbox 1490 1086 1833 1159; x_wconf 81' lang='lat' dir='ltr'>significandi</span> <span class='ocrx_word' id='word_1_72' title='bbox 1868 1102 1967 1160; x_wconf 90' lang='lat' dir='ltr'>per</span> <span class='ocrx_word' id='word_1_73' title='bbox 1998 1101 2216 1141; x_wconf 89' lang='lat' dir='ltr'>nomen.</span> <span class='ocrx_word' id='word_1_74' title='bbox 2247 1083 2471 1141; x_wconf 83' lang='lat' dir='ltr'>inducit</span> 
     </span>
     <span class='ocr_line' id='line_1_10' title="bbox 459 1171 2465 1247; baseline -0 -20"><span class='ocrx_word' id='word_1_75' title='bbox 459 1174 627 1229; x_wconf 88' lang='lat' dir='ltr'>etiam</span> <span class='ocrx_word' id='word_1_76' title='bbox 667 1175 735 1230; x_wconf 86' lang='lat' dir='ltr'>ad</span> <span class='ocrx_word' id='word_1_77' title='bbox 775 1173 992 1231; x_wconf 86' lang='lat' dir='ltr'>laudem</span> <span class='ocrx_word' id='word_1_78' title='bbox 1043 1176 1370 1232; x_wconf 87' lang='lat' dir='ltr'>Sanctorum</span> <span class='ocrx_word' id='word_1_79' title='bbox 1413 1177 1635 1232; x_wconf 84' lang='lat' dir='ltr'>Patrnm</span> <span class='ocrx_word' id='word_1_80' title='bbox 1660 1173 1865 1247; x_wconf 77' lang='lat' dir='ltr'>aliqua</span> <span class='ocrx_word' id='word_1_81' title='bbox 1906 1189 2033 1247; x_wconf 84' lang='lat' dir='ltr'>quae</span> <span class='ocrx_word' id='word_1_82' title='bbox 2074 1173 2296 1228; x_wconf 88' lang='lat' dir='ltr'>modum</span> <span class='ocrx_word' id='word_1_83' title='bbox 2338 1171 2465 1244; x_wconf 88' lang='lat' dir='ltr'>puri</span> 
     </span>
     <span class='ocr_line' id='line_1_11' title="bbox 459 1260 2467 1338; baseline -0.001 -21"><span class='ocrx_word' id='word_1_84' title='bbox 459 1261 694 1318; x_wconf 88' lang='lat' dir='ltr'>hominis</span> <span class='ocrx_word' id='word_1_85' title='bbox 734 1264 1025 1333; x_wconf 88' lang='lat' dir='ltr'>excedunt,</span> <span class='ocrx_word' id='word_1_86' title='bbox 1076 1264 1290 1338; x_wconf 89' lang='lat' dir='ltr'>aliquos</span> <span class='ocrx_word' id='word_1_87' title='bbox 1332 1265 1622 1320; x_wconf 87' lang='lat' dir='ltr'>nominans</span> <span class='ocrx_word' id='word_1_88' title='bbox 1666 1265 1855 1320; x_wconf 86' lang='lat' dir='ltr'>Patres</span> <span class='ocrx_word' id='word_1_89' title='bbox 1898 1263 2046 1328; x_wconf 83' lang='lat' dir='ltr'>fidei,</span> <span class='ocrx_word' id='word_1_90' title='bbox 2096 1262 2241 1335; x_wconf 87' lang='lat' dir='ltr'>quod</span> <span class='ocrx_word' id='word_1_91' title='bbox 2294 1260 2467 1317; x_wconf 88' lang='lat' dir='ltr'>solius</span> 
     </span>
     <span class='ocr_line' id='line_1_12' title="bbox 461 1343 2466 1426; baseline 0 -20"><span class='ocrx_word' id='word_1_92' title='bbox 461 1351 660 1407; x_wconf 84' lang='lat' dir='ltr'>Christi</span> <span class='ocrx_word' id='word_1_93' title='bbox 689 1351 791 1417; x_wconf 78' lang='lat' dir='ltr'>est,</span> <span class='ocrx_word' id='word_1_94' title='bbox 820 1368 852 1408; x_wconf 90' lang='lat' dir='ltr'>a</span> <span class='ocrx_word' id='word_1_95' title='bbox 877 1368 1004 1426; x_wconf 85' lang='lat' dir='ltr'>que,</span> <span class='ocrx_word' id='word_1_96' title='bbox 1039 1353 1340 1410; x_wconf 84' lang='lat' dir='ltr'>secundum</span> <span class='ocrx_word' id='word_1_97' title='bbox 1363 1353 1687 1426; x_wconf 83' lang='lat' dir='ltr'>Apostolum</span> <span class='ocrx_word' id='word_1_98' title='bbox 1729 1353 1795 1409; x_wconf 92' lang='lat' dir='ltr'>ad</span> <span class='ocrx_word' id='word_1_99' title='bbox 1834 1352 1999 1408; x_wconf 80' lang='lat' dir='ltr'>Hebr.</span> <span class='ocrx_word' id='word_1_100' title='bbox 2036 1367 2100 1419; x_wconf 82' lang='grc' dir='ltr'>ιι,</span> <span class='ocrx_word' id='word_1_101' title='bbox 2132 1343 2466 1424; x_wconf 83' lang='lat' dir='ltr'>principium</span> 
     </span>
     <span class='ocr_line' id='line_1_13' title="bbox 460 1439 2467 1514; baseline -0 -18"><span class='ocrx_word' id='word_1_102' title='bbox 460 1441 661 1511; x_wconf 85' lang='lat' dir='ltr'>accipit</span> <span class='ocrx_word' id='word_1_103' title='bbox 703 1439 837 1496; x_wconf 82' lang='lat' dir='ltr'>fides</span> <span class='ocrx_word' id='word_1_104' title='bbox 878 1441 1191 1497; x_wconf 86' lang='lat' dir='ltr'>enarrandi.</span> <span class='ocrx_word' id='word_1_105' title='bbox 1236 1443 1434 1498; x_wconf 81' lang='lat' dir='ltr'>Caeteri</span> <span class='ocrx_word' id='word_1_106' title='bbox 1479 1457 1612 1498; x_wconf 90' lang='lat' dir='ltr'>vero</span> <span class='ocrx_word' id='word_1_107' title='bbox 1650 1448 1879 1514; x_wconf 87' lang='lat' dir='ltr'>possunt</span> <span class='ocrx_word' id='word_1_108' title='bbox 1926 1440 2033 1496; x_wconf 90' lang='lat' dir='ltr'>dici</span> <span class='ocrx_word' id='word_1_109' title='bbox 2072 1440 2344 1508; x_wconf 88' lang='lat' dir='ltr'>doctores,</span> <span class='ocrx_word' id='word_1_110' title='bbox 2377 1443 2467 1496; x_wconf 81' lang='lat' dir='ltr'>vet</span> 
     </span>
     <span class='ocr_line' id='line_1_14' title="bbox 460 1528 2465 1602; baseline 0 -20"><span class='ocrx_word' id='word_1_111' title='bbox 460 1528 798 1599; x_wconf 83' lang='lat' dir='ltr'>expositores</span> <span class='ocrx_word' id='word_1_112' title='bbox 839 1528 985 1595; x_wconf 85' lang='lat' dir='ltr'>fidei,</span> <span class='ocrx_word' id='word_1_113' title='bbox 1011 1545 1119 1584; x_wconf 90' lang='lat' dir='ltr'>non</span> <span class='ocrx_word' id='word_1_114' title='bbox 1158 1538 1344 1587; x_wconf 89' lang='lat' dir='ltr'>autem</span> <span class='ocrx_word' id='word_1_115' title='bbox 1384 1530 1596 1586; x_wconf 86' lang='lat' dir='ltr'>Patres.</span> <span class='ocrx_word' id='word_1_116' title='bbox 1628 1529 1844 1586; x_wconf 79' lang='lat' dir='ltr'>inducit</span> <span class='ocrx_word' id='word_1_117' title='bbox 1882 1531 2049 1586; x_wconf 89' lang='lat' dir='ltr'>etiam</span> <span class='ocrx_word' id='word_1_118' title='bbox 2095 1529 2151 1584; x_wconf 91' lang='lat' dir='ltr'>in</span> <span class='ocrx_word' id='word_1_119' title='bbox 2197 1528 2465 1602; x_wconf 91' lang='lat' dir='ltr'>principio</span> 
     </span>
     <span class='ocr_line' id='line_1_15' title="bbox 460 1615 2463 1691; baseline 0 -19"><span class='ocrx_word' id='word_1_120' title='bbox 460 1616 622 1688; x_wconf 88' lang='lat' dir='ltr'>hujus</span> <span class='ocrx_word' id='word_1_121' title='bbox 645 1615 812 1672; x_wconf 84' lang='lat' dir='ltr'>libelli</span> <span class='ocrx_word' id='word_1_122' title='bbox 839 1616 1109 1690; x_wconf 86' lang='lat' dir='ltr'>quasdam</span> <span class='ocrx_word' id='word_1_123' title='bbox 1137 1618 1499 1674; x_wconf 83' lang='lat' dir='ltr'>auctoritates</span> <span class='ocrx_word' id='word_1_124' title='bbox 1524 1618 1708 1674; x_wconf 84' lang='lat' dir='ltr'>Saerae</span> <span class='ocrx_word' id='word_1_125' title='bbox 1733 1617 2049 1691; x_wconf 68' lang='lat' dir='ltr'>Scripturas,</span> <span class='ocrx_word' id='word_1_126' title='bbox 2081 1632 2208 1690; x_wconf 82' lang='lat' dir='ltr'>quae</span> <span class='ocrx_word' id='word_1_127' title='bbox 2230 1617 2277 1672; x_wconf 91' lang='lat' dir='ltr'>si</span> <span class='ocrx_word' id='word_1_128' title='bbox 2302 1615 2463 1673; x_wconf 77' lang='lat' dir='ltr'>nudae</span> 
     </span>
     <span class='ocr_line' id='line_1_16' title="bbox 459 1705 2462 1780; baseline 0 -19"><span class='ocrx_word' id='word_1_129' title='bbox 459 1705 825 1778; x_wconf 85' lang='lat' dir='ltr'>proferantur,</span> <span class='ocrx_word' id='word_1_130' title='bbox 853 1722 961 1762; x_wconf 87' lang='lat' dir='ltr'>non</span> <span class='ocrx_word' id='word_1_131' title='bbox 989 1723 1244 1778; x_wconf 85' lang='lat' dir='ltr'>expresse</span> <span class='ocrx_word' id='word_1_132' title='bbox 1268 1706 1503 1780; x_wconf 84' lang='lat' dir='ltr'>probant</span> <span class='ocrx_word' id='word_1_133' title='bbox 1527 1707 1932 1780; x_wconf 85' lang='lat' dir='ltr'>processionem</span> <span class='ocrx_word' id='word_1_134' title='bbox 1954 1707 2189 1778; x_wconf 86' lang='lat' dir='ltr'>Spiritus</span> <span class='ocrx_word' id='word_1_135' title='bbox 2220 1705 2406 1763; x_wconf 83' lang='lat' dir='ltr'>Sancti</span> <span class='ocrx_word' id='word_1_136' title='bbox 2431 1720 2462 1761; x_wconf 81' lang='lat' dir='ltr'>a</span> 
     </span>
     <span class='ocr_line' id='line_1_17' title="bbox 462 1793 2457 1868; baseline -0.001 -18"><span class='ocrx_word' id='word_1_137' title='bbox 462 1793 617 1864; x_wconf 88' lang='lat' dir='ltr'>Filio,</span> <span class='ocrx_word' id='word_1_138' title='bbox 645 1795 788 1852; x_wconf 90' lang='lat' dir='ltr'>sicut</span> <span class='ocrx_word' id='word_1_139' title='bbox 813 1795 957 1868; x_wconf 88' lang='lat' dir='ltr'>quod</span> <span class='ocrx_word' id='word_1_140' title='bbox 990 1796 1200 1852; x_wconf 89' lang='lat' dir='ltr'>inducit</span> <span class='ocrx_word' id='word_1_141' title='bbox 1232 1813 1245 1850; x_wconf 75' lang='grc' dir='ltr'><strong><em>ε</em></strong></span> <span class='ocrx_word' id='word_1_142' title='bbox 1276 1795 1519 1868; x_wconf 76' lang='lat' dir='ltr'>Spiritus</span> <span class='ocrx_word' id='word_1_143' title='bbox 1545 1795 1749 1852; x_wconf 77' lang='lat' dir='ltr'>domini</span> <span class='ocrx_word' id='word_1_144' title='bbox 1774 1794 2053 1868; x_wconf 75' lang='lat' dir='ltr'>ferebatur</span> <span class='ocrx_word' id='word_1_145' title='bbox 2078 1811 2241 1866; x_wconf 79' lang='lat' dir='ltr'>super</span> <span class='ocrx_word' id='word_1_146' title='bbox 2273 1810 2457 1866; x_wconf 72' lang='lat' dir='ltr'>aquas.</span> 
     </span>
     <span class='ocr_line' id='line_1_18' title="bbox 461 1883 2465 1958; baseline -0.001 -17"><span class='ocrx_word' id='word_1_147' title='bbox 461 1885 646 1941; x_wconf 86' lang='lat' dir='ltr'>Utitur</span> <span class='ocrx_word' id='word_1_148' title='bbox 669 1884 836 1940; x_wconf 88' lang='lat' dir='ltr'>etiam</span> <span class='ocrx_word' id='word_1_149' title='bbox 860 1890 916 1940; x_wconf 87' lang='lat' dir='ltr'>et</span> <span class='ocrx_word' id='word_1_150' title='bbox 937 1885 1054 1957; x_wconf 88' lang='lat' dir='ltr'>ipse</span> <span class='ocrx_word' id='word_1_151' title='bbox 1083 1884 1356 1957; x_wconf 80' lang='lat' dir='ltr'>aliquibus</span> <span class='ocrx_word' id='word_1_152' title='bbox 1385 1884 1563 1940; x_wconf 88' lang='lat' dir='ltr'>modis</span> <span class='ocrx_word' id='word_1_153' title='bbox 1592 1884 1870 1957; x_wconf 85' lang='lat' dir='ltr'>loquendi,</span> <span class='ocrx_word' id='word_1_154' title='bbox 1896 1898 2038 1958; x_wconf 85' lang='lat' dir='ltr'>quos</span> <span class='ocrx_word' id='word_1_155' title='bbox 2075 1883 2129 1938; x_wconf 85' lang='lat' dir='ltr'>in</span> <span class='ocrx_word' id='word_1_156' title='bbox 2159 1883 2465 1939; x_wconf 86' lang='lat' dir='ltr'>auctorita-</span> 
     </span>
     <span class='ocr_line' id='line_1_19' title="bbox 463 1972 2462 2050; baseline 0 -22"><span class='ocrx_word' id='word_1_157' title='bbox 463 1972 610 2029; x_wconf 88' lang='lat' dir='ltr'>tibus</span> <span class='ocrx_word' id='word_1_158' title='bbox 630 1982 942 2030; x_wconf 86' lang='lat' dir='ltr'>sanctorum</span> <span class='ocrx_word' id='word_1_159' title='bbox 978 1975 1199 2030; x_wconf 88' lang='lat' dir='ltr'>Patrum</span> <span class='ocrx_word' id='word_1_160' title='bbox 1225 1975 1453 2039; x_wconf 88' lang='lat' dir='ltr'>invenit,</span> <span class='ocrx_word' id='word_1_161' title='bbox 1482 1973 1577 2046; x_wconf 89' lang='lat' dir='ltr'>qui</span> <span class='ocrx_word' id='word_1_162' title='bbox 1620 1973 1763 2029; x_wconf 90' lang='lat' dir='ltr'>sicut</span> <span class='ocrx_word' id='word_1_163' title='bbox 1806 1972 2059 2050; x_wconf 83' lang='lat' dir='ltr'>superins</span> <span class='ocrx_word' id='word_1_164' title='bbox 2105 1972 2315 2027; x_wconf 88' lang='lat' dir='ltr'>dictum</span> <span class='ocrx_word' id='word_1_165' title='bbox 2356 1977 2462 2039; x_wconf 87' lang='lat' dir='ltr'>est,</span> 
     </span>
     <span class='ocr_line' id='line_1_20' title="bbox 463 2059 2464 2135; baseline -0.001 -19"><span class='ocrx_word' id='word_1_166' title='bbox 463 2062 638 2133; x_wconf 86' lang='lat' dir='ltr'>magis</span> <span class='ocrx_word' id='word_1_167' title='bbox 664 2069 794 2118; x_wconf 88' lang='lat' dir='ltr'>sunt</span> <span class='ocrx_word' id='word_1_168' title='bbox 824 2068 1136 2118; x_wconf 85' lang='lat' dir='ltr'>reverenter</span> <span class='ocrx_word' id='word_1_169' title='bbox 1163 2064 1216 2118; x_wconf 92' lang='lat' dir='ltr'>in</span> <span class='ocrx_word' id='word_1_170' title='bbox 1250 2062 1416 2118; x_wconf 87' lang='lat' dir='ltr'>dictis</span> <span class='ocrx_word' id='word_1_171' title='bbox 1444 2064 1665 2118; x_wconf 75' lang='lat' dir='ltr'>Petrum</span> <span class='ocrx_word' id='word_1_172' title='bbox 1695 2060 2022 2135; x_wconf 87' lang='lat' dir='ltr'>exponendi,</span> <span class='ocrx_word' id='word_1_173' title='bbox 2049 2075 2217 2134; x_wconf 88' lang='lat' dir='ltr'>quam</span> <span class='ocrx_word' id='word_1_174' title='bbox 2242 2060 2313 2116; x_wconf 87' lang='lat' dir='ltr'>ab</span> <span class='ocrx_word' id='word_1_175' title='bbox 2338 2059 2464 2117; x_wconf 88' lang='lat' dir='ltr'>aliis</span> 
     </span>
     <span class='ocr_line' id='line_1_21' title="bbox 461 2148 2463 2224; baseline -0 -19"><span class='ocrx_word' id='word_1_176' title='bbox 461 2151 780 2221; x_wconf 89' lang='lat' dir='ltr'>usurpandi,</span> <span class='ocrx_word' id='word_1_177' title='bbox 807 2151 949 2207; x_wconf 87' lang='lat' dir='ltr'>sicut</span> <span class='ocrx_word' id='word_1_178' title='bbox 973 2150 1118 2224; x_wconf 89' lang='lat' dir='ltr'>quod</span> <span class='ocrx_word' id='word_1_179' title='bbox 1145 2151 1198 2206; x_wconf 92' lang='lat' dir='ltr'>in</span> <span class='ocrx_word' id='word_1_180' title='bbox 1223 2151 1424 2206; x_wconf 88' lang='lat' dir='ltr'>divinis</span> <span class='ocrx_word' id='word_1_181' title='bbox 1454 2151 1719 2224; x_wconf 76' lang='lat' dir='ltr'>personi3‚</span> <span class='ocrx_word' id='word_1_182' title='bbox 1748 2151 1818 2206; x_wconf 89' lang='lat' dir='ltr'>sit</span> <span class='ocrx_word' id='word_1_183' title='bbox 1851 2151 2106 2223; x_wconf 85' lang='lat' dir='ltr'>primum,</span> <span class='ocrx_word' id='word_1_184' title='bbox 2138 2148 2463 2216; x_wconf 87' lang='lat' dir='ltr'>secundum,</span> 
     </span>
     <span class='ocr_line' id='line_1_22' title="bbox 463 2236 2467 2311; baseline -0 -17"><span class='ocrx_word' id='word_1_185' title='bbox 463 2240 706 2305; x_wconf 84' lang='lat' dir='ltr'>tertium,</span> <span class='ocrx_word' id='word_1_186' title='bbox 737 2255 923 2306; x_wconf 84' lang='lat' dir='ltr'>causa,</span> <span class='ocrx_word' id='word_1_187' title='bbox 955 2246 1010 2295; x_wconf 90' lang='lat' dir='ltr'>et</span> <span class='ocrx_word' id='word_1_188' title='bbox 1034 2249 1341 2296; x_wconf 86' lang='lat' dir='ltr'>causatum.</span> <span class='ocrx_word' id='word_1_189' title='bbox 1372 2241 1435 2296; x_wconf 81' lang='lat' dir='ltr'>ln</span> <span class='ocrx_word' id='word_1_190' title='bbox 1464 2241 1578 2296; x_wconf 89' lang='lat' dir='ltr'>suis</span> <span class='ocrx_word' id='word_1_191' title='bbox 1609 2241 1777 2296; x_wconf 88' lang='lat' dir='ltr'>etiam</span> <span class='ocrx_word' id='word_1_192' title='bbox 1806 2239 2239 2311; x_wconf 82' lang='lat' dir='ltr'>expositionibus</span> <span class='ocrx_word' id='word_1_193' title='bbox 2276 2236 2467 2294; x_wconf 87' lang='lat' dir='ltr'>multis</span> 
     </span>
     <span class='ocr_line' id='line_1_23' title="bbox 455 2324 2469 2401; baseline -0.001 -17"><span class='ocrx_word' id='word_1_194' title='bbox 455 2327 775 2400; x_wconf 78' lang='lat' dir='ltr'>&#39;impropriis</span> <span class='ocrx_word' id='word_1_195' title='bbox 814 2328 994 2384; x_wconf 84' lang='lat' dir='ltr'>verbis</span> <span class='ocrx_word' id='word_1_196' title='bbox 1037 2336 1092 2384; x_wconf 88' lang='lat' dir='ltr'>et</span> <span class='ocrx_word' id='word_1_197' title='bbox 1135 2329 1514 2386; x_wconf 88' lang='lat' dir='ltr'>indecentibus</span> <span class='ocrx_word' id='word_1_198' title='bbox 1542 2330 1735 2396; x_wconf 89' lang='lat' dir='ltr'>utitur,</span> <span class='ocrx_word' id='word_1_199' title='bbox 1769 2330 1911 2384; x_wconf 88' lang='lat' dir='ltr'>sicut</span> <span class='ocrx_word' id='word_1_200' title='bbox 1958 2329 2102 2401; x_wconf 85' lang='lat' dir='ltr'>quod</span> <span class='ocrx_word' id='word_1_201' title='bbox 2134 2328 2285 2394; x_wconf 86' lang='lat' dir='ltr'>dicit,</span> <span class='ocrx_word' id='word_1_202' title='bbox 2320 2324 2469 2400; x_wconf 88' lang='lat' dir='ltr'>quod</span> 
     </span>
     <span class='ocr_line' id='line_1_24' title="bbox 466 2415 2465 2490; baseline 0.002 -21"><span class='ocrx_word' id='word_1_203' title='bbox 466 2436 492 2469; x_wconf 76' lang='grc' dir='ltr'><strong>α</strong></span> <span class='ocrx_word' id='word_1_204' title='bbox 524 2416 694 2470; x_wconf 90' lang='lat' dir='ltr'>Filius</span> <span class='ocrx_word' id='word_1_205' title='bbox 721 2415 884 2472; x_wconf 88' lang='lat' dir='ltr'>habet</span> <span class='ocrx_word' id='word_1_206' title='bbox 925 2417 1314 2490; x_wconf 86' lang='lat' dir='ltr'>proprietatem</span> <span class='ocrx_word' id='word_1_207' title='bbox 1339 2419 1613 2490; x_wconf 88' lang='lat' dir='ltr'>geminam</span> <span class='ocrx_word' id='word_1_208' title='bbox 1656 2419 1799 2474; x_wconf 88' lang='lat' dir='ltr'>inter</span> <span class='ocrx_word' id='word_1_209' title='bbox 1827 2419 2043 2474; x_wconf 88' lang='lat' dir='ltr'>Patrem</span> <span class='ocrx_word' id='word_1_210' title='bbox 2087 2423 2141 2471; x_wconf 92' lang='lat' dir='ltr'>et</span> <span class='ocrx_word' id='word_1_211' title='bbox 2175 2417 2465 2489; x_wconf 87' lang='lat' dir='ltr'>Spiritum,</span> 
     </span>
     <span class='ocr_line' id='line_1_25' title="bbox 465 2503 2466 2580; baseline 0.001 -21"><span class='ocrx_word' id='word_1_212' title='bbox 465 2510 528 2559; x_wconf 88' lang='lat' dir='ltr'>ut</span> <span class='ocrx_word' id='word_1_213' title='bbox 572 2503 648 2558; x_wconf 88' lang='lat' dir='ltr'>ita</span> <span class='ocrx_word' id='word_1_214' title='bbox 691 2503 888 2570; x_wconf 88' lang='lat' dir='ltr'>dicam,</span> <span class='ocrx_word' id='word_1_215' title='bbox 940 2504 1312 2562; x_wconf 86' lang='lat' dir='ltr'>subalternam</span> <span class='ocrx_word' id='word_1_216' title='bbox 1349 2523 1447 2579; x_wconf 90' lang='lat' dir='ltr'>per</span> <span class='ocrx_word' id='word_1_217' title='bbox 1491 2508 1709 2564; x_wconf 88' lang='lat' dir='ltr'>modum</span> <span class='ocrx_word' id='word_1_218' title='bbox 1761 2506 2111 2580; x_wconf 61' lang='lat' dir='ltr'>praedicandi.</span> <span class='ocrx_word' id='word_1_219' title='bbox 2167 2506 2351 2560; x_wconf 86' lang='lat' dir='ltr'>Prima</span> <span class='ocrx_word' id='word_1_220' title='bbox 2406 2521 2466 2561; x_wconf 87' lang='lat' dir='ltr'>se</span> 
     </span>
     <span class='ocr_line' id='line_1_26' title="bbox 461 2590 2461 2670; baseline 0.003 -24"><span class='ocrx_word' id='word_1_221' title='bbox 461 2590 630 2647; x_wconf 85' lang='lat' dir='ltr'>habet</span> <span class='ocrx_word' id='word_1_222' title='bbox 644 2590 712 2647; x_wconf 88' lang='lat' dir='ltr'>ad</span> <span class='ocrx_word' id='word_1_223' title='bbox 742 2593 964 2648; x_wconf 85' lang='lat' dir='ltr'>Patrem·</span> <span class='ocrx_word' id='word_1_224' title='bbox 981 2599 1241 2667; x_wconf 87' lang='lat' dir='ltr'>tanquam</span> <span class='ocrx_word' id='word_1_225' title='bbox 1269 2596 1577 2667; x_wconf 88' lang='lat' dir='ltr'>subjectum</span> <span class='ocrx_word' id='word_1_226' title='bbox 1607 2597 1673 2653; x_wconf 92' lang='lat' dir='ltr'>ad</span> <span class='ocrx_word' id='word_1_227' title='bbox 1700 2596 2077 2670; x_wconf 71' lang='lat' dir='ltr'>praedicatum,</span> <span class='ocrx_word' id='word_1_228' title='bbox 2111 2600 2166 2650; x_wconf 92' lang='lat' dir='ltr'>et</span> <span class='ocrx_word' id='word_1_229' title='bbox 2192 2594 2461 2662; x_wconf 84' lang='lat' dir='ltr'>secunda,</span> 
     </span>
     <span class='ocr_line' id='line_1_27' title="bbox 466 2679 2464 2757; baseline 0.002 -22"><span class='ocrx_word' id='word_1_230' title='bbox 466 2687 527 2736; x_wconf 94' lang='lat' dir='ltr'>ut</span> <span class='ocrx_word' id='word_1_231' title='bbox 555 2679 909 2752; x_wconf 77' lang='lat' dir='ltr'>praedicatum</span> <span class='ocrx_word' id='word_1_232' title='bbox 934 2682 1002 2739; x_wconf 88' lang='lat' dir='ltr'>ad</span> <span class='ocrx_word' id='word_1_233' title='bbox 1031 2683 1355 2755; x_wconf 86' lang='lat' dir='ltr'>subjectum,</span> <span class='ocrx_word' id='word_1_234' title='bbox 1383 2693 1440 2740; x_wconf 89' lang='lat' dir='ltr'>et</span> <span class='ocrx_word' id='word_1_235' title='bbox 1468 2686 1544 2741; x_wconf 86' lang='lat' dir='ltr'>ita</span> <span class='ocrx_word' id='word_1_236' title='bbox 1570 2687 1638 2741; x_wconf 81' lang='lat' dir='ltr'>ad</span> <span class='ocrx_word' id='word_1_237' title='bbox 1664 2685 1927 2757; x_wconf 85' lang='lat' dir='ltr'>Spiritum</span> <span class='ocrx_word' id='word_1_238' title='bbox 1948 2687 2228 2748; x_wconf 83' lang='lat' dir='ltr'>Sanctum,</span> <span class='ocrx_word' id='word_1_239' title='bbox 2262 2703 2287 2734; x_wconf 67' lang='lat' dir='ltr'>a</span> <span class='ocrx_word' id='word_1_240' title='bbox 2316 2683 2464 2755; x_wconf 82' lang='lat' dir='ltr'>quod</span> 
     </span>
     <span class='ocr_line' id='line_1_28' title="bbox 439 2770 2466 2846; baseline 0 -20"><span class='ocrx_word' id='word_1_241' title='bbox 439 2775 550 2826; x_wconf 78' lang='lat' dir='ltr'>&#39;est</span> <span class='ocrx_word' id='word_1_242' title='bbox 570 2770 787 2826; x_wconf 89' lang='lat' dir='ltr'>omnino</span> <span class='ocrx_word' id='word_1_243' title='bbox 814 2787 1122 2827; x_wconf 82' lang='lat' dir='ltr'>erroneum.</span> <span class='ocrx_word' id='word_1_244' title='bbox 1148 2773 1284 2829; x_wconf 88' lang='lat' dir='ltr'>ltem</span> <span class='ocrx_word' id='word_1_245' title='bbox 1311 2773 1466 2840; x_wconf 92' lang='lat' dir='ltr'>dicit,</span> <span class='ocrx_word' id='word_1_246' title='bbox 1498 2774 1644 2846; x_wconf 88' lang='lat' dir='ltr'>quod</span> <span class='ocrx_word' id='word_1_247' title='bbox 1670 2774 1844 2846; x_wconf 72' lang='lat' dir='ltr'>imaqo</span> <span class='ocrx_word' id='word_1_248' title='bbox 1872 2775 1925 2828; x_wconf 91' lang='lat' dir='ltr'>in</span> <span class='ocrx_word' id='word_1_249' title='bbox 1974 2774 2171 2830; x_wconf 84' lang='lat' dir='ltr'>Graeco</span> <span class='ocrx_word' id='word_1_250' title='bbox 2207 2773 2354 2828; x_wconf 91' lang='lat' dir='ltr'>idem</span> <span class='ocrx_word' id='word_1_251' title='bbox 2382 2779 2466 2827; x_wconf 87' lang='lat' dir='ltr'>est</span> 
     </span>
     <span class='ocr_line' id='line_1_29' title="bbox 464 2857 2465 2933; baseline 0.001 -20"><span class='ocrx_word' id='word_1_252' title='bbox 464 2857 608 2932; x_wconf 90' lang='lat' dir='ltr'>quod</span> <span class='ocrx_word' id='word_1_253' title='bbox 639 2859 834 2914; x_wconf 79' lang='lat' dir='ltr'>entitas</span> <span class='ocrx_word' id='word_1_254' title='bbox 853 2859 1099 2926; x_wconf 75' lang='lat' dir='ltr'>secunda,</span> <span class='ocrx_word' id='word_1_255' title='bbox 1123 2861 1267 2933; x_wconf 90' lang='lat' dir='ltr'>quod</span> <span class='ocrx_word' id='word_1_256' title='bbox 1294 2862 1514 2917; x_wconf 88' lang='lat' dir='ltr'>omnino</span> <span class='ocrx_word' id='word_1_257' title='bbox 1542 2863 1859 2918; x_wconf 83' lang='lat' dir='ltr'>indecenter</span> <span class='ocrx_word' id='word_1_258' title='bbox 1890 2861 2113 2918; x_wconf 88' lang='lat' dir='ltr'>dicitur.</span> <span class='ocrx_word' id='word_1_259' title='bbox 2145 2862 2283 2919; x_wconf 88' lang='lat' dir='ltr'>Item</span> <span class='ocrx_word' id='word_1_260' title='bbox 2306 2860 2465 2930; x_wconf 80' lang='lat' dir='ltr'>dicit,</span> 
     </span>
     <span class='ocr_line' id='line_1_30' title="bbox 464 2946 2465 3023; baseline -0 -21"><span class='ocrx_word' id='word_1_261' title='bbox 464 2948 609 3020; x_wconf 84' lang='lat' dir='ltr'>quod</span> <span class='ocrx_word' id='word_1_262' title='bbox 657 2946 836 3018; x_wconf 85' lang='lat' dir='ltr'>imago</span> <span class='ocrx_word' id='word_1_263' title='bbox 882 2963 987 3004; x_wconf 90' lang='lat' dir='ltr'>non</span> <span class='ocrx_word' id='word_1_264' title='bbox 1033 2949 1292 3020; x_wconf 85' lang='lat' dir='ltr'>importat</span> <span class='ocrx_word' id='word_1_265' title='bbox 1339 2950 1626 3022; x_wconf 86' lang='lat' dir='ltr'>originem,</span> <span class='ocrx_word' id='word_1_266' title='bbox 1673 2950 1819 3023; x_wconf 88' lang='lat' dir='ltr'>quod</span> <span class='ocrx_word' id='word_1_267' title='bbox 1866 2956 1950 3005; x_wconf 90' lang='lat' dir='ltr'>est</span> <span class='ocrx_word' id='word_1_268' title='bbox 1992 2956 2185 3006; x_wconf 87' lang='lat' dir='ltr'>contra</span> <span class='ocrx_word' id='word_1_269' title='bbox 2227 2953 2367 3020; x_wconf 87' lang='lat' dir='ltr'>Aug.</span> <span class='ocrx_word' id='word_1_270' title='bbox 2410 2947 2465 3002; x_wconf 90' lang='lat' dir='ltr'>in</span> 
     </span>
     <span class='ocr_line' id='line_1_31' title="bbox 464 3034 2463 3110; baseline 0.002 -21"><span class='ocrx_word' id='word_1_271' title='bbox 464 3034 560 3090; x_wconf 85' lang='lat' dir='ltr'>lib.</span> <span class='ocrx_word' id='word_1_272' title='bbox 588 3036 873 3091; x_wconf 82' lang='lat' dir='ltr'>LXXXIII</span> <span class='ocrx_word' id='word_1_273' title='bbox 899 3037 1286 3109; x_wconf 83' lang='lat' dir='ltr'>quaestionum.</span> <span class='ocrx_word' id='word_1_274' title='bbox 1317 3039 1455 3095; x_wconf 88' lang='lat' dir='ltr'>Sunt</span> <span class='ocrx_word' id='word_1_275' title='bbox 1485 3046 1667 3096; x_wconf 89' lang='lat' dir='ltr'>autem</span> <span class='ocrx_word' id='word_1_276' title='bbox 1702 3039 1949 3096; x_wconf 80' lang='lat' dir='ltr'>fortassis</span> <span class='ocrx_word' id='word_1_277' title='bbox 1977 3045 2034 3096; x_wconf 89' lang='lat' dir='ltr'>et</span> <span class='ocrx_word' id='word_1_278' title='bbox 2066 3038 2171 3096; x_wconf 87' lang='lat' dir='ltr'>alia</span> <span class='ocrx_word' id='word_1_279' title='bbox 2212 3038 2267 3093; x_wconf 89' lang='lat' dir='ltr'>in</span> <span class='ocrx_word' id='word_1_280' title='bbox 2316 3051 2463 3110; x_wconf 80' lang='lat' dir='ltr'>prae-</span> 
     </span>
     <span class='ocr_line' id='line_1_32' title="bbox 465 3123 2463 3202; baseline -0.001 -22"><span class='ocrx_word' id='word_1_281' title='bbox 465 3124 611 3180; x_wconf 87' lang='lat' dir='ltr'>dicto</span> <span class='ocrx_word' id='word_1_282' title='bbox 636 3123 837 3190; x_wconf 89' lang='lat' dir='ltr'>libello,</span> <span class='ocrx_word' id='word_1_283' title='bbox 861 3141 985 3197; x_wconf 83' lang='lat' dir='ltr'>quae</span> <span class='ocrx_word' id='word_1_284' title='bbox 1011 3124 1096 3182; x_wconf 82' lang='lat' dir='ltr'>vel</span> <span class='ocrx_word' id='word_1_285' title='bbox 1128 3125 1293 3182; x_wconf 87' lang='lat' dir='ltr'>dubia</span> <span class='ocrx_word' id='word_1_286' title='bbox 1321 3143 1441 3184; x_wconf 88' lang='lat' dir='ltr'>esse</span> <span class='ocrx_word' id='word_1_287' title='bbox 1466 3134 1713 3202; x_wconf 87' lang='lat' dir='ltr'>possunt,</span> <span class='ocrx_word' id='word_1_288' title='bbox 1729 3134 1785 3184; x_wconf 89' lang='lat' dir='ltr'>et</span> <span class='ocrx_word' id='word_1_289' title='bbox 1812 3127 2149 3200; x_wconf 86' lang='lat' dir='ltr'>expositione</span> <span class='ocrx_word' id='word_1_290' title='bbox 2178 3125 2463 3196; x_wconf 80' lang='lat' dir='ltr'>indigent:</span> 
     </span>
     <span class='ocr_line' id='line_1_33' title="bbox 463 3212 2465 3289; baseline 0.001 -20"><span class='ocrx_word' id='word_1_291' title='bbox 463 3212 560 3269; x_wconf 87' lang='lat' dir='ltr'>sed</span> <span class='ocrx_word' id='word_1_292' title='bbox 585 3229 710 3285; x_wconf 85' lang='lat' dir='ltr'>quae</span> <span class='ocrx_word' id='word_1_293' title='bbox 738 3212 806 3268; x_wconf 87' lang='lat' dir='ltr'>ad</span> <span class='ocrx_word' id='word_1_294' title='bbox 837 3213 962 3270; x_wconf 84' lang='lat' dir='ltr'>fidei</span> <span class='ocrx_word' id='word_1_295' title='bbox 992 3215 1349 3272; x_wconf 87' lang='lat' dir='ltr'>assertionem</span> <span class='ocrx_word' id='word_1_296' title='bbox 1371 3213 1673 3272; x_wconf 67' lang='lat' dir='ltr'>utilia“esse</span> <span class='ocrx_word' id='word_1_297' title='bbox 1708 3223 1949 3289; x_wconf 88' lang='lat' dir='ltr'>possent,</span> <span class='ocrx_word' id='word_1_298' title='bbox 1976 3217 2045 3273; x_wconf 86' lang='lat' dir='ltr'>ad</span> <span class='ocrx_word' id='word_1_299' title='bbox 2076 3231 2142 3272; x_wconf 88' lang='lat' dir='ltr'>ea</span> <span class='ocrx_word' id='word_1_300' title='bbox 2167 3230 2291 3288; x_wconf 70' lang='lat' dir='ltr'>quae</span> <span class='ocrx_word' id='word_1_301' title='bbox 2313 3227 2465 3287; x_wconf 80' lang='lat' dir='ltr'>prae-</span> 
     </span>
     <span class='ocr_line' id='line_1_34' title="bbox 467 3302 1803 3377; baseline 0.003 -21"><span class='ocrx_word' id='word_1_302' title='bbox 467 3302 631 3358; x_wconf 86' lang='lat' dir='ltr'>missa</span> <span class='ocrx_word' id='word_1_303' title='bbox 659 3308 802 3369; x_wconf 87' lang='lat' dir='ltr'>sunt,</span> <span class='ocrx_word' id='word_1_304' title='bbox 825 3309 887 3358; x_wconf 92' lang='lat' dir='ltr'>ut</span> <span class='ocrx_word' id='word_1_305' title='bbox 915 3302 1098 3371; x_wconf 84' lang='lat' dir='ltr'>credo,</span> <span class='ocrx_word' id='word_1_306' title='bbox 1131 3305 1314 3360; x_wconf 87' lang='lat' dir='ltr'>omnia</span> <span class='ocrx_word' id='word_1_307' title='bbox 1342 3313 1569 3377; x_wconf 88' lang='lat' dir='ltr'>possunt</span> <span class='ocrx_word' id='word_1_308' title='bbox 1594 3304 1803 3362; x_wconf 87' lang='lat' dir='ltr'>reduci.</span> 
     </span>
    </p>
   </div>
   <div class='ocr_carea' id='block_1_3' title="bbox 429 3483 2433 3616">
    <p class='ocr_par' dir='ltr' id='par_1_3' title="bbox 429 3483 2433 3616">
     <span class='ocr_line' id='line_1_35' title="bbox 495 3483 2433 3545; baseline 0.001 -17"><span class='ocrx_word' id='word_1_309' title='bbox 495 3483 704 3541; x_wconf 70' lang='lat' dir='ltr'>Emplieit</span> <span class='ocrx_word' id='word_1_310' title='bbox 727 3483 1009 3540; x_wconf 77' lang='lat' dir='ltr'>Opmoulum</span> <span class='ocrx_word' id='word_1_311' title='bbox 1027 3495 1258 3542; x_wconf 66' lang='lat' dir='ltr'>primum,</span> <span class='ocrx_word' id='word_1_312' title='bbox 1282 3485 1332 3532; x_wconf 86' lang='lat' dir='ltr'>S.</span> <span class='ocrx_word' id='word_1_313' title='bbox 1363 3485 1544 3531; x_wconf 76' lang='lat' dir='ltr'>Thomoe</span> <span class='ocrx_word' id='word_1_314' title='bbox 1567 3485 1830 3545; x_wconf 69' lang='lat' dir='ltr'>Aquinum,</span> <span class='ocrx_word' id='word_1_315' title='bbox 1854 3486 2035 3532; x_wconf 70' lang='lat' dir='ltr'>ordinis</span> <span class='ocrx_word' id='word_1_316' title='bbox 2062 3485 2433 3531; x_wconf 70' lang='lat' dir='ltr'>Proeateatonm</span> 
     </span>
     <span class='ocr_line' id='line_1_36' title="bbox 429 3553 2279 3616; baseline 0.001 -17"><span class='ocrx_word' id='word_1_317' title='bbox 429 3553 441 3564; x_wconf 73' lang='lat'><strong>⁴</strong></span> <span class='ocrx_word' id='word_1_318' title='bbox 656 3559 826 3604; x_wconf 77' lang='lat' dir='ltr'>eontra</span> <span class='ocrx_word' id='word_1_319' title='bbox 848 3567 1032 3600; x_wconf 72' lang='lat' dir='ltr'>errores</span> <span class='ocrx_word' id='word_1_320' title='bbox 1057 3555 1327 3601; x_wconf 73' lang='lat' dir='ltr'>Groeeorum</span> <span class='ocrx_word' id='word_1_321' title='bbox 1351 3557 1413 3601; x_wconf 78' lang='lat' dir='ltr'>ad</span> <span class='ocrx_word' id='word_1_322' title='bbox 1438 3557 1681 3603; x_wconf 75' lang='lat' dir='ltr'>Urbanum</span> <span class='ocrx_word' id='word_1_323' title='bbox 1704 3558 1976 3616; x_wconf 71' lang='lat' dir='ltr'>Pontificem</span> <span class='ocrx_word' id='word_1_324' title='bbox 1994 3557 2279 3603; x_wconf 65' lang='lat' dir='ltr'>Hominum.</span> 
     </span>
    </p>
   </div>
   <div class='ocr_carea' id='block_1_4' title="bbox 1285 3761 1636 3779">
    <p class='ocr_par' dir='ltr' id='par_1_4' title="bbox 1285 3761 1636 3779">
     <span class='ocr_line' id='line_1_37' title="bbox 1285 3761 1636 3779; baseline 0 738"><span class='ocrx_word' id='word_1_325' title='bbox 1285 3761 1636 3779; x_wconf 95' lang='lat' dir='ltr'> </span> 
     </span>
    </p>
   </div>
   <div class='ocr_carea' id='block_1_5' title="bbox 2836 431 2843 1177">
    <p class='ocr_par' dir='ltr' id='par_1_5' title="bbox 2836 431 2843 1177">
     <span class='ocr_line' id='line_1_38' title="bbox 2836 431 2843 1177; baseline 0 0"><span class='ocrx_word' id='word_1_326' title='bbox 2836 431 2843 1177; x_wconf 95' lang='lat' dir='ltr'> </span> 
     </span>
    </p>
   </div>
  </div>
 </body>
</html>
