2850 4517
452 361 570 421 188
929 374 983 417 s.
1028 370 1261 415 monas
1301 366 1630 419 acuimus
1671 368 1984 412 croscum

452 501 571 547 tum
594 485 847 563 separata
883 504 916 545 a
942 488 1078 543 Dco.
1110 487 1211 542 Per
1248 474 1705 542 resurrectionem
1744 482 1913 555 igitur
1939 496 2096 539 suam
2123 484 2468 555 corporalem

452 581 739 653 utriusque
780 575 1195 635 resurrectionis
1228 574 1440 632 scilicet
1467 572 1766 648 corporalis
1793 578 1851 628 et
1875 570 2176 645 spiritualis
2201 572 2360 630 nobis
2383 579 2470 631 est

454 684 640 727 causa.
681 665 1145 725 Considerandum
1177 673 1361 721 tamen
1384 671 1491 731 est,
1523 662 1670 735 quod
1698 668 1762 718 ut
1795 661 1933 717 dicit
1955 650 2276 733 'Augustin.'
2305 678 2472 735 super

452 760 609 815 Joan.
639 757 874 814 Verbum
912 756 1012 811 Dei
1062 754 1358 811 resuscitat
1405 753 1636 822 animas,
1668 750 1764 807 sed
1791 751 2033 807 Verbum
2083 766 2214 808 caro
2263 752 2472 809 factum

456 846 747 903 resuscitat
788 859 1037 916 corpora.
1071 843 1323 900 Animam
1352 842 1499 897 enim
1527 840 1808 897 vivificare
1853 838 2022 897 solius
2063 840 2162 897 Dei
2192 849 2296 897 est.
2330 841 2473 910 Quia

458 942 639 993 tamen
673 950 803 992 caro
840 940 926 989 est
954 931 1259 988 divinitatis
1287 932 1407 1003 ejus
1436 930 1880 997 instrumentum,
1913 929 2476 994 instrumentumau-

461 1033 573 1081 tem
602 1026 717 1096 agit
746 1024 801 1078 in
835 1023 1043 1078 virtute
1066 1035 1249 1077 causae
1287 1016 1622 1093 principalis,
1651 1024 1890 1091 utraque
1919 1018 2248 1075 resurrectio
2285 1024 2476 1075 nostra

458 1115 515 1171 et
540 1112 859 1185 corporaliS,
890 1116 949 1167 et
974 1108 1300 1183 spiritualis
1325 1109 1380 1163 in
1407 1106 1749 1176 corporalem
1783 1105 1986 1163 Christi
2015 1107 2476 1163 resurrectionem

458 1200 692 1257 refertur
718 1208 781 1256 ut
826 1198 881 1254 in
908 1212 1151 1255 causam.
1198 1196 1396 1253 Omnia
1444 1194 1591 1251 enim
1620 1210 1747 1268 quae
1791 1194 1846 1249 in
1874 1193 2076 1251 Christi
2117 1208 2285 1251 carne
2328 1194 2478 1251 facta

460 1296 589 1345 sunt
634 1288 789 1344 nobis
816 1286 1080 1343 salutaria
1109 1284 1330 1341 fuerunt
1369 1284 1574 1340 virtute
1615 1283 1924 1340 divinitatis
1964 1283 2136 1340 unitae
2168 1300 2181 1337 ε
2225 1283 2376 1340 unde
2422 1290 2478 1339 et

460 1382 627 1451 ApoS.
654 1377 1109 1435 resurrectionem
1152 1373 1355 1431 Christi
1383 1388 1608 1429 causam
1636 1378 1840 1429 nostrae
1861 1372 2164 1445 spiritualis
2191 1388 2479 1429 resurrec-

462 1466 629 1521 tionis
656 1465 969 1532 ostendens,
1012 1463 1167 1541 dicit,
1196 1462 1265 1519 ad
1295 1463 1454 1519 Rom.
1484 1476 1563 1517 iv.
1593 1460 1738 1535 quod
1766 1460 2003 1518 traditus
2029 1467 2105 1517 est
2130 1468 2356 1534 propter
2383 1461 2479 1517 de-

463 1556 591 1611 licta
626 1563 833 1621 nostra,
862 1560 913 1610 et
957 1550 1261 1609 resurrexit
1296 1556 1525 1623 propter
1561 1548 2000 1622 justificationem
2027 1558 2288 1607 nostram.
2321 1550 2476 1621 Quod

466 1651 648 1701 autem
664 1645 864 1701 Christi
881 1642 1209 1699 resurrectio
1234 1649 1438 1698 nostrae
1455 1638 1755 1719 corporalis
1778 1640 2193 1696 resurrectionis
2215 1640 2288 1696 sit
2309 1655 2481 1697 causa

466 1732 726 1789 ostendit.
755 1734 798 1787 1.
843 1732 913 1788 ad
951 1730 1195 1787 Corinth.
1239 1746 1277 1785 v
1325 1746 1339 1783 t
1388 1728 1449 1785 Si
1487 1735 1664 1786 autem
1695 1727 1944 1785 Christus
1965 1729 2305 1801 praedicatur
2343 1726 2481 1803 quod

468 1820 792 1885 resurrexit,
838 1819 1087 1892 quomodo
1126 1817 1337 1890 quidem
1364 1817 1550 1875 dicunt
1592 1818 1653 1873 iu
1685 1816 1845 1884 vobis,
1877 1818 2126 1890 quoniam
2157 1818 2480 1877 resurrectio

466 1916 805 1967 mortuorum
830 1924 937 1964 nou
961 1910 1080 1966 est?
1108 1907 1336 1964 Pulchre
1374 1912 1562 1963 autem
1594 1910 1786 1981 Apost.
1817 1915 2170 1979 peccatorum
2199 1910 2484 1965 remissio-

470 2016 595 2055 nem
634 1997 836 2056 Christi
866 1997 1119 2054 attribuit
1154 1994 1352 2070 morti,
1362 1996 1814 2069 justificationem
1837 2011 1967 2053 vero
2007 2005 2254 2054 nostram
2296 2014 2484 2055 resur-

471 2088 719 2155 rectioni,
752 2093 815 2145 ut
850 2086 1165 2158 designetur
1195 2084 1552 2141 conformitas
1581 2090 1637 2139 et
1663 2084 1966 2141 similitudo
1995 2086 2220 2143 effectus
2247 2088 2319 2143 ad
2347 2104 2485 2145 cau-

472 2193 609 2233 sam.
639 2177 781 2234 Nam
808 2176 952 2231 sicut
981 2180 1269 2247 peccatum
1293 2174 1592 2243 deponitur·
1613 2188 1737 2229 cum
1773 2175 2093 2242 remittitur,
2134 2176 2212 2232 ita
2237 2176 2486 2234 Christus

472 2264 755 2321 moriendo
770 2262 1020 2334 deposuit
1034 2258 1348 2333 passibilem
1370 2258 1561 2327 vitam,
1579 2260 1634 2316 in
1659 2277 1770 2333 qua
1794 2269 1912 2318 erat
1929 2261 2232 2319 similitudo
2248 2267 2484 2336 peccati.

474 2355 611 2410 Cum
656 2358 841 2406 autem
886 2348 1094 2421 aliquid
1136 2346 1492 2419 justificatur,
1545 2364 1743 2405 novam
1793 2349 1964 2407 vitam
2015 2350 2359 2424 adipiscitur,
2406 2356 2486 2411 ita

475 2439 723 2497 Christus
755 2437 1087 2507 resurgendo
1113 2436 1416 2492 novitatem
1459 2436 1649 2508 gloriae
1689 2447 2018 2495 consecutus
2044 2445 2148 2495 est.
2193 2442 2286 2497 Sic
2320 2442 2488 2513 igitur

476 2543 622 2584 mors
650 2525 851 2583 Christi
880 2531 965 2580 est
994 2540 1161 2581 causa
1186 2524 1522 2581 remissionis
1550 2528 1764 2598 peccati
1792 2528 1985 2595 nostri,
2012 2532 2069 2584 et
2092 2528 2346 2586 effectiva
2376 2531 2490 2586 ins-

479 2614 899 2681 trumentaliter,
940 2621 997 2670 et
1031 2613 1358 2686 exemplaris
1398 2614 1890 2686 sacramentaliter,
1936 2622 1992 2672 et
2023 2618 2300 2675 meritoria
2348 2636 2361 2673 τ
2393 2620 2491 2676 Re·

478 2706 745 2761 surrectio
782 2709 967 2760 autem
996 2702 1197 2759 Christi
1223 2702 1327 2758 fuit
1358 2716 1526 2769 causa
1563 2705 1980 2761 resurrectionis
2006 2712 2209 2763 nostrae
2237 2708 2491 2766 effectiva

479 2792 701 2865 quidem
722 2792 1229 2859 instrumentaliter,
1252 2798 1309 2847 et
1327 2791 1657 2865 exemplaris
1670 2795 2158 2863 sacramentaliter,
2183 2811 2288 2852 non
2304 2806 2490 2854 autem

482 2882 778 2949 meritoria,
826 2890 943 2938 tum
972 2882 1102 2954 quia
1129 2880 1378 2938 Christus
1400 2882 1516 2952 jam
1547 2896 1653 2938 non
1681 2890 1800 2938 erat
1839 2882 2034 2951 viator,
2068 2889 2130 2939 ut
2156 2884 2260 2941 sibi
2293 2887 2491 2943 mereri

480 2977 815 3043 competeret
849 2986 862 3024 ε
904 2976 1017 3024 tum
1046 2969 1176 3042 quia
1216 2968 1443 3025 claritas
1479 2970 1894 3026 resurrectionis
1917 2970 2021 3027 suit
2049 2972 2335 3045 praemium
2361 2990 2492 3046 pas·

482 3060 667 3127 sioniS,
699 3068 759 3116 ut
788 3076 884 3131 per
913 3062 1104 3129 Apost.
1148 3063 1301 3130 patet
1336 3056 1531 3130 Philip.
1573 3073 1637 3115 11.
1669 3058 1953 3130 sicigitur
1997 3060 2348 3119 manifestum
2386 3070 2489 3131 est,

484 3148 629 3220 quod
652 3148 899 3204 Christus
921 3153 1101 3219 potest
1141 3145 1249 3202 dici
1276 3144 1673 3218 primogenitus
1701 3149 2098 3220 resurgentium
2129 3166 2196 3206 ex
2239 3153 2489 3218 mortuis,

483 3252 591 3292 non
615 3235 789 3292 solum
814 3234 1003 3291 ordine
1032 3234 1313 3307 temporis,
1342 3234 1472 3308 quia
1497 3236 1705 3308 primus
1728 3223 2026 3294 resurrexit
2045 3238 2344 3295 secundum
2366 3255 2498 3314 prae·

485 3322 654 3391 dicta,
700 3323 795 3379 sed
843 3323 1009 3379 etiam
1052 3323 1243 3379 ordine
1283 3338 1486 3391 causae,
1519 3325 1650 3397 quia
1677 3326 2007 3383 resurrectio
2052 3343 2171 3402 ejus
2199 3335 2285 3384 est
2330 3346 2496 3388 causa

484 3411 901 3470 resurrectionis
928 3411 1159 3469 aliorum
1191 3428 1203 3465 :
1247 3419 1302 3468 et
1330 3412 1386 3467 in
1414 3412 1604 3469 ordine
1633 3413 1936 3486 dignitatis,
1969 3417 2098 3488 quia
2125 3432 2240 3490 prae
2282 3419 2497 3476 cunctis

457 3529 463 3535 ·
486 3502 771 3575 gloriosior
795 3502 1115 3561 resurrexit.
1132 3502 1285 3557 Hanc
1302 3500 1470 3573 igitur
1492 3502 1654 3559 fidem
1676 3505 2093 3561 resurrectionis
2112 3506 2310 3563 Christi
2332 3510 2495 3582 Sym·-

487 3591 672 3647 bolum
703 3590 828 3647 fidei
854 3590 1099 3647 continet
1126 3590 1313 3647 dicens
1346 3604 1359 3644 ε
1397 3591 1583 3649 Tertia
1605 3591 1690 3649 die
1713 3593 2015 3652 resurrexit
2041 3610 2075 3651 a
2101 3594 2352 3653 mortuis.
