2850 4517
1235 622 1242 628 ·
1325 606 1360 685 1

340 716 1346 895 COMPENDIUM
1478 774 2353 921 THEOLOGIAE

771 940 856 1061 s
951 952 1344 1075 TnoMAE
1417 944 1933 1075 Aoumms
2279 995 2283 999 ·

465 1155 550 1201 ΑΒ
590 1152 889 1203 titanum
927 1149 1338 1195 RnGmALDUM
1381 1150 1603 1195 sonum
1644 1146 1812 1195 stum
1851 1122 2279 1237 canis-smmu-

1005 1266 1583 1333 (Ed.nom.0pmu1um
1608 1266 1692 1329 ιι.)

779 1527 783 1531 ·
894 1517 1348 1611 PRIMA
1428 1479 1835 1610 PARS·

1095 1831 1103 1880 .-
1149 1743 1433 1878 'CAPUT
1480 1798 1535 1867 1.
1612 1827 1621 1833 -
1690 1866 1697 1875 .

409 1926 660 2000 AEnnui
687 1938 868 1996 Patris
892 1936 1128 1996 Verbum
1159 1936 1264 1995 'sua
1295 1933 1664 1995 immensitate
1702 1941 1955 1998 universa
1992 1928 2351 2017 comprehen-

337 2034 496 2099 dem,
521 2036 584 2087 ut
611 2018 886 2111 hominem
915 2043 1012 2100 per
1045 2026 1271 2100 peccata
1296 2028 1629 2083 minoratum
1654 2029 1710 2083 in
1738 2026 2118 2085 celsitudinem
2156 2034 2358 2089 divinae

337 2107 530 2195 gloriae
547 2103 855 2184 revocaret,
878 2114 1042 2193 Breve
1063 2114 1189 2173 fieri
1199 2115 1374 2173 voluit
1402 2122 1591 2172 nostra
1616 2116 1885 2174 brevitate
1914 2127 2223 2193 assumpta,
2245 2136 2355 2177 non

337 2226 436 2268 sua
456 2208 707 2283 deposita
739 2207 1046 2283 majestate.
1069 2204 1138 2261 Et
1159 2212 1220 2260 ut
1245 2221 1277 2261 a
1305 2204 1553 2264 coelestis
1572 2205 1723 2262 verbi
1746 2208 2082 2281 capessenda
2103 2209 2355 2269 doctrina

339 2292 520 2357 nulius
547 2294 876 2377 egcusabiiis
904 2294 1245 2362 redderetur,
1273 2295 1420 2367 quod
1464 2312 1560 2367 per
1586 2289 1861 2353 studiosos
1890 2297 2084 2355 diffuse·
2113 2307 2169 2356 et
2206 2301 2355 2357 diiu-

337 2388 460 2445 cide
487 2404 587 2462 per
627 2386 845 2463 diversa
890 2378 1200 2457 Scripturae
1222 2393 1432 2441 sanctae
1458 2370 1737 2457 volumina
1775 2366 2099 2456 tradiderat,
2132 2398 2354 2464 propter

337 2483 639 2551 occupatos
665 2474 771 2531 sub
797 2472 951 2529 brevi
981 2471 1195 2549 summa
1225 2472 1481 2530 humanae
1509 2468 1705 2530 salutis
1728 2466 2033 2533 doctrinam
2063 2480 2351 2538 conc-lusit.

261 2580 308 2641 Η
339 2561 606 2645 Consistit
629 2564 774 2621 enim
803 2562 1043 2619 humana
1066 2560 1216 2618 salus
1245 2563 1300 2617 in
1325 2562 1577 2619 veritatis
1592 2558 1935 2636 cognitione,
1967 2582 2032 2622 ne
2061 2584 2155 2639 per
2184 2571 2357 2626 diver·

338 2672 430 2735 sos
467 2654 684 2712 errores
709 2651 1022 2709 intellectus
1050 2650 1373 2707 obscuretur
1411 2650 1682 2709 humanus
1723 2652 1777 2709 in
1808 2653 1977 2711 debiti
2020 2656 2141 2714 finis
2170 2658 2355 2716 inten-

339 2747 510 2812 tione,
559 2760 628 2799 na
673 2744 733 2799 in
758 2741 975 2798 debitos
1002 2740 1140 2797 fines
1169 2741 1451 2810 sectando,
1498 2757 1530 2797 a
1560 2758 1691 2799 vera
1732 2736 1995 2801 felicitate
2034 2748 2256 2807 deficiat
2299 2751 2355 2805 in

331 2832 572 2911 justitiae
599 2830 998 2901 observatione,
1027 2846 1096 2886 ne
1121 2846 1220 2904 per
1243 2831 1379 2886 vitia
1403 2828 1623 2886 diversa
1648 2834 1949 2889 sordescat.‘
1976 2836 2355 2916 cognitionem

339 2933 524 2983 autom
557 2920 805 2977 veritatis
849 2921 1104 2975 humanae
1151 2918 1330 2975 saluti
1365 2920 1731 2973 necessariam
1760 2920 2017 2984 brevibus
2062 2934 2118 2979 et
2166 2930 2357 2996 pa’ucis

339 3012 466 3070 fidei
497 2996 743 3068 articulis
771 3008 1205 3082 comprehendit.
1237 3006 1376 3063 Hinc
1403 3006 1659 3079 estquod
1688 3007 1981 3080 Apostolus
2010 3011 2081 3067 ad
2108 3012 2267 3075 Rom.
2297 3020 2353 3073 9.

337 3101 474 3158 dicit
494 3118 508 3156 t
533 3098 762 3157 Verbum
783 3096 1149 3153 abbreviatum
1174 3094 1339 3169 faciet
1364 3096 1506 3161 Deus
1526 3112 1689 3169 super
1710 3103 1883 3156 terra.
1906 3098 1974 3157 Et
2000 3100 2103 3159 hoc
2130 3104 2355 3177 quidem

338 3196 424 3245 est
445 3187 687 3245 Verbum
718 3186 865 3252 fidei,
897 3186 1044 3256 quod
1075 3184 1457 3259 praedicamus.
1488 3186 1851 3243 Intentionem
1879 3188 2172 3249 humanam
2202 3193 2355 3251 brevi
2414 3206 2434 3245 ρ
2454 3208 2468 3223 -

338 3277 588 3334 oratione
610 3274 958 3341 rectificavit,
990 3272 1048 3329 in
1075 3289 1186 3347 qua
1213 3272 1344 3329 dum
1365 3288 1464 3329 nos
1488 3288 1645 3331 orare
1670 3274 1842 3343 ducit,
1870 3281 2143 3349 quomodo
2168 3292 2355 3341 nostra

339 3364 573 3422 intentio
601 3368 657 3431 et
683 3378 813 3447 spes
841 3362 1064 3419 tendere
1092 3361 1275 3428 debet,
1308 3363 1569 3419 ostendit.
1599 3363 1906 3420 Humanam
1928 3367 2203 3437 justitiam
2231 3388 2356 3445 quae

338 3454 394 3509 in
433 3452 573 3523 legis
601 3450 983 3521 chaat-vatione
1010 3449 1279 3518 consistit,
1311 3466 1420 3507 uno
1464 3458 1740 3525 praecepto
1781 3453 2069 3513 charitatis
2093 3474 2357 3516 consum-

339 3542 554 3598 mavit.
575 3539 884 3608 Plenitudo,
909 3538 1202 3613 enimlegis
1222 3538 1565 3595 estdilectio.
1582 3540 1737 3616 Unde
1759 3545 1952 3617 Apost.
1968 3546 2022 3600 4.
2041 3547 2246 3604 Corint.
2254 3552 2350 3617 43,

338 3631 392 3686 in
419 3630 565 3697 fide,
577 3633 695 3703 spe,
721 3614 792 3685 'eti
809 3627 1112 3699 charitate,
1122 3628 1278 3701 quasi
1323 3628 1376 3683 in
1403 3610 1733 3701 quibusdam
1756 3630 1952 3689 saiutis
1980 3643 2181 3695 nostrae
2204 3653 2357 3695 com-

337 3710 619 3793 pondiosis
643 3706 930 3802 oapitſtruii's
935 3724 1108 3785 totam
1155 3716 1441 3789 praesentis
1469 3718 1599 3775 vitae
1641 3718 2030 3792 perfectionem
2059 3716 2358 3783 consistere

340 3806 547 3875 docuit,
579 3796 813 3864 dicensi
839 3804 1030 3867 Nunc
1069 3811 1245 3863 autem
1287 3813 1502 3862 manent
1542 3806 1693 3880 fides,
1739 3825 1873 3882 spes,
1914 3812 2174 3870 charitas.
2201 3815 2359 3873 Unda

341 3896 457 3953 haec
488 3896 596 3953 tria
625 3904 774 3964 sunt,
807 3887 870 3950 ut
896 3884 1102 3961 Bd'aws
1127 3899 1268 3965 Aug.
1298 3895 1454 3963 dicit,
1491 3897 1690 3968 quibus
1718 3899 1917 3957 colitur
1944 3894 2109 3957 Deus.
2139 3903 2210 3961 Ut
2249 3905 2358 3977 igi-

340 3989 430 4039 tur
456 3984 581 4052 tihi,
627 3984 702 4040 fiii
749 3974 1038 4041 carissimo
1061 3982 1398 4074 Reginaide‚
1448 3986 1890 4058 compendiosam
1937 3984 2245 4050 doctrinam
2286 3996 2358 4050 do

857 4082 906 4129 8,
940 4084 1094 4129 Tun-e.
1134 4084 1213 4136 Ao
1252 4066 1513 4143 Qnmrmffa
1548 4081 1673 4127 -t.
1698 4085 1806 4131 -1
