2850 4517
799 386 846 431 1.
877 400 958 417 -
984 384 1386 432 ceurennum
1438 380 1800 431 rnnonoem
2186 370 2301 435 111

289 501 350 557 in
379 516 448 558 eo
465 496 826 557 materialiter
844 501 968 567 fuit,
995 517 1101 557 non
1131 507 1398 573 resurget.
1425 494 1769 559 Manifestum
1800 506 1883 557 est
1903 502 2049 558 enim
2077 502 2132 557 in
2158 510 2307 560 statu

291 590 456 662 hujus
481 590 632 657 vitae,
661 590 810 663 quod
839 607 872 646 a
911 589 1176 663 principio
1205 607 1378 663 usque
1408 591 1479 647 ad
1522 591 1682 647 finem
1724 590 1885 647 homo
1914 590 2058 649 idem
2082 600 2309 647 numero

293 684 500 735 manet.
531 679 594 734 Id
625 684 804 735 tamen
836 680 982 752 quod
1012 680 1372 736 materialiter
1399 680 1459 735 in
1486 696 1553 735 eo
1578 687 1661 737 est
1698 680 1801 737 sub
1838 682 2019 752 specie
2046 683 2305 753 partium,

295 784 403 823 non
431 767 582 823 idem
623 759 824 835 manet,
877 767 972 824 sed
1023 768 1289 841 paulatim
1335 768 1543 825 fluitet
1585 769 1785 837 refluit,
1828 785 1894 826 ac
1921 770 1966 825 si
1997 770 2143 826 idem
2170 772 2311 841 ignis

295 866 716 913 conservaretur
753 857 1108 929 consumptiS,
1139 865 1196 913 et
1237 857 1501 931 appositis
1532 858 1712 929 lignis,
1746 864 1801 913 et
1831 864 1960 915 tunc
1990 865 2072 914 est
2103 860 2311 931 integer

296 944 480 1013 homo,
509 944 728 1018 quando
740 942 968 1017 ‘species
995 950 1051 1000 et
1075 946 1356 1018 quantitas
1382 945 1583 1018 speciei
1613 944 1799 1002 debita
1827 953 2203 1006 conservatur.

1025 1078 1308 1185 cAth‘i·
1379 1066 1581 1186 cmi.

315 1238 324 1247 ⁸
370 1334 375 1338 ,
406 1262 588 1339 Quod
609 1264 778 1333 Deus
800 1263 1001 1326 omnia
1023 1263 1324 1343 supplebit
1349 1264 1416 1327 in
1441 1222 1689 1348 corpore
1710 1240 2069 1344 deformato,
2101 1272 2217 1329 auc
2262 1298 2277 1308 -.

823 1353 1122 1434 quioquid
1149 1353 1381 1432 deficiet
1407 1355 1481 1415 de
1504 1355 1783 1423 materia.

369 1486 523 1542 Sicut
547 1492 728 1542 autem
759 1502 863 1543 non
895 1491 1071 1542 totum
1096 1486 1250 1559 quod.
1271 1486 1629 1543 materialiter
1661 1487 1765 1543 fuit
1792 1486 1849 1543 in
1874 1502 2101 1561 corpore
2128 1484 2310 1544 horni-

299 1575 406 1641 niS,
432 1574 503 1630 ad
527 1574 928 1650 reparationem
952 1575 1196 1645 corporis
1219 1573 1556 1645 resurgentis
1579 1576 1725 1632 Deus
1750 1578 2007 1643 resumet,
2036 1578 2112 1633 ita
2142 1577 2309 1633 etiam

299 1662 510 1736 siquid
556 1661 913 1719 materialiter
954 1662 1146 1728 defuit,
1199 1663 1344 1718 Deus
1373 1662 1665 1734 supplebit.
1714 1664 1770 1720 Si
1800 1666 1943 1719 enim
1986 1663 2089 1720 hoc
2130 1666 2312 1721 officio

299 1759 516 1807 naturae
538 1751 653 1807 fieri
683 1757 882 1823 potest,
919 1757 980 1807 ut
1008 1744 1178 1825 puero
1203 1750 1296 1825 qui
1325 1766 1429 1807 non
1454 1751 1619 1807 habet
1648 1752 1889 1809 debitam
1920 1752 2307 1827 quantitatem,

299 1854 372 1894 ex
399 1838 576 1894 aliena
616 1840 846 1895 materia
874 1856 970 1912 per
1012 1840 1441 1911 assumptionem
1470 1840 1576 1895 cibi
1607 1849 1661 1896 et
1692 1849 1852 1913 potus
1884 1848 2096 1898 tantum
2135 1842 2312 1898 adda-

299 1933 418 1991 tur,
464 1927 608 1997 quod
651 1928 700 1981 ei
729 1926 964 1984 sufficiat
991 1927 1061 1983 ad
1103 1926 1400 2000 perfectam
1444 1926 1813 2001 quantitatem
1853 1928 2178 1999 habendam,
2212 1946 2313 1985 nec

301 2020 533 2085 propter
559 2012 662 2068 lioc
689 2013 886 2070 desinit
913 2030 1030 2071 esse
1061 2014 1206 2070 idem
1236 2030 1479 2081 numeru,
1512 2016 1607 2088 qui
1637 2015 1759 2083 fuit,
1802 2014 1973 2070 multo
1998 2016 2173 2087 magis
2210 2016 2313 2073 hoc

300 2102 511 2157 virtute
554 2100 740 2158 divina
775 2104 890 2159 fieri
943 2110 1142 2176 potest,
1182 2112 1243 2159 ut
1283 2103 1601 2177 suppleatur
1636 2104 1824 2164 minus
1868 2102 2196 2159 habentibus
2245 2104 2313 2161 de

303 2192 612 2248 extrinseca
643 2192 890 2260 materia,
930 2194 1076 2265 quod
1105 2194 1185 2249 eis
1231 2193 1285 2249 in
1323 2193 1428 2249 hac
1457 2193 1571 2250 vita
1622 2192 1793 2249 defuit
1824 2192 1891 2249 ad
1939 2192 2312 2265 integritatem

305 2280 672 2336 membrorum
710 2280 1061 2348 naturalium,
1112 2282 1198 2338 vel
1243 2282 1447 2339 debitae
1484 2283 1828 2355 quantitatis
1872 2282 1962 2359 Sic
1992 2282 2157 2355 igitur
2186 2282 2315 2339 licet

305 2368 476 2442 aliqui
504 2370 561 2425 in
601 2370 706 2426 hac
755 2370 871 2427 vita
918 2370 1192 2444 aliquibus
1244 2371 1505 2428 membris
1552 2372 1847 2441 caruerint,
1880 2372 1965 2429 vel
2016 2372 2313 2444 perfectam

303 2457 670 2529 quantitatem
703 2457 946 2515 nondum
980 2458 1284 2529 attigerint,
1316 2460 1374 2514 in
1401 2466 1845 2534 quantacumque
1874 2462 2184 2534 quantitate
2213 2461 2314 2517 de-

235 2598 256 2607 ,
303 2546 477 2602 functi
499 2546 705 2603 virtute
723 2547 908 2603 divina
933 2548 988 2603 in
1008 2549 1408 2605 resurrectione
1431 2550 1819 2622 perfectionem
1848 2549 2089 2607 debitam
2116 2566 2313 2606 conse-

305 2641 566 2709 quentur,
590 2628 649 2693 e't
677 2637 1062 2705 membrorum,
1091 2646 1147 2693 et
1176 2638 1524 2711 quantitatiS.

1013 2810 1296 2881 CAPUT
1375 2812 1607 2879 CLXI.

610 2945 848 3027 Solutio,
877 2949 958 3015 ad
983 2949 1259 3033 quaedam
1285 2966 1416 3030 quae
1443 2947 1533 3010 ibi
1558 2946 1741 3026 objici
1748 2953 2015 3027 possent.
2070 3010 2075 3015 ,

375 3078 465 3135 Ex
483 3079 586 3137 hoc
614 3090 798 3137 autem
823 3081 960 3137 solvi
989 3089 1187 3153 potest,
1217 3082 1362 3155 quod
1390 3080 1614 3153 quidam
1638 3087 1829 3137 contra
1856 3076 2313 3135 resurrectionem

305 3167 450 3223 banc
491 3168 776 3240 objiciunt.
807 3171 1008 3227 Dicunt
1047 3172 1195 3227 enim
1237 3170 1495 3243 possibile
1522 3185 1661 3235 esse,
1712 3168 1859 3241 quod
1906 3166 2313 3241 aliquis-homo

305 3257 562 3313 carnibus
586 3257 838 3315 humanis
863 3266 1138 3326 vescatur,
1165 3266 1222 3315 et
1245 3260 1472 3316 ulterius
1500 3258 1581 3315 sic
1606 3260 1841 3313 nutritus
1870 3257 2039 3313 filium
2070 3263 2311 3339 generet,

307 3346 404 3418 qui
433 3345 596 3401 simili
626 3347 749 3405 cibo
775 3354 981 3404 utatur.
1011 3349 1068 3404 Si
1094 3349 1261 3419 igitur
1283 3348 1679 3404 nutrimentum
1702 3346 2041 3413 convertitur
2070 3348 2125 3400 in
2154 3346 2317 3401 subs-

307 3435 541 3490 tantiam
563 3436 764 3502 carnis,
792 3437 1010 3493 videtur
1035 3422 1180 3509 quod
1209 3438 1280 3492 sit
1307 3435 1639 3509 impossibile
1664 3435 2001 3507 integraliter
2024 3442 2317 3507 utrumque

307 3536 611 3593 resurgere,
645 3539 770 3579 cum
817 3540 1011 3580 carnes
1054 3524 1216 3580 unius
1243 3539 1523 3581 conversae
1564 3524 1761 3579 ‘sint-in
1804 3529 1995 3580 carnes
2029 3520 2253 3597 alterius
2299 3538 2313 3575 ε

307 3618 365 3667 et
391 3612 538 3683 quod
567 3611 846 3669 difficilius
874 3613 1110 3682 videtur,
1154 3611 1201 3669 si
1229 3629 1413 3669 semen
1452 3619 1536 3669 est
1564 3630 1630 3669 ex
1673 3610 1990 3669 nutrimenti
2020 3609 2313 3682 superfluo,

310 3707 371 3755 ut
398 3700 708 3774 Philosophi
740 3704 982 3771 tradunt,
1011 3702 1260 3776 sequitur
1287 3702 1436 3776 quod
1465 3718 1649 3758 semen
1678 3703 1820 3758 unde
1848 3708 2007 3757 natus
2037 3696 2132 3753 est'
2150 3698 2312 3764 filius',

307 3789 382 3846 sit
411 3782 687 3863 sumptum
717 3808 786 3848 ex
812 3793 1070 3850 carnibus
1097 3792 1340 3858 alterius,
1367 3796 1424 3846 et
1452 3790 1533 3847 ita
1558 3790 1891 3863 impossibile
1919 3789 2135 3844 videtur
2175 3794 2317 3858 pue-'-

309 3896 432 3936 rum
456 3898 521 3936 ex
543 3880 640 3937 tali
661 3881 867 3938 semine
894 3882 1140 3953 genitum
1168 3894 1471 3951 resurgere,
1500 3879 1545 3933 si
1571 3870 1834 3943 nominee,
1867 3891 2101 3950 qnorum
2124 3886 2319 3931 carnes

291 3976 468 4040 -pater
497 3968 672 4043 ipsius
695 3977 760 4026 et
791 3970 907 4043 ipse
939 3970 1309 4036 comederant,
1344 3966 1684 4039 integraliter
1712 3974 2001 4037 resurgunt
2032 3982 2047 4021 ι
2079 3962 2173 4023 sed
2201 3962 2320 4023 hoee
