2850 4517
1286 511 1348 582 V

463 688 647 837 DE
771 687 1638 794 ARTICULIS
1775 687 2171 793 FIDEI

1278 902 1355 943 ET

716 996 1375 1140 SACRAMENTls
1431 1028 1924 1140 ECCLEslAE

976 1231 1079 1294 (Ea.
1111 1233 1240 1278 Rom.
1278 1233 1560 1290 opusculum
1593 1230 1661 1290 V.)

891 1503 961 1568 1⁰
1004 1501 1111 1568 De
1155 1497 1490 1569 articulis
1528 1498 1743 1588 fidei.

379 1649 631 1707 Postulat
660 1665 691 1705 a
714 1665 803 1705 me
832 1657 1015 1706 vestra
1063 1650 1303 1714 dilectio,
1337 1657 1398 1704 ut
1425 1649 1494 1704 de
1518 1648 1765 1705 articulis
1790 1649 1935 1715 fidei,
1967 1658 2025 1706 et
2065 1651 2326 1708 Ecclesia)

306 1739 674 1794 sacramentis
702 1739 886 1811 aliqua
914 1737 1071 1794 vobis
1094 1738 1476 1809 compendiose
1505 1753 1606 1808 pro
1646 1737 1947 1792 memoriali
1988 1741 2325 1794 transcribe-

306 1841 441 1893 rem,
468 1841 599 1881 cum
626 1826 1060 1882 dubitationibus
1095 1841 1221 1899 quae
1248 1825 1396 1881 circa
1438 1825 1556 1881 haec
1600 1827 1803 1880 moveri
1849 1835 2095 1897 possent.
2126 1827 2322 1882 Verum

303 1929 431 1970 cum
458 1930 625 1969 omne
652 1912 1026 1984 theologorum
1050 1913 1293 1968 studium
1319 1919 1566 1968 versetur
1594 1913 1742 1968 circa
1767 1913 2078 1970 dubietates
2105 1915 2322 1969 contin-

302 2009 504 2072 gentes
534 2000 793 2056 articulos
809 1999 934 2056 fidei
962 2008 1019 2056 et
1045 2000 1304 2057 Ecclesiae
1329 2001 1752 2066 sacramenta,si
1784 2001 1852 2057 ad
1885 2001 2102 2072 plenum
2128 2009 2326 2058 vestrae

302 2090 569 2162 petitioni
618 2089 936 2145 satisfacere
972 2089 1199 2153 vellem,
1231 2096 1510 2162 oporteret
1537 2090 1706 2145 totius
1743 2088 2031 2160 theologiae
2072 2105 2327 2162 compre-

302 2181 551 2238 hendere
592 2181 907 2236 summatim
956 2179 1350 2236 difficultates:
1384 2178 1531 2252 quod
1579 2189 1846 2252 quantum
1898 2181 1970 2234 sit
2011 2195 2322 2253 operosum,

302 2270 555 2326 advertit
583 2276 768 2326 vestra
798 2270 1107 2341 prudentia.
1143 2267 1293 2324 Unde
1322 2267 1391 2325 ad
1419 2283 1662 2341 praesens
1689 2268 1844 2325 vobis
1865 2267 2167 2326 sufficiatvsi
2187 2268 2327 2323 arti-
2352 2261 2359 2270 ’

304 2359 459 2415 culos
490 2357 641 2424 fidei,
676 2364 731 2414 ct
757 2353 1015 2414 Ecclesiae
1039 2363 1385 2414 sacramenta
1414 2356 1656 2413 breviter
1697 2356 1852 2413 vobis
1882 2357 2234 2428 distinguam,
2266 2364 2325 2410 et

302 2450 399 2520 qui
424 2462 647 2504 errores
668 2455 794 2502 sunt
818 2446 964 2502 circa
994 2445 1293 2519 quemlibet
1322 2461 1512 2522 eorum
1557 2445 1786 2502 vitandi.
1818 2447 1877 2501 ln
1924 2446 2117 2518 primis
2159 2447 2328 2517 igitur

304 2553 402 2592 vos
426 2533 577 2592 scire
607 2542 842 2610 oportet:
874 2535 1021 2608 quod
1051 2543 1167 2590 tota
1195 2535 1331 2591 fides
1372 2534 1680 2591 Christiana
1719 2535 1864 2590 circa
1895 2535 2240 2592 divinitatem
2267 2542 2325 2590 et

300 2626 711 2683 humanitatem
736 2624 934 2680 Christi
962 2631 1229 2679 versatur.
1249 2623 1403 2680 Unde
1422 2623 1669 2678 Christus
1691 2637 1825 2679 voce
1849 2620 2327 2701 Joannis’loquens

302 2718 401 2783 ait,
432 2717 599 2771 Joan.
630 2729 730 2769 xiv
764 2730 776 2766 ε
805 2712 1043 2768 Creditis
1066 2712 1125 2765 in
1156 2711 1345 2775 Deum,
1376 2718 1429 2766 et
1469 2711 1526 2766 in
1550 2727 1630 2766 me
1659 2710 1874 2766 credite.
1903 2711 2060 2768 Circa
2103 2709 2796 2784 υιι·ιῐιῖῐῖ’Ὗ-ῑ*’·“ἐ·κ.....---·ι-χ.,όΙ

299 2821 409 2877 que
447 2810 645 2860 autem
681 2802 871 2857 horum
902 2817 933 2855 a
977 2799 1304 2872 quibusdam
1345 2814 1460 2861 sex,
1498 2814 1530 2854 a
1559 2797 1886 2870 quibusdam
1929 2809 2141 2873 septem
2181 2805 2322 2858 arti-
2755 2791 2796 2804 ”“

298 2893 409 2949 culi
436 2893 878 2962 distinguuntur,
911 2897 967 2945 et
991 2889 1074 2944 sic
1104 2903 1291 2942 omnes
1320 2886 1537 2942 articuli
1584 2887 1884 2942 secundum
1931 2888 2200 2960 quosdam
2229 2894 2316 2955 42,

297 2981 615 3040 secundum
639 2980 906 3052 quosdam
935 2980 1021 3046 ⁴4,
1051 2992 1171 3032 esse
1196 2976 1472 3032 dicuntur.
1506 2976 1684 3031 Primo
1714 2976 1881 3046 igitur
1920 2993 2018 3032 sex
2060 2979 2325 3035 articulos

297 3071 381 3126 sic
406 3070 764 3140 distinguunt
782 3067 931 3123 circa
958 3067 1119 3122 fidem
1144 3065 1470 3120 divinitatis·
1488 3064 1784 3120 Suntenim
1813 3065 1959 3122 circa
1977 3067 2323 3125 divinitatem
2396 3079 2402 3084 ’

294 3158 407 3213 tria
433 3154 863 3222 consideranda,
894 3153 1103 3210 scilicet
1134 3153 1314 3209 unitas
1342 3151 1544 3208 divinae
1566 3151 1838 3220 essentiae,
1875 3153 2092 3209 trinitas
2131 3162 2322 3228 perso-

298 3243 525 3314 narum,
556 3251 614 3300 et
642 3244 869 3300 effectus
896 3243 1097 3300 divinae
1124 3241 1366 3299 virtutis.
1401 3241 1612 3298 Primus
1642 3240 1809 3312 igitur
1837 3243 2099 3300 articulus
2129 3255 2232 3314 est,
2264 3253 2322 3300 ut

297 3337 605 3392 credamus
630 3333 880 3390 essentiae
907 3331 1109 3388 divinae
1137 3330 1734 3398 unitatem‚secundum
1758 3329 1887 3385 illud
1915 3332 2209 3388 Deuteron.
2227 3350 2318 3390 vr:

294 3425 454 3482 Audi
486 3423 689 3486 Israel,
711 3418 968 3476 Dominus
995 3420 1136 3475 Deus
1158 3426 1299 3485 tuus,
1314 3421 1454 3476 Deus
1475 3435 1618 3477 unus
1643 3426 1736 3474 est.
1756 3420 1954 3476 Contra
1971 3420 2116 3477 hunc
2137 3428 2322 3477 autem

297 3513 608 3570 articulum
628 3511 819 3582 plures
844 3525 1057 3566 errores
1102 3509 1311 3565 vitandi
1354 3514 1668 3565 occurrunt.
1696 3509 1877 3566 Primo
1923 3509 2144 3582 quidem
2179 3525 2323 3582 quo-

293 3603 569 3660 rumdam
622 3600 939 3664 Gentilium,
972 3599 1087 3654 sive
1156 3600 1496 3670 Paganorum
1549 3599 1864 3670 ponentium
1921 3597 2103 3670 plures
2156 3599 2316 3663 DeoS‚

293 3699 501 3748 contra
518 3704 663 3762 quos
690 3689 909 3755 dicitur,
932 3687 1102 3744 Exod.
1127 3687 1381 3743 xx:Non
1398 3685 1605 3743 habebis
1632 3687 1768 3744 Deos
1790 3686 1988 3743 alienos
2011 3693 2188 3742 coram
2216 3704 2316 3743 me.

288 3779 601 3836 Secundus
626 3783 707 3833 est
735 3794 885 3833 error
914 3776 1351 3838 Manichaeorum,
1388 3777 1481 3847 qui
1509 3782 1715 3848 ponunt
1745 3776 1852 3830 duo
1879 3775 2143 3847 principia
2175 3791 2312 3842 esse,

288 3884 473 3923 unum
520 3883 556 3922 a
594 3882 703 3939 quo
744 3876 869 3924 sunt
910 3865 1295 3932 omnia-bona,
1324 3863 1472 3922 aliud
1497 3881 1530 3920 a
1565 3864 1710 3937 qnod
1751 3871 1876 3920 sunt
1921 3865 2103 3920 omnia
2152 3865 2315 3930 mala,

286 3965 503 4017 contra
533 3971 673 4028 quos
701 3956 919 4025 dicitur,
952 3957 1078 4014 lsai.
1109 3971 1225 4013 xxv
1252 3972 1265 4012 :
1296 3955 1411 4027 Eyo
1458 3952 1740 4020 Dominus,
1767 3970 1873 4010 nou
1917 3962 1994 4012 est
2021 3956 2160 4012 alter
2193 3955 2319 4028 sor-
