2850 4517
826 344 855 390 Ξ
890 347 1274 396 nncLARATm
1314 353 1556 397 domna
1597 354 1880 400 GRAEcos:
2241 356 2354 418 2⁸21

342 474 494 527 esset
539 466 618 524 ita
663 480 925 542 magnum
965 465 1109 524 sicut
1147 454 1319 540 mons,
1356 471 1475 544 ,iam
1521 472 1746 531 deberet
1786 491 1908 535 esse
1951 492 2354 557 consumptum.

341 559 504 615 Circa
535 563 743 613 statum
769 571 902 613 vero
930 552 1238 616 animarum
1266 565 1666 634 postmortem,
1694 566 1896 623 asseris
1921 583 2108 627 errare
2133 572 2361 636 Graecos

341 656 400 703 et
442 649 710 719 Armenes
752 645 1021 715 dicentes,
1063 648 1210 720 quod
1240 648 1439 707 animae
1483 658 1608 723 post
1636 662 1870 713 mortem
1893 673 2072 732 usque
2099 662 2169 718 ad
2211 664 2358 723 diem

340 733 530 791 iudicii
561 750 661 790 nec
692 734 1009 807 puniuntur,
1042 750 1143 791 nec
1170 738 1550 809 proemiantur,
1587 741 1684 798 sed
1707 748 1836 800 su’nt
1861 748 2017 818 quasi
2042 748 2098 805 in
2125 766 2357 825 seques-

342 833 430 880 tro
463 841 476 878 ε
502 816 633 895 quia
662 838 763 879 nec
790 823 1161 896 poenam,-nec
1189 828 1476 899 praemium
1499 829 1700 889 debent
1726 831 1930 891 habere
1955 838 2075 895 sine
2101 834 2352 915 corpore.

340 908 411 968 Et
434 912 495 969 in
518 906 602 967 sui
622 907 831 968 erroris
852 912 1500 974 assertionem'inducunt'
1520 920 1667 991 quod
1696 921 1958 981 Dominus
1980 924 2034 982 in
2057 924 2354 1005 Evangelio

340 1000 497 1056 dicit.
534 1000 597 1055 ln
621 998 787 1056 domo
812 1001 987 1072 patris
1020 1002 1127 1058 mei
1164 1005 1477 1063 mansiones
1507 1008 1692 1067 multae
1719 1018 1868 1069 sunt.
1909 1012 2067 1073 Circa
2095 1023 2350 1081 meritum

306 1153 311 1155 .
340 1103 471 1145 vero
492 1088 639 1163 quod
661 1104 729 1145 ex
744 1088 915 1148 libero
932 1089 1161 1147 arbitrio
1181 1092 1470 1166 dependet,
1495 1099 1692 1155 asseris
1711 1105 1822 1156 tam
1841 1102 2161 1176 Saracenos,
2184 1127 2351 1184 quam

338 1177 593 1233 nationes
617 1176 760 1234 alias
784 1178 1169 1237 necessitatem
1194 1181 1410 1239 actibus
1451 1183 1702 1243 humanis
1745 1188 2025 1263 imponere
2063 1211 2132 1252 ex
2173 1215 2352 1271 praes-

336 1266 560 1333 cientia‚
596 1264 683 1323 vel
717 1264 1317 1337 'ordinatione‘divina,
1350 1266 1597 1329 dicentes
1623 1276 1774 1347 quod
1813 1278 1974 1337 homo
2015 1298 2122 1340 non
2165 1296 2349 1359 potest

338 1353 499 1419 mori,
526 1369 629 1410 nec
662 1354 832 1411 etiam
866 1370 1113 1427 peccare,
1140 1357 1243 1413 nisi
1273 1358 1417 1415 sicut
1454 1360 1601 1415 Deus
1623 1362 1898 1422 ordinavit
1925 1368 1994 1425 de
2028 1370 2266 1442 bomine,
2292 1384 2350 1434 et

334 1442 487 1517 quod
512 1442 776 1516 quaelibet
800 1460 1033 1516 persona
1068 1460 1227 1501 suum
1254 1452 1514 1504 eventum
1555 1442 1720 1507 habet
1751 1454 2018 1528 scriptum
2049 1460 2102 1517 in
2144 1461 2344 1524 fronte.

336 1534 511 1605 Super
534 1531 734 1605 quibus
760 1532 903 1604 petis
927 1531 1166 1589 rationes
1204 1534 1440 1592 morales
1466 1541 1524 1593 et
1553 1538 1972 1614 philosophicas,
2005 1545 2142 1619 quas
2158 1552 2347 1611 -Sara-

334 1620 458 1678 ceni
491 1620 782 1693 recipiunt.
811 1619 1036 1677 Frustra
1061 1622 1207 1678 enim
1236 1623 1457 1681 videtur
1478 1629 1838 1688 auctoritates
1872 1632 2130 1694 inducere
2153 1649 2346 1701 contra

332 1722 453 1777 eos,
482 1710 577 1782 qui
600 1708 960 1766 auctoritates
992 1713 1100 1765 non
1129 1710 1419 1783 recipiunt.
1457 1713 1588 1771 Tuae
1615 1713 1785 1789 igitur
1811 1722 2080 1792 petitioni,
2116 1744 2242 1801 quae
2275 1747 2342 1788 ex

332 1799 429 1871 pio
465 1797 739 1855 desiderio
778 1798 993 1854 videtur
1017 1800 1335 1870 procedere,
1380 1807 1444 1858 ut
1467 1804 1564 1871 sis,
1601 1805 1760 1877 juxta
1787 1811 2154 1881 Apostolicam
2195 1817 2332 1876 doc-

326 1888 559 1952 trinam,
599 1892 827 1959 paratus
871 1886 943 1943 ad
987 1887 1420 1948 satisfactionem
1459 1894 1606 1948 omni
1653 1896 1898 1967 poscenti
1947 1906 2004 1955 te
2045 1904 2334 1975 rationem,

331 1973 656 2037 satisfacere
678 1973 883 2041 volenS,
913 1973 1097 2049 aliqua
1119 1974 1303 2033 facilia
1324 1977 1626 2034 secundum
1649 1982 1798 2053 quod
1821 1987 2048 2045 materia
2075 1992 2338 2065 patietur,

328 2061 811 2138 superpraemissis
822 2060 915 2119 tibi
932 2070 1221 2135 exponam,
1234 2080 1361 2138 quae
1376 2071 1559 2123 tamen
1570 2064 1698 2123 alibi
1710 2068 1962 2143 diffusius
1981 2084 2335 2157 pertractavi.

1122 2234 1406 2303 CAPUT
1452 2236 1538 2305 ΙΙ.

631 2373 915 2473 Qualiter
938 2376 1026 2440 sit
1052 2376 1489 2457 disputandum
1515 2383 1724 2445 contra
1750 2381 2040 2463 infideles.
2081 2387 2086 2393 ”
2117 2478 2122 2484 1

384 2507 483 2563 ⁴De
506 2504 609 2564 hoc
635 2512 819 2563 tamen
847 2506 1025 2581 primo
1046 2508 1339 2571 admonere
1366 2517 1421 2568 te
1447 2512 1588 2581 volo,
1617 2516 1762 2588 quod
1794 2517 2333 2594 in'disputationibus

323 2602 522 2654 contra
549 2595 797 2653 infideles
832 2596 901 2652 de
937 2596 1187 2655 articulis
1227 2598 1375 2665 fidei,
1424 2616 1532 2659 non
1573 2601 1642 2659 ad
1683 2604 1786 2661 hoc
1821 2610 2008 2665 conari
2035 2612 2220 2682 debes,
2269 2626 2332 2676 ut

324 2685 496 2741 fldem
535 2684 837 2757 rationibus
870 2686 1195 2744 necessariis
1233 2688 1450 2761 probes.
1498 2690 1614 2747 Hoc
1649 2692 1795 2748 enim
1833 2694 2156 2757 sublimitati
2203 2704 2330 2762 fidei

314 2772 640 2842 derogaret,
678 2774 833 2845 cuius
868 2773 1118 2831 veritatis
1142 2790 1249 2832 non
1278 2776 1454 2834 solum
1486 2778 1752 2836 humanas
1777 2789 2004 2851 mentes,
2038 2788 2133 2843 sed
2163 2790 2332 2847 etiam

320 2860 661 2933 Angelorum
700 2862 913 2919 excedit
951 2880 965 2917 ε
996 2878 1029 2919 a
1056 2863 1213 2920 nobis
1242 2873 1427 2921 autem
1453 2868 1752 2924 creduntur
1781 2872 1935 2943 quasi
1955 2871 2038 2929 'ab
2063 2874 2184 2947 ipso
2217 2880 2332 2936 Deo
2389 2870 2396 2875 ⁵

320 2948 592 3006 revelata.
617 2948 755 3019 Quia
776 2958 958 3006 tamen
981 2952 1127 3024 qnod
1152 2968 1185 3009 a
1208 2968 1420 3011 summa
1445 2955 1679 3013 veritate
1704 2960 1968 3030 procedit,
1995 2962 2192 3022 falsum
2213 2984 2334 3025 esse

320 3052 433 3095 non
473 3044 671 3110 potest,
698 3052 800 3094 nec
829 3040 1135 3096 necessaria
1175 3040 1387 3117 ratione
1416 3041 1720 3115 impugnari
1759 3048 1906 3105 valet
1945 3054 2090 3124 quod
2135 3054 2331 3113 falsum

320 3141 435 3185 non
463 3114 567 3193 est,
598 3126 732 3182 fides
754 3133 943 3183 nostra
986 3130 1310 3189 necessariis
1348 3132 1653 3191 rationibus
1673 3135 1818 3192 sicut
1847 3140 2068 3211 probari,
2093 3158 2198 3201 non
2226 3159 2330 3219 po-

322 3222 455 3283 test,
492 3215 621 3289 quia
654 3213 949 3270 humanam
984 3223 1223 3273 mentem
1260 3218 1474 3297 excedit
1507 3237 1522 3276 ε
1556 3222 1633 3279 ita
1679 3221 1973 3297 improbari
2021 3236 2330 3300 necessaria

320 3304 539 3359 ratione
578 3316 684 3358 non
730 3308 911 3374 potest
961 3314 1185 3377 propter
1228 3306 1315 3363 sui
1342 3308 1653 3367 veritatem.
1684 3311 1765 3366 Ad
1815 3311 1916 3373 hoc
1955 3315 2124 3386 igitur
2167 3322 2329 3379 debet

318 3390 549 3447 tendere
589 3389 885 3447 Christiani
924 3390 1282 3464 disputatoris
1319 3395 1553 3455 intentio
1580 3398 1638 3455 in
1673 3398 1920 3456 articulis
1949 3402 2096 3470 fidei,
2127 3421 2236 3463 non
2270 3417 2330 3466 ut

316 3478 487 3536 fidem
530 3476 741 3551 probet,
774 3478 874 3535 sed
903 3487 967 3535 ut
1000 3480 1167 3559 fidem*
1188 3480 1448 3541 defendat
1476 3502 1490 3540 τ
1530 3486 1672 3543 unde
1699 3494 1755 3543 et
1780 3487 1972 3545 beatus
1997 3491 2192 3551 Petrus
2221 3513 2326 3553 non

314 3565 476 3633 dicit,
502 3586 531 3620 ι
553 3567 732 3639 parati
752 3577 969 3640 semper
988 3568 1056 3645 ad
1082 3569 1460 3641 probationem
1483 3575 1631 3641 :sed,
1654 3574 1724 3631 ad
1743 3576 2172 3654 satisfactionem
2197 3604 2244 3651 n,
2267 3593 2328 3642 ut

306 3652 531 3709 scilicet
558 3653 959 3713 rationabiliter
988 3655 1311 3716 ostendatur
1342 3673 1452 3718 non
1484 3674 1604 3718 esse
1637 3660 1854 3733 falsum,
1885 3666 2033 3737 quod
2068 3668 2205 3727 fides
2230 3687 2330 3731 ca-

308 3740 859 3804 thelica‘confitetur.
