<?xml version="1.0" encoding="UTF-8"?>
<!DOCTYPE html PUBLIC "-//W3C//DTD XHTML 1.0 Transitional//EN"
    "http://www.w3.org/TR/xhtml1/DTD/xhtml1-transitional.dtd">
<html xmlns="http://www.w3.org/1999/xhtml" xml:lang="en" lang="en">
 <head>
  <title>
</title>
<meta http-equiv="Content-Type" content="text/html;charset=utf-8" />
  <meta name='ocr-system' content='tesseract 3.04.00' />
  <meta name='ocr-capabilities' content='ocr_page ocr_carea ocr_par ocr_line ocrx_word'/>
</head>
<body>
  <div class='ocr_page' id='page_1' title='image "./sthomaquinatisd02thomgoog_0137.png"; bbox 0 0 2850 4517; ppageno 0'>
   <div class='ocr_carea' id='block_1_1' title="bbox 923 356 2492 448">
    <p class='ocr_par' dir='ltr' id='par_1_1' title="bbox 923 356 2492 448">
     <span class='ocr_line' id='line_1_1' title="bbox 923 356 2492 448; baseline 0.001 -36"><span class='ocrx_word' id='word_1_1' title='bbox 923 370 970 412; x_wconf 84' lang='lat'><strong>1.</strong></span> <span class='ocrx_word' id='word_1_2' title='bbox 1003 384 1083 398; x_wconf 89' lang='lat'><strong>—</strong></span> <span class='ocrx_word' id='word_1_3' title='bbox 1109 368 1511 418; x_wconf 66' lang='lat' dir='ltr'><strong>ceurennum</strong></span> <span class='ocrx_word' id='word_1_4' title='bbox 1563 368 1924 414; x_wconf 68' lang='lat' dir='ltr'><strong>‘rnnonoem</strong></span> <span class='ocrx_word' id='word_1_5' title='bbox 2311 356 2433 414; x_wconf 85' lang='lat'><strong>123</strong></span> <span class='ocrx_word' id='word_1_6' title='bbox 2482 436 2492 448; x_wconf 22' lang='grc' dir='ltr'>ἢ</span> 
     </span>
    </p>
   </div>
   <div class='ocr_carea' id='block_1_2' title="bbox 349 482 2531 2608">
    <p class='ocr_par' dir='ltr' id='par_1_2' title="bbox 349 482 2531 2608">
     <span class='ocr_line' id='line_1_2' title="bbox 424 482 2453 559; baseline -0 -17"><span class='ocrx_word' id='word_1_7' title='bbox 424 483 680 559; x_wconf 85' lang='lat' dir='ltr'><strong>appetitu</strong></span> <span class='ocrx_word' id='word_1_8' title='bbox 701 482 953 539; x_wconf 88' lang='lat' dir='ltr'><strong>homines</strong></span> <span class='ocrx_word' id='word_1_9' title='bbox 975 482 1248 549; x_wconf 85' lang='lat' dir='ltr'><strong>differant,</strong></span> <span class='ocrx_word' id='word_1_10' title='bbox 1274 487 1369 540; x_wconf 88' lang='lat' dir='ltr'><strong>sed</strong></span> <span class='ocrx_word' id='word_1_11' title='bbox 1400 482 1694 556; x_wconf 90' lang='lat' dir='ltr'><strong>unicuique</strong></span> <span class='ocrx_word' id='word_1_12' title='bbox 1718 483 1820 539; x_wconf 87' lang='lat' dir='ltr'><strong>hoc</strong></span> <span class='ocrx_word' id='word_1_13' title='bbox 1844 483 2105 557; x_wconf 86' lang='lat' dir='ltr'><strong>competit</strong></span> <span class='ocrx_word' id='word_1_14' title='bbox 2132 484 2453 541; x_wconf 88' lang='lat' dir='ltr'><strong>secundum·</strong></span> 
     </span>
     <span class='ocr_line' id='line_1_3' title="bbox 418 569 2435 647; baseline 0 -18"><span class='ocrx_word' id='word_1_15' title='bbox 418 573 566 647; x_wconf 86' lang='lat' dir='ltr'><strong>quod</strong></span> <span class='ocrx_word' id='word_1_16' title='bbox 597 580 682 629; x_wconf 89' lang='lat' dir='ltr'><strong>est</strong></span> <span class='ocrx_word' id='word_1_17' title='bbox 723 572 779 627; x_wconf 87' lang='lat' dir='ltr'><strong>in</strong></span> <span class='ocrx_word' id='word_1_18' title='bbox 827 588 886 628; x_wconf 91' lang='lat' dir='ltr'><strong>se</strong></span> <span class='ocrx_word' id='word_1_19' title='bbox 934 572 1209 644; x_wconf 85' lang='lat' dir='ltr'><strong>aliqualis.</strong></span> <span class='ocrx_word' id='word_1_20' title='bbox 1240 572 1374 628; x_wconf 88' lang='lat' dir='ltr'><strong>Dico</strong></span> <span class='ocrx_word' id='word_1_21' title='bbox 1417 577 1603 629; x_wconf 88' lang='lat' dir='ltr'><strong>autem</strong></span> <span class='ocrx_word' id='word_1_22' title='bbox 1640 569 1955 644; x_wconf 82' lang='lat' dir='ltr'><strong>aliqualem,</strong></span> <span class='ocrx_word' id='word_1_23' title='bbox 1987 572 2286 629; x_wconf 88' lang='lat' dir='ltr'><strong>secundum</strong></span> <span class='ocrx_word' id='word_1_24' title='bbox 2326 573 2435 630; x_wconf 87' lang='lat' dir='ltr'><strong>ali-</strong></span> 
     </span>
     <span class='ocr_line' id='line_1_4' title="bbox 418 660 2431 741; baseline 0 -22"><span class='ocrx_word' id='word_1_25' title='bbox 418 678 587 737; x_wconf 89' lang='lat' dir='ltr'><strong>quam</strong></span> <span class='ocrx_word' id='word_1_26' title='bbox 623 661 952 735; x_wconf 83' lang='lat' dir='ltr'><strong>passionem,</strong></span> <span class='ocrx_word' id='word_1_27' title='bbox 985 661 1072 717; x_wconf 84' lang='lat' dir='ltr'><strong>vel</strong></span> <span class='ocrx_word' id='word_1_28' title='bbox 1113 660 1403 741; x_wconf 84' lang='lat' dir='ltr'><strong>habitum:</strong></span> <span class='ocrx_word' id='word_1_29' title='bbox 1439 662 1581 717; x_wconf 91' lang='lat' dir='ltr'><strong>unde</strong></span> <span class='ocrx_word' id='word_1_30' title='bbox 1622 661 1669 717; x_wconf 91' lang='lat' dir='ltr'><strong>si</strong></span> <span class='ocrx_word' id='word_1_31' title='bbox 1710 668 2127 730; x_wconf 87' lang='lat' dir='ltr'><strong>transmutetur,</strong></span> <span class='ocrx_word' id='word_1_32' title='bbox 2169 663 2317 720; x_wconf 89' lang='lat' dir='ltr'><strong>aliud</strong></span> <span class='ocrx_word' id='word_1_33' title='bbox 2380 664 2431 721; x_wconf 88' lang='lat' dir='ltr'><strong>ei</strong></span> 
     </span>
     <span class='ocr_line' id='line_1_5' title="bbox 421 748 2431 825; baseline 0 -17"><span class='ocrx_word' id='word_1_34' title='bbox 421 753 689 825; x_wconf 86' lang='lat' dir='ltr'><strong>optimum</strong></span> <span class='ocrx_word' id='word_1_35' title='bbox 713 748 1010 819; x_wconf 74' lang='lat' dir='ltr'><strong>videbitur,</strong></span> <span class='ocrx_word' id='word_1_36' title='bbox 1039 758 1096 806; x_wconf 88' lang='lat' dir='ltr'><strong>et</strong></span> <span class='ocrx_word' id='word_1_37' title='bbox 1133 750 1236 805; x_wconf 89' lang='lat' dir='ltr'><strong>hoc</strong></span> <span class='ocrx_word' id='word_1_38' title='bbox 1261 750 1498 806; x_wconf 87' lang='lat' dir='ltr'><strong>maxime</strong></span> <span class='ocrx_word' id='word_1_39' title='bbox 1525 756 1681 823; x_wconf 89' lang='lat' dir='ltr'><strong>patet</strong></span> <span class='ocrx_word' id='word_1_40' title='bbox 1708 750 1762 806; x_wconf 91' lang='lat' dir='ltr'><strong>in</strong></span> <span class='ocrx_word' id='word_1_41' title='bbox 1805 751 1892 807; x_wconf 89' lang='lat' dir='ltr'><strong>his</strong></span> <span class='ocrx_word' id='word_1_42' title='bbox 1935 752 2029 825; x_wconf 87' lang='lat' dir='ltr'><strong>qui</strong></span> <span class='ocrx_word' id='word_1_43' title='bbox 2072 769 2138 808; x_wconf 86' lang='lat' dir='ltr'><strong>ex</strong></span> <span class='ocrx_word' id='word_1_44' title='bbox 2180 752 2431 825; x_wconf 85' lang='lat' dir='ltr'><strong>passione</strong></span> 
     </span>
     <span class='ocr_line' id='line_1_6' title="bbox 419 838 2424 914; baseline 0.001 -18"><span class='ocrx_word' id='word_1_45' title='bbox 419 846 687 914; x_wconf 84' lang='lat' dir='ltr'><strong>appetunt</strong></span> <span class='ocrx_word' id='word_1_46' title='bbox 713 838 920 911; x_wconf 91' lang='lat' dir='ltr'><strong>aliquid</strong></span> <span class='ocrx_word' id='word_1_47' title='bbox 949 844 1010 893; x_wconf 88' lang='lat' dir='ltr'><strong>ut</strong></span> <span class='ocrx_word' id='word_1_48' title='bbox 1041 838 1306 911; x_wconf 89' lang='lat' dir='ltr'><strong>optimum</strong></span> <span class='ocrx_word' id='word_1_49' title='bbox 1335 856 1348 894; x_wconf 91' lang='lat'>:</span> <span class='ocrx_word' id='word_1_50' title='bbox 1377 847 1631 895; x_wconf 78' lang='lat' dir='ltr'><strong>cessante</strong></span> <span class='ocrx_word' id='word_1_51' title='bbox 1678 846 1864 897; x_wconf 87' lang='lat' dir='ltr'><strong>autem</strong></span> <span class='ocrx_word' id='word_1_52' title='bbox 1906 841 2159 913; x_wconf 84' lang='lat' dir='ltr'><strong>passione</strong></span> <span class='ocrx_word' id='word_1_53' title='bbox 2202 848 2263 897; x_wconf 92' lang='lat' dir='ltr'><strong>ut</strong></span> <span class='ocrx_word' id='word_1_54' title='bbox 2306 842 2424 910; x_wconf 85' lang='lat' dir='ltr'><strong>irae,</strong></span> 
     </span>
     <span class='ocr_line' id='line_1_7' title="bbox 418 926 2425 1003; baseline -0 -19"><span class='ocrx_word' id='word_1_55' title='bbox 418 929 506 985; x_wconf 87' lang='lat' dir='ltr'><strong>vel</strong></span> <span class='ocrx_word' id='word_1_56' title='bbox 529 928 1009 999; x_wconf 60' lang='lat' dir='ltr'><strong>concupiscentias,</strong></span> <span class='ocrx_word' id='word_1_57' title='bbox 1039 936 1146 983; x_wconf 88' lang='lat' dir='ltr'><strong>non</strong></span> <span class='ocrx_word' id='word_1_58' title='bbox 1187 926 1439 983; x_wconf 86' lang='lat' dir='ltr'><strong>similiter</strong></span> <span class='ocrx_word' id='word_1_59' title='bbox 1465 926 1719 1000; x_wconf 82' lang='lat' dir='ltr'><strong>judicant</strong></span> <span class='ocrx_word' id='word_1_60' title='bbox 1758 927 1889 983; x_wconf 88' lang='lat' dir='ltr'><strong>illud</strong></span> <span class='ocrx_word' id='word_1_61' title='bbox 1920 927 2123 985; x_wconf 88' lang='lat' dir='ltr'><strong>bonum</strong></span> <span class='ocrx_word' id='word_1_62' title='bbox 2150 936 2213 985; x_wconf 81' lang='lat' dir='ltr'><strong>ut</strong></span> <span class='ocrx_word' id='word_1_63' title='bbox 2256 932 2425 1003; x_wconf 89' lang='lat' dir='ltr'><strong>prius.</strong></span> 
     </span>
     <span class='ocr_line' id='line_1_8' title="bbox 419 1016 2422 1090; baseline -0.001 -15"><span class='ocrx_word' id='word_1_64' title='bbox 419 1017 652 1079; x_wconf 80' lang='lat' dir='ltr'><strong>Habitus</strong></span> <span class='ocrx_word' id='word_1_65' title='bbox 679 1024 864 1073; x_wconf 89' lang='lat' dir='ltr'><strong>autem</strong></span> <span class='ocrx_word' id='word_1_66' title='bbox 893 1017 1366 1089; x_wconf 86' lang='lat' dir='ltr'><strong>permanentiores</strong></span> <span class='ocrx_word' id='word_1_67' title='bbox 1385 1024 1545 1072; x_wconf 89' lang='lat' dir='ltr'><strong>sunt:</strong></span> <span class='ocrx_word' id='word_1_68' title='bbox 1581 1016 1722 1072; x_wconf 90' lang='lat' dir='ltr'><strong>unde</strong></span> <span class='ocrx_word' id='word_1_69' title='bbox 1749 1018 1958 1073; x_wconf 82' lang='lat' dir='ltr'><strong>firmius</strong></span> <span class='ocrx_word' id='word_1_70' title='bbox 1980 1025 2336 1090; x_wconf 86' lang='lat' dir='ltr'><strong>perseverant</strong></span> <span class='ocrx_word' id='word_1_71' title='bbox 2367 1019 2422 1073; x_wconf 93' lang='lat' dir='ltr'><strong>in</strong></span> 
     </span>
     <span class='ocr_line' id='line_1_9' title="bbox 349 1104 2431 1179; baseline 0 -16"><span class='ocrx_word' id='word_1_72' title='bbox 349 1122 372 1130; x_wconf 58' lang='lat'>⁸</span> <span class='ocrx_word' id='word_1_73' title='bbox 417 1106 508 1163; x_wconf 90' lang='lat' dir='ltr'><strong>his</strong></span> <span class='ocrx_word' id='word_1_74' title='bbox 553 1122 676 1179; x_wconf 86' lang='lat' dir='ltr'><strong>quae</strong></span> <span class='ocrx_word' id='word_1_75' title='bbox 716 1122 784 1161; x_wconf 83' lang='lat' dir='ltr'><strong>ex</strong></span> <span class='ocrx_word' id='word_1_76' title='bbox 829 1104 1016 1161; x_wconf 90' lang='lat' dir='ltr'><strong>habitu</strong></span> <span class='ocrx_word' id='word_1_77' title='bbox 1057 1112 1482 1178; x_wconf 86' lang='lat' dir='ltr'><strong>prosequuntur,</strong></span> <span class='ocrx_word' id='word_1_78' title='bbox 1528 1112 1713 1162; x_wconf 84' lang='lat' dir='ltr'><strong>tamen</strong></span> <span class='ocrx_word' id='word_1_79' title='bbox 1746 1107 2010 1179; x_wconf 89' lang='lat' dir='ltr'><strong>quamdiu</strong></span> <span class='ocrx_word' id='word_1_80' title='bbox 2050 1106 2269 1163; x_wconf 86' lang='lat' dir='ltr'><strong>habitus</strong></span> <span class='ocrx_word' id='word_1_81' title='bbox 2307 1124 2431 1163; x_wconf 88' lang='lat' dir='ltr'><strong>mu-</strong></span> 
     </span>
     <span class='ocr_line' id='line_1_10' title="bbox 423 1191 2430 1267; baseline 0 -16"><span class='ocrx_word' id='word_1_82' title='bbox 423 1194 529 1251; x_wconf 84' lang='lat' dir='ltr'><strong>tari</strong></span> <span class='ocrx_word' id='word_1_83' title='bbox 563 1202 762 1265; x_wconf 84' lang='lat' dir='ltr'><strong>potest,</strong></span> <span class='ocrx_word' id='word_1_84' title='bbox 796 1194 962 1251; x_wconf 86' lang='lat' dir='ltr'><strong>etiam</strong></span> <span class='ocrx_word' id='word_1_85' title='bbox 993 1191 1270 1267; x_wconf 82' lang='lat' dir='ltr'><strong>appetitus</strong></span> <span class='ocrx_word' id='word_1_86' title='bbox 1305 1200 1362 1249; x_wconf 84' lang='lat' dir='ltr'><strong>et</strong></span> <span class='ocrx_word' id='word_1_87' title='bbox 1393 1193 1689 1251; x_wconf 68' lang='lat' dir='ltr'><strong>aestimatio</strong></span> <span class='ocrx_word' id='word_1_88' title='bbox 1729 1194 1963 1251; x_wconf 89' lang='lat' dir='ltr'><strong>hominis</strong></span> <span class='ocrx_word' id='word_1_89' title='bbox 1990 1196 2059 1253; x_wconf 89' lang='lat' dir='ltr'><strong>de</strong></span> <span class='ocrx_word' id='word_1_90' title='bbox 2101 1196 2293 1253; x_wconf 89' lang='lat' dir='ltr'><strong>ultimo</strong></span> <span class='ocrx_word' id='word_1_91' title='bbox 2322 1196 2430 1253; x_wconf 87' lang='lat' dir='ltr'><strong>fine</strong></span> 
     </span>
     <span class='ocr_line' id='line_1_11' title="bbox 423 1282 2425 1361; baseline 0 -22"><span class='ocrx_word' id='word_1_92' title='bbox 423 1289 708 1361; x_wconf 77' lang='lat' dir='ltr'><strong>mutatur:</strong></span> <span class='ocrx_word' id='word_1_93' title='bbox 742 1282 846 1339; x_wconf 90' lang='lat' dir='ltr'><strong>hoc</strong></span> <span class='ocrx_word' id='word_1_94' title='bbox 873 1290 1058 1339; x_wconf 89' lang='lat' dir='ltr'><strong>autem</strong></span> <span class='ocrx_word' id='word_1_95' title='bbox 1089 1282 1344 1339; x_wconf 90' lang='lat' dir='ltr'><strong>convenit</strong></span> <span class='ocrx_word' id='word_1_96' title='bbox 1367 1288 1584 1339; x_wconf 87' lang='lat' dir='ltr'><strong>tantum</strong></span> <span class='ocrx_word' id='word_1_97' title='bbox 1626 1283 1938 1341; x_wconf 82' lang='lat' dir='ltr'><strong>hominibus</strong></span> <span class='ocrx_word' id='word_1_98' title='bbox 1980 1286 2035 1341; x_wconf 92' lang='lat' dir='ltr'><strong>in</strong></span> <span class='ocrx_word' id='word_1_99' title='bbox 2072 1285 2176 1343; x_wconf 88' lang='lat' dir='ltr'><strong>hac</strong></span> <span class='ocrx_word' id='word_1_100' title='bbox 2202 1287 2337 1353; x_wconf 90' lang='lat' dir='ltr'><strong>vita,</strong></span> <span class='ocrx_word' id='word_1_101' title='bbox 2372 1286 2425 1341; x_wconf 95' lang='lat' dir='ltr'><strong>in</strong></span> 
     </span>
     <span class='ocr_line' id='line_1_12' title="bbox 423 1371 2432 1447; baseline 0 -19"><span class='ocrx_word' id='word_1_102' title='bbox 423 1388 532 1446; x_wconf 88' lang='lat' dir='ltr'><strong>qua</strong></span> <span class='ocrx_word' id='word_1_103' title='bbox 572 1378 700 1428; x_wconf 92' lang='lat' dir='ltr'><strong>sunt</strong></span> <span class='ocrx_word' id='word_1_104' title='bbox 721 1372 779 1427; x_wconf 87' lang='lat' dir='ltr'><strong>in</strong></span> <span class='ocrx_word' id='word_1_105' title='bbox 807 1378 954 1431; x_wconf 84' lang='lat' dir='ltr'><strong>statu</strong></span> <span class='ocrx_word' id='word_1_106' title='bbox 986 1371 1392 1428; x_wconf 58' lang='lat' dir='ltr'><strong>&gt;mutabilitatis</strong></span> <span class='ocrx_word' id='word_1_107' title='bbox 1424 1373 1620 1429; x_wconf 90' lang='lat' dir='ltr'><strong>Anima</strong></span> <span class='ocrx_word' id='word_1_108' title='bbox 1652 1374 1797 1429; x_wconf 86' lang='lat' dir='ltr'><strong>enirn</strong></span> <span class='ocrx_word' id='word_1_109' title='bbox 1821 1381 1945 1447; x_wconf 88' lang='lat' dir='ltr'><strong>post</strong></span> <span class='ocrx_word' id='word_1_110' title='bbox 1972 1374 2115 1431; x_wconf 88' lang='lat' dir='ltr'><strong>hanc</strong></span> <span class='ocrx_word' id='word_1_111' title='bbox 2146 1375 2314 1431; x_wconf 82' lang='lat' dir='ltr'><strong>vitam</strong></span> <span class='ocrx_word' id='word_1_112' title='bbox 2344 1376 2432 1429; x_wconf 88' lang='lat' dir='ltr'><strong>in-</strong></span> 
     </span>
     <span class='ocr_line' id='line_1_13' title="bbox 421 1450 2431 1536; baseline 0.001 -19"><span class='ocrx_word' id='word_1_113' title='bbox 421 1450 854 1517; x_wconf 78' lang='lat' dir='ltr'><strong>transmutabilis</strong></span> <span class='ocrx_word' id='word_1_114' title='bbox 869 1466 964 1516; x_wconf 78' lang='lat' dir='ltr'><strong>³est</strong></span> <span class='ocrx_word' id='word_1_115' title='bbox 989 1459 1288 1518; x_wconf 88' lang='lat' dir='ltr'><strong>secundum</strong></span> <span class='ocrx_word' id='word_1_116' title='bbox 1315 1460 1716 1536; x_wconf 78' lang='lat' dir='ltr'><strong>alterationem,</strong></span> <span class='ocrx_word' id='word_1_117' title='bbox 1746 1461 1875 1535; x_wconf 90' lang='lat' dir='ltr'><strong>quia</strong></span> <span class='ocrx_word' id='word_1_118' title='bbox 1903 1463 2215 1536; x_wconf 86' lang='lat' dir='ltr'><strong>hujusmodi</strong></span> <span class='ocrx_word' id='word_1_119' title='bbox 2247 1472 2431 1520; x_wconf 88' lang='lat' dir='ltr'><strong>trans-</strong></span> 
     </span>
     <span class='ocr_line' id='line_1_14' title="bbox 419 1550 2429 1627; baseline 0.001 -20"><span class='ocrx_word' id='word_1_120' title='bbox 419 1550 654 1607; x_wconf 77' lang='lat' dir='ltr'><strong>mutatio</strong></span> <span class='ocrx_word' id='word_1_121' title='bbox 697 1566 807 1606; x_wconf 90' lang='lat' dir='ltr'><strong>non</strong></span> <span class='ocrx_word' id='word_1_122' title='bbox 844 1551 1108 1623; x_wconf 86' lang='lat' dir='ltr'><strong>competit</strong></span> <span class='ocrx_word' id='word_1_123' title='bbox 1146 1550 1195 1605; x_wconf 90' lang='lat' dir='ltr'><strong>ei</strong></span> <span class='ocrx_word' id='word_1_124' title='bbox 1242 1550 1345 1606; x_wconf 89' lang='lat' dir='ltr'><strong>nisi</strong></span> <span class='ocrx_word' id='word_1_125' title='bbox 1395 1552 1809 1623; x_wconf 85' lang='lat' dir='ltr'><strong>per&#39;accidens,</strong></span> <span class='ocrx_word' id='word_1_126' title='bbox 1842 1553 2143 1608; x_wconf 87' lang='lat' dir='ltr'><strong>secundum</strong></span> <span class='ocrx_word' id='word_1_127' title='bbox 2188 1552 2429 1627; x_wconf 87' lang='lat' dir='ltr'><strong>aliquam</strong></span> 
     </span>
     <span class='ocr_line' id='line_1_15' title="bbox 422 1628 2429 1713; baseline 0 -18"><span class='ocrx_word' id='word_1_128' title='bbox 422 1639 937 1695; x_wconf 73' lang='lat' dir='ltr'><strong>transmutationem</strong></span> <span class='ocrx_word' id='word_1_129' title='bbox 974 1638 1178 1694; x_wconf 83' lang='lat' dir='ltr'><strong>factam</strong></span> <span class='ocrx_word' id='word_1_130' title='bbox 1221 1640 1367 1695; x_wconf 89' lang='lat' dir='ltr'><strong>circa</strong></span> <span class='ocrx_word' id='word_1_131' title='bbox 1409 1628 1967 1713; x_wconf 69' lang='lat' dir='ltr'><strong>cbrpuS.&#39;Resumpto</strong></span> <span class='ocrx_word' id='word_1_132' title='bbox 2022 1656 2152 1697; x_wconf 90' lang='lat' dir='ltr'><strong>vero</strong></span> <span class='ocrx_word' id='word_1_133' title='bbox 2199 1658 2429 1713; x_wconf 90' lang='lat' dir='ltr'><strong>corpore</strong></span> 
     </span>
     <span class='ocr_line' id='line_1_16' title="bbox 421 1727 2431 1801; baseline 0.001 -17"><span class='ocrx_word' id='word_1_134' title='bbox 421 1744 532 1785; x_wconf 89' lang='lat' dir='ltr'><strong>non</strong></span> <span class='ocrx_word' id='word_1_135' title='bbox 559 1734 820 1801; x_wconf 90' lang='lat' dir='ltr'><strong>sequetur</strong></span> <span class='ocrx_word' id='word_1_136' title='bbox 858 1729 974 1800; x_wconf 81' lang='lat' dir='ltr'><strong>ipsa</strong></span> <span class='ocrx_word' id='word_1_137' title='bbox 1007 1727 1240 1783; x_wconf 89' lang='lat' dir='ltr'><strong>mutatio</strong></span> <span class='ocrx_word' id='word_1_138' title='bbox 1263 1729 1529 1801; x_wconf 91' lang='lat' dir='ltr'><strong>corporis,</strong></span> <span class='ocrx_word' id='word_1_139' title='bbox 1560 1728 1655 1784; x_wconf 89' lang='lat' dir='ltr'><strong>sed</strong></span> <span class='ocrx_word' id='word_1_140' title='bbox 1684 1730 1865 1801; x_wconf 86' lang='lat' dir='ltr'><strong>potius</strong></span> <span class='ocrx_word' id='word_1_141' title='bbox 1895 1747 1924 1784; x_wconf 88' lang='lat' dir='ltr'><strong>e</strong></span> <span class='ocrx_word' id='word_1_142' title='bbox 1955 1746 2238 1787; x_wconf 82' lang='lat' dir='ltr'><strong>converse.</strong></span> <span class='ocrx_word' id='word_1_143' title='bbox 2270 1732 2431 1787; x_wconf 88' lang='lat' dir='ltr'><strong>Nunc</strong></span> 
     </span>
     <span class='ocr_line' id='line_1_17' title="bbox 421 1805 2431 1889; baseline -0.001 -14"><span class='ocrx_word' id='word_1_144' title='bbox 421 1818 569 1875; x_wconf 88' lang='lat' dir='ltr'><strong>enim</strong></span> <span class='ocrx_word' id='word_1_145' title='bbox 611 1818 792 1873; x_wconf 90' lang='lat' dir='ltr'><strong>anima</strong></span> <span class='ocrx_word' id='word_1_146' title='bbox 831 1816 1133 1873; x_wconf 83' lang='lat' dir='ltr'><strong>infunditur</strong></span> <span class='ocrx_word' id='word_1_147' title='bbox 1177 1816 1390 1889; x_wconf 79' lang='lat' dir='ltr'><strong>corpori</strong></span> <span class='ocrx_word' id='word_1_148' title='bbox 1434 1817 1721 1885; x_wconf 65' lang='lat' dir='ltr'><strong>seminam,</strong></span> <span class='ocrx_word' id='word_1_149' title='bbox 1769 1824 1824 1873; x_wconf 90' lang='lat' dir='ltr'><strong>et</strong></span> <span class='ocrx_word' id='word_1_150' title='bbox 1867 1817 1991 1875; x_wconf 89' lang='lat' dir='ltr'><strong>ideo</strong></span> <span class='ocrx_word' id='word_1_151' title='bbox 2041 1805 2431 1875; x_wconf 76' lang='lat' dir='ltr'><strong>convenienter</strong></span> 
     </span>
     <span class='ocr_line' id='line_1_18' title="bbox 425 1906 2429 1979; baseline 0.001 -18"><span class='ocrx_word' id='word_1_152' title='bbox 425 1906 908 1961; x_wconf 76' lang='lat' dir='ltr'><strong>transmutationes</strong></span> <span class='ocrx_word' id='word_1_153' title='bbox 953 1906 1197 1977; x_wconf 86' lang='lat' dir='ltr'><strong>corporis</strong></span> <span class='ocrx_word' id='word_1_154' title='bbox 1237 1906 1507 1977; x_wconf 88' lang='lat' dir='ltr'><strong>sequitur.</strong></span> <span class='ocrx_word' id='word_1_155' title='bbox 1566 1906 1721 1962; x_wconf 90' lang='lat' dir='ltr'><strong>Tunc</strong></span> <span class='ocrx_word' id='word_1_156' title='bbox 1778 1922 1907 1962; x_wconf 91' lang='lat' dir='ltr'><strong>vero</strong></span> <span class='ocrx_word' id='word_1_157' title='bbox 1962 1922 2159 1979; x_wconf 89' lang='lat' dir='ltr'><strong>corpus</strong></span> <span class='ocrx_word' id='word_1_158' title='bbox 2210 1907 2429 1963; x_wconf 87' lang='lat' dir='ltr'><strong>unietur</strong></span> 
     </span>
     <span class='ocr_line' id='line_1_19' title="bbox 427 1992 2426 2066; baseline -0.001 -15"><span class='ocrx_word' id='word_1_159' title='bbox 427 1993 627 2051; x_wconf 83' lang='lat' dir='ltr'><strong>animae</strong></span> <span class='ocrx_word' id='word_1_160' title='bbox 675 1994 1071 2065; x_wconf 71' lang='lat' dir='ltr'><strong>praeexistenti„</strong></span> <span class='ocrx_word' id='word_1_161' title='bbox 1113 1992 1257 2049; x_wconf 88' lang='lat' dir='ltr'><strong>unde</strong></span> <span class='ocrx_word' id='word_1_162' title='bbox 1299 1993 1543 2048; x_wconf 82' lang='lat' dir='ltr'><strong>totaliter</strong></span> <span class='ocrx_word' id='word_1_163' title='bbox 1584 2001 1845 2066; x_wconf 87' lang='lat' dir='ltr'><strong>sequetur</strong></span> <span class='ocrx_word' id='word_1_164' title='bbox 1900 1996 2019 2066; x_wconf 90' lang='lat' dir='ltr'><strong>ejus</strong></span> <span class='ocrx_word' id='word_1_165' title='bbox 2062 1993 2426 2050; x_wconf 82' lang='lat' dir='ltr'><strong>conditioneS.</strong></span> 
     </span>
     <span class='ocr_line' id='line_1_20' title="bbox 423 2080 2431 2155; baseline 0 -16"><span class='ocrx_word' id='word_1_166' title='bbox 423 2083 620 2139; x_wconf 82' lang='lat' dir='ltr'><strong>Anima</strong></span> <span class='ocrx_word' id='word_1_167' title='bbox 648 2083 816 2153; x_wconf 86' lang='lat' dir='ltr'><strong>igitur</strong></span> <span class='ocrx_word' id='word_1_168' title='bbox 843 2098 1244 2155; x_wconf 87' lang='lat' dir='ltr'><strong>quemcumque</strong></span> <span class='ocrx_word' id='word_1_169' title='bbox 1273 2082 1436 2137; x_wconf 85' lang='lat' dir='ltr'><strong>finem</strong></span> <span class='ocrx_word' id='word_1_170' title='bbox 1473 2081 1577 2136; x_wconf 89' lang='lat' dir='ltr'><strong>sibi</strong></span> <span class='ocrx_word' id='word_1_171' title='bbox 1610 2080 1860 2137; x_wconf 86' lang='lat' dir='ltr'><strong>ultimum</strong></span> <span class='ocrx_word' id='word_1_172' title='bbox 1889 2082 2251 2154; x_wconf 84' lang='lat' dir='ltr'><strong>praestituisse</strong></span> <span class='ocrx_word' id='word_1_173' title='bbox 2272 2084 2431 2140; x_wconf 86' lang='lat' dir='ltr'><strong>inve-</strong></span> 
     </span>
     <span class='ocr_line' id='line_1_21' title="bbox 423 2169 2431 2245; baseline -0 -17"><span class='ocrx_word' id='word_1_174' title='bbox 423 2173 572 2228; x_wconf 82' lang='lat' dir='ltr'><strong>nitur</strong></span> <span class='ocrx_word' id='word_1_175' title='bbox 612 2172 666 2227; x_wconf 93' lang='lat' dir='ltr'><strong>in</strong></span> <span class='ocrx_word' id='word_1_176' title='bbox 706 2180 856 2233; x_wconf 89' lang='lat' dir='ltr'><strong>statu</strong></span> <span class='ocrx_word' id='word_1_177' title='bbox 893 2173 1105 2241; x_wconf 87' lang='lat' dir='ltr'><strong>mortis,</strong></span> <span class='ocrx_word' id='word_1_178' title='bbox 1139 2172 1194 2227; x_wconf 91' lang='lat' dir='ltr'><strong>in</strong></span> <span class='ocrx_word' id='word_1_179' title='bbox 1233 2187 1298 2227; x_wconf 82' lang='lat' dir='ltr'><strong>eo</strong></span> <span class='ocrx_word' id='word_1_180' title='bbox 1343 2172 1451 2227; x_wconf 80' lang='lat' dir='ltr'><strong>fine</strong></span> <span class='ocrx_word' id='word_1_181' title='bbox 1482 2178 1743 2244; x_wconf 89' lang='lat' dir='ltr'><strong>perpetuo</strong></span> <span class='ocrx_word' id='word_1_182' title='bbox 1776 2169 2134 2243; x_wconf 84' lang='lat' dir='ltr'><strong>permanebit,</strong></span> <span class='ocrx_word' id='word_1_183' title='bbox 2168 2178 2431 2245; x_wconf 88' lang='lat' dir='ltr'><strong>appetens</strong></span> 
     </span>
     <span class='ocr_line' id='line_1_22' title="bbox 425 2260 2427 2333; baseline 0.001 -17"><span class='ocrx_word' id='word_1_184' title='bbox 425 2261 555 2317; x_wconf 91' lang='lat' dir='ltr'><strong>illud</strong></span> <span class='ocrx_word' id='word_1_185' title='bbox 588 2266 648 2315; x_wconf 87' lang='lat' dir='ltr'><strong>ut</strong></span> <span class='ocrx_word' id='word_1_186' title='bbox 676 2261 943 2333; x_wconf 90' lang='lat' dir='ltr'><strong>optimum</strong></span> <span class='ocrx_word' id='word_1_187' title='bbox 972 2260 1088 2323; x_wconf 88' lang='lat' dir='ltr'><strong>sive</strong></span> <span class='ocrx_word' id='word_1_188' title='bbox 1115 2260 1188 2316; x_wconf 93' lang='lat' dir='ltr'><strong>sit</strong></span> <span class='ocrx_word' id='word_1_189' title='bbox 1212 2260 1435 2327; x_wconf 90' lang='lat' dir='ltr'><strong>bonum,</strong></span> <span class='ocrx_word' id='word_1_190' title='bbox 1466 2261 1583 2318; x_wconf 89' lang='lat' dir='ltr'><strong>sive</strong></span> <span class='ocrx_word' id='word_1_191' title='bbox 1611 2261 1685 2317; x_wconf 87' lang='lat' dir='ltr'><strong>sit</strong></span> <span class='ocrx_word' id='word_1_192' title='bbox 1710 2261 1936 2328; x_wconf 83' lang='lat' dir='ltr'><strong>malum,</strong></span> <span class='ocrx_word' id='word_1_193' title='bbox 1966 2260 2266 2319; x_wconf 89' lang='lat' dir='ltr'><strong>secundum</strong></span> <span class='ocrx_word' id='word_1_194' title='bbox 2294 2260 2427 2317; x_wconf 88' lang='lat' dir='ltr'><strong>illud</strong></span> 
     </span>
     <span class='ocr_line' id='line_1_23' title="bbox 424 2341 2531 2423; baseline -0 -16"><span class='ocrx_word' id='word_1_195' title='bbox 424 2350 782 2407; x_wconf 89' lang='lat' dir='ltr'><strong>Ecclesiastes</strong></span> <span class='ocrx_word' id='word_1_196' title='bbox 807 2366 850 2406; x_wconf 82' lang='lat' dir='ltr'><strong>u</strong></span> <span class='ocrx_word' id='word_1_197' title='bbox 876 2366 888 2404; x_wconf 87' lang='lat'>:</span> <span class='ocrx_word' id='word_1_198' title='bbox 915 2349 974 2405; x_wconf 83' lang='lat' dir='ltr'><strong>Si</strong></span> <span class='ocrx_word' id='word_1_199' title='bbox 1002 2348 1247 2405; x_wconf 81' lang='lat' dir='ltr'><strong>ceciderit</strong></span> <span class='ocrx_word' id='word_1_200' title='bbox 1277 2350 1479 2423; x_wconf 73' lang='lat' dir='ltr'><strong>liqnum</strong></span> <span class='ocrx_word' id='word_1_201' title='bbox 1504 2350 1576 2405; x_wconf 82' lang='lat' dir='ltr'><strong>ad</strong></span> <span class='ocrx_word' id='word_1_202' title='bbox 1602 2358 1865 2415; x_wconf 80' lang='lat' dir='ltr'><strong>austrum,</strong></span> <span class='ocrx_word' id='word_1_203' title='bbox 1884 2358 1981 2407; x_wconf 84' lang='lat' dir='ltr'><strong>aut</strong></span> <span class='ocrx_word' id='word_1_204' title='bbox 2008 2350 2077 2405; x_wconf 84' lang='lat' dir='ltr'><strong>ad</strong></span> <span class='ocrx_word' id='word_1_205' title='bbox 2104 2350 2427 2423; x_wconf 79' lang='lat' dir='ltr'><strong>aquilonem,</strong></span> <span class='ocrx_word' id='word_1_206' title='bbox 2525 2341 2531 2348; x_wconf 73' lang='grc'><strong><em>’</em></strong></span> 
     </span>
     <span class='ocr_line' id='line_1_24' title="bbox 424 2437 2429 2513; baseline 0 -20"><span class='ocrx_word' id='word_1_207' title='bbox 424 2438 483 2493; x_wconf 78' lang='lat' dir='ltr'><strong>in</strong></span> <span class='ocrx_word' id='word_1_208' title='bbox 508 2454 823 2511; x_wconf 79' lang='lat' dir='ltr'><strong>quocumque</strong></span> <span class='ocrx_word' id='word_1_209' title='bbox 852 2438 958 2495; x_wconf 86' lang='lat' dir='ltr'><strong>loeo</strong></span> <span class='ocrx_word' id='word_1_210' title='bbox 975 2437 1244 2503; x_wconf 81' lang='lat' dir='ltr'><strong>ceciderit,</strong></span> <span class='ocrx_word' id='word_1_211' title='bbox 1266 2438 1342 2493; x_wconf 78' lang='lat' dir='ltr'><strong>ibi</strong></span> <span class='ocrx_word' id='word_1_212' title='bbox 1361 2437 1487 2495; x_wconf 83' lang='lat' dir='ltr'><strong>erit.</strong></span> <span class='ocrx_word' id='word_1_213' title='bbox 1519 2440 1609 2495; x_wconf 91' lang='lat' dir='ltr'><strong>Sic</strong></span> <span class='ocrx_word' id='word_1_214' title='bbox 1629 2439 1796 2512; x_wconf 85' lang='lat' dir='ltr'><strong>igitur</strong></span> <span class='ocrx_word' id='word_1_215' title='bbox 1822 2448 1943 2513; x_wconf 92' lang='lat' dir='ltr'><strong>post</strong></span> <span class='ocrx_word' id='word_1_216' title='bbox 1969 2438 2111 2495; x_wconf 89' lang='lat' dir='ltr'><strong>hanc</strong></span> <span class='ocrx_word' id='word_1_217' title='bbox 2130 2439 2304 2495; x_wconf 90' lang='lat' dir='ltr'><strong>vitam</strong></span> <span class='ocrx_word' id='word_1_218' title='bbox 2333 2439 2429 2512; x_wconf 89' lang='lat' dir='ltr'><strong>qui</strong></span> 
     </span>
     <span class='ocr_line' id='line_1_25' title="bbox 426 2526 2429 2608; baseline 0 -26"><span class='ocrx_word' id='word_1_219' title='bbox 426 2526 548 2583; x_wconf 91' lang='lat' dir='ltr'><strong>boni</strong></span> <span class='ocrx_word' id='word_1_220' title='bbox 581 2528 633 2582; x_wconf 91' lang='lat' dir='ltr'><strong>in</strong></span> <span class='ocrx_word' id='word_1_221' title='bbox 661 2535 838 2585; x_wconf 87' lang='lat' dir='ltr'><strong>morte</strong></span> <span class='ocrx_word' id='word_1_222' title='bbox 861 2527 1230 2594; x_wconf 80' lang='lat' dir='ltr'><strong>inveniuntur,</strong></span> <span class='ocrx_word' id='word_1_223' title='bbox 1262 2526 1540 2583; x_wconf 91' lang='lat' dir='ltr'><strong>habebunt</strong></span> <span class='ocrx_word' id='word_1_224' title='bbox 1574 2535 1835 2608; x_wconf 71' lang='lat' dir='ltr'><strong>perpetuo</strong></span> <span class='ocrx_word' id='word_1_225' title='bbox 1869 2528 2209 2585; x_wconf 77' lang='lat' dir='ltr'><strong>voluntatem</strong></span> <span class='ocrx_word' id='word_1_226' title='bbox 2238 2528 2429 2583; x_wconf 84' lang='lat' dir='ltr'><strong>firma-</strong></span> 
     </span>
    </p>
   </div>
   <div class='ocr_carea' id='block_1_3' title="bbox 429 2616 2428 2761">
    <p class='ocr_par' dir='ltr' id='par_1_3' title="bbox 429 2616 2428 2761">
     <span class='ocr_line' id='line_1_26' title="bbox 429 2616 2428 2697; baseline 0.001 -27"><span class='ocrx_word' id='word_1_227' title='bbox 429 2622 538 2672; x_wconf 85' lang='lat' dir='ltr'><strong>tam</strong></span> <span class='ocrx_word' id='word_1_228' title='bbox 578 2618 631 2672; x_wconf 91' lang='lat' dir='ltr'><strong>in</strong></span> <span class='ocrx_word' id='word_1_229' title='bbox 664 2617 807 2673; x_wconf 91' lang='lat' dir='ltr'><strong>bono</strong></span> <span class='ocrx_word' id='word_1_230' title='bbox 833 2634 850 2697; x_wconf 74' lang='lat'><strong>‚²</strong></span> <span class='ocrx_word' id='word_1_231' title='bbox 879 2616 972 2691; x_wconf 89' lang='lat' dir='ltr'><strong>qui</strong></span> <span class='ocrx_word' id='word_1_232' title='bbox 1009 2623 1196 2675; x_wconf 87' lang='lat' dir='ltr'><strong>autem</strong></span> <span class='ocrx_word' id='word_1_233' title='bbox 1237 2616 1365 2673; x_wconf 89' lang='lat' dir='ltr'><strong>mali</strong></span> <span class='ocrx_word' id='word_1_234' title='bbox 1407 2624 1539 2675; x_wconf 86' lang='lat' dir='ltr'><strong>tunc</strong></span> <span class='ocrx_word' id='word_1_235' title='bbox 1576 2617 1939 2685; x_wconf 83' lang='lat' dir='ltr'><strong>invenientur,</strong></span> <span class='ocrx_word' id='word_1_236' title='bbox 1971 2626 2129 2673; x_wconf 88' lang='lat' dir='ltr'><strong>erunt</strong></span> <span class='ocrx_word' id='word_1_237' title='bbox 2164 2622 2428 2689; x_wconf 89' lang='lat' dir='ltr'><strong>perpetuo</strong></span> 
     </span>
     <span class='ocr_line' id='line_1_27' title="bbox 429 2702 962 2761; baseline 0.008 -4"><span class='ocrx_word' id='word_1_238' title='bbox 429 2702 688 2761; x_wconf 84' lang='lat' dir='ltr'><strong>obstinati</strong></span> <span class='ocrx_word' id='word_1_239' title='bbox 719 2704 774 2759; x_wconf 93' lang='lat' dir='ltr'><strong>in</strong></span> <span class='ocrx_word' id='word_1_240' title='bbox 796 2704 962 2761; x_wconf 84' lang='lat' dir='ltr'><strong>ma10.</strong></span> 
     </span>
    </p>
   </div>
   <div class='ocr_carea' id='block_1_4' title="bbox 1087 2868 1759 2943">
    <p class='ocr_par' dir='ltr' id='par_1_4' title="bbox 1087 2868 1759 2943">
     <span class='ocr_line' id='line_1_28' title="bbox 1087 2868 1759 2943; baseline -0.006 0"><span class='ocrx_word' id='word_1_241' title='bbox 1087 2868 1369 2943; x_wconf 87' lang='lat' dir='ltr'>CAPUT</span> <span class='ocrx_word' id='word_1_242' title='bbox 1434 2872 1759 2939; x_wconf 89' lang='lat' dir='ltr'><strong>CLXXV.</strong></span> 
     </span>
    </p>
   </div>
   <div class='ocr_carea' id='block_1_5' title="bbox 483 3008 2375 3166">
    <p class='ocr_par' dir='ltr' id='par_1_5' title="bbox 483 3008 2375 3166">
     <span class='ocr_line' id='line_1_29' title="bbox 483 3008 2375 3095; baseline -0.003 -18"><span class='ocrx_word' id='word_1_243' title='bbox 483 3014 664 3090; x_wconf 76' lang='lat' dir='ltr'><strong>Quod</strong></span> <span class='ocrx_word' id='word_1_244' title='bbox 674 3020 924 3095; x_wconf 78' lang='lat' dir='ltr'><strong>peecata</strong></span> <span class='ocrx_word' id='word_1_245' title='bbox 949 3015 1238 3077; x_wconf 80' lang='lat' dir='ltr'><strong>mortalia</strong></span> <span class='ocrx_word' id='word_1_246' title='bbox 1259 3032 1379 3075; x_wconf 77' lang='lat' dir='ltr'><strong>non</strong></span> <span class='ocrx_word' id='word_1_247' title='bbox 1402 3012 1801 3074; x_wconf 77' lang='lat' dir='ltr'><strong>dimittuntur</strong></span> <span class='ocrx_word' id='word_1_248' title='bbox 1816 3014 1961 3092; x_wconf 76' lang='lat' dir='ltr'><strong>post</strong></span> <span class='ocrx_word' id='word_1_249' title='bbox 1984 3010 2137 3073; x_wconf 73' lang='lat' dir='ltr'><strong>hane</strong></span> <span class='ocrx_word' id='word_1_250' title='bbox 2162 3008 2375 3085; x_wconf 65' lang='lat' dir='ltr'><strong>ettam,</strong></span> 
     </span>
     <span class='ocr_line' id='line_1_30' title="bbox 1153 3103 1701 3166; baseline -0.002 0"><span class='ocrx_word' id='word_1_251' title='bbox 1153 3103 1258 3166; x_wconf 73' lang='lat' dir='ltr'><strong>sed</strong></span> <span class='ocrx_word' id='word_1_252' title='bbox 1284 3103 1416 3165; x_wconf 83' lang='lat' dir='ltr'><strong>bene</strong></span> <span class='ocrx_word' id='word_1_253' title='bbox 1444 3103 1701 3165; x_wconf 80' lang='lat' dir='ltr'><strong>venalia.</strong></span> 
     </span>
    </p>
   </div>
   <div class='ocr_carea' id='block_1_6' title="bbox 427 3234 2432 4023">
    <p class='ocr_par' dir='ltr' id='par_1_6' title="bbox 427 3234 2432 4023">
     <span class='ocr_line' id='line_1_31' title="bbox 497 3234 2427 3310; baseline -0.003 -17"><span class='ocrx_word' id='word_1_254' title='bbox 497 3238 576 3293; x_wconf 83' lang='lat' dir='ltr'><strong>Ex</strong></span> <span class='ocrx_word' id='word_1_255' title='bbox 604 3237 708 3293; x_wconf 90' lang='lat' dir='ltr'><strong>hoc</strong></span> <span class='ocrx_word' id='word_1_256' title='bbox 735 3244 920 3294; x_wconf 90' lang='lat' dir='ltr'><strong>autem</strong></span> <span class='ocrx_word' id='word_1_257' title='bbox 957 3236 1292 3293; x_wconf 88' lang='lat' dir='ltr'><strong>considerari</strong></span> <span class='ocrx_word' id='word_1_258' title='bbox 1338 3244 1535 3310; x_wconf 88' lang='lat' dir='ltr'><strong>potest,</strong></span> <span class='ocrx_word' id='word_1_259' title='bbox 1569 3234 1715 3308; x_wconf 91' lang='lat' dir='ltr'><strong>quod</strong></span> <span class='ocrx_word' id='word_1_260' title='bbox 1754 3240 1979 3307; x_wconf 85' lang='lat' dir='ltr'><strong>peccata</strong></span> <span class='ocrx_word' id='word_1_261' title='bbox 2020 3234 2271 3291; x_wconf 90' lang='lat' dir='ltr'><strong>mortalia</strong></span> <span class='ocrx_word' id='word_1_262' title='bbox 2300 3238 2427 3306; x_wconf 90' lang='lat' dir='ltr'><strong>post</strong></span> 
     </span>
     <span class='ocr_line' id='line_1_32' title="bbox 427 3322 2427 3381; baseline -0.001 -3"><span class='ocrx_word' id='word_1_263' title='bbox 427 3322 568 3379; x_wconf 90' lang='lat' dir='ltr'><strong>hanc</strong></span> <span class='ocrx_word' id='word_1_264' title='bbox 618 3325 790 3379; x_wconf 85' lang='lat' dir='ltr'><strong>vitam</strong></span> <span class='ocrx_word' id='word_1_265' title='bbox 827 3338 934 3378; x_wconf 90' lang='lat' dir='ltr'><strong>non</strong></span> <span class='ocrx_word' id='word_1_266' title='bbox 975 3323 1328 3381; x_wconf 88' lang='lat' dir='ltr'><strong>dimittuntur</strong></span> <span class='ocrx_word' id='word_1_267' title='bbox 1365 3341 1378 3379; x_wconf 91' lang='lat'>:</span> <span class='ocrx_word' id='word_1_268' title='bbox 1421 3323 1657 3381; x_wconf 90' lang='lat' dir='ltr'><strong>venialia</strong></span> <span class='ocrx_word' id='word_1_269' title='bbox 1691 3338 1821 3380; x_wconf 88' lang='lat' dir='ltr'><strong>vero</strong></span> <span class='ocrx_word' id='word_1_270' title='bbox 1866 3322 2237 3378; x_wconf 90' lang='lat' dir='ltr'><strong>dimittuntur.</strong></span> <span class='ocrx_word' id='word_1_271' title='bbox 2288 3324 2427 3377; x_wconf 88' lang='lat' dir='ltr'><strong>Nam</strong></span> 
     </span>
     <span class='ocr_line' id='line_1_33' title="bbox 429 3411 2427 3486; baseline 0 -19"><span class='ocrx_word' id='word_1_272' title='bbox 429 3420 653 3485; x_wconf 87' lang='lat' dir='ltr'><strong>peccata</strong></span> <span class='ocrx_word' id='word_1_273' title='bbox 689 3412 938 3468; x_wconf 89' lang='lat' dir='ltr'><strong>mortalia</strong></span> <span class='ocrx_word' id='word_1_274' title='bbox 966 3419 1094 3469; x_wconf 88' lang='lat' dir='ltr'><strong>sunt</strong></span> <span class='ocrx_word' id='word_1_275' title='bbox 1129 3430 1227 3486; x_wconf 93' lang='lat' dir='ltr'><strong>per</strong></span> <span class='ocrx_word' id='word_1_276' title='bbox 1261 3414 1602 3469; x_wconf 88' lang='lat' dir='ltr'><strong>aversionem</strong></span> <span class='ocrx_word' id='word_1_277' title='bbox 1638 3430 1669 3470; x_wconf 91' lang='lat' dir='ltr'><strong>a</strong></span> <span class='ocrx_word' id='word_1_278' title='bbox 1700 3413 1804 3468; x_wconf 84' lang='lat' dir='ltr'><strong>fine</strong></span> <span class='ocrx_word' id='word_1_279' title='bbox 1834 3412 2044 3479; x_wconf 88' lang='lat' dir='ltr'><strong>ultim0,</strong></span> <span class='ocrx_word' id='word_1_280' title='bbox 2073 3411 2219 3467; x_wconf 90' lang='lat' dir='ltr'><strong>circa</strong></span> <span class='ocrx_word' id='word_1_281' title='bbox 2263 3427 2427 3483; x_wconf 84' lang='lat' dir='ltr'><strong>quem</strong></span> 
     </span>
     <span class='ocr_line' id='line_1_34' title="bbox 427 3500 2430 3574; baseline -0 -18"><span class='ocrx_word' id='word_1_282' title='bbox 427 3500 588 3557; x_wconf 89' lang='lat' dir='ltr'><strong>homo</strong></span> <span class='ocrx_word' id='word_1_283' title='bbox 620 3500 971 3557; x_wconf 89' lang='lat' dir='ltr'><strong>immobiliter</strong></span> <span class='ocrx_word' id='word_1_284' title='bbox 995 3502 1245 3557; x_wconf 86' lang='lat' dir='ltr'><strong>firmatur</strong></span> <span class='ocrx_word' id='word_1_285' title='bbox 1281 3509 1402 3574; x_wconf 91' lang='lat' dir='ltr'><strong>post</strong></span> <span class='ocrx_word' id='word_1_286' title='bbox 1435 3510 1684 3569; x_wconf 91' lang='lat' dir='ltr'><strong>mortem,</strong></span> <span class='ocrx_word' id='word_1_287' title='bbox 1714 3510 1769 3557; x_wconf 85' lang='lat' dir='ltr'><strong>ut</strong></span> <span class='ocrx_word' id='word_1_288' title='bbox 1804 3500 2011 3557; x_wconf 88' lang='lat' dir='ltr'><strong>dictum</strong></span> <span class='ocrx_word' id='word_1_289' title='bbox 2042 3506 2125 3555; x_wconf 88' lang='lat' dir='ltr'><strong>est</strong></span> <span class='ocrx_word' id='word_1_290' title='bbox 2154 3516 2169 3555; x_wconf 71' lang='grc' dir='ltr'>ε</span> <span class='ocrx_word' id='word_1_291' title='bbox 2201 3505 2430 3572; x_wconf 88' lang='lat' dir='ltr'><strong>peccata</strong></span> 
     </span>
     <span class='ocr_line' id='line_1_35' title="bbox 429 3589 2429 3662; baseline -0.002 -16"><span class='ocrx_word' id='word_1_292' title='bbox 429 3606 558 3646; x_wconf 84' lang='lat' dir='ltr'><strong>vero</strong></span> <span class='ocrx_word' id='word_1_293' title='bbox 589 3590 825 3647; x_wconf 84' lang='lat' dir='ltr'><strong>venialia</strong></span> <span class='ocrx_word' id='word_1_294' title='bbox 854 3605 962 3646; x_wconf 91' lang='lat' dir='ltr'><strong>non</strong></span> <span class='ocrx_word' id='word_1_295' title='bbox 1008 3591 1305 3662; x_wconf 90' lang='lat' dir='ltr'><strong>respiciunt</strong></span> <span class='ocrx_word' id='word_1_296' title='bbox 1334 3591 1590 3649; x_wconf 90' lang='lat' dir='ltr'><strong>ultimum</strong></span> <span class='ocrx_word' id='word_1_297' title='bbox 1626 3593 1810 3658; x_wconf 86' lang='lat' dir='ltr'><strong>finem,</strong></span> <span class='ocrx_word' id='word_1_298' title='bbox 1842 3591 1937 3646; x_wconf 89' lang='lat' dir='ltr'><strong>sed</strong></span> <span class='ocrx_word' id='word_1_299' title='bbox 1967 3590 2111 3645; x_wconf 87' lang='lat' dir='ltr'><strong>viam</strong></span> <span class='ocrx_word' id='word_1_300' title='bbox 2153 3589 2219 3645; x_wconf 90' lang='lat' dir='ltr'><strong>ad</strong></span> <span class='ocrx_word' id='word_1_301' title='bbox 2267 3590 2429 3643; x_wconf 86' lang='lat' dir='ltr'><strong>finem</strong></span> 
     </span>
     <span class='ocr_line' id='line_1_36' title="bbox 427 3666 2432 3753; baseline -0.001 -18"><span class='ocrx_word' id='word_1_302' title='bbox 427 3678 701 3735; x_wconf 89' lang='lat' dir='ltr'><strong>ultimum.</strong></span> <span class='ocrx_word' id='word_1_303' title='bbox 724 3666 829 3735; x_wconf 87' lang='lat' dir='ltr'><strong>Sed</strong></span> <span class='ocrx_word' id='word_1_304' title='bbox 853 3680 900 3733; x_wconf 86' lang='lat' dir='ltr'><strong>si</strong></span> <span class='ocrx_word' id='word_1_305' title='bbox 922 3678 1174 3735; x_wconf 86' lang='lat' dir='ltr'><strong>voluntas</strong></span> <span class='ocrx_word' id='word_1_306' title='bbox 1201 3680 1467 3735; x_wconf 88' lang='lat' dir='ltr'><strong>malorum</strong></span> <span class='ocrx_word' id='word_1_307' title='bbox 1497 3689 1620 3753; x_wconf 91' lang='lat' dir='ltr'><strong>post</strong></span> <span class='ocrx_word' id='word_1_308' title='bbox 1644 3687 1872 3736; x_wconf 90' lang='lat' dir='ltr'><strong>mortem</strong></span> <span class='ocrx_word' id='word_1_309' title='bbox 1888 3678 2161 3735; x_wconf 85' lang='lat' dir='ltr'><strong>obstinate</strong></span> <span class='ocrx_word' id='word_1_310' title='bbox 2182 3678 2432 3733; x_wconf 85' lang='lat' dir='ltr'><strong>firmatur</strong></span> 
     </span>
     <span class='ocr_line' id='line_1_37' title="bbox 427 3758 2429 3843; baseline -0.002 -19"><span class='ocrx_word' id='word_1_311' title='bbox 427 3768 496 3825; x_wconf 82' lang='lat' dir='ltr'><strong>in&#39;</strong></span> <span class='ocrx_word' id='word_1_312' title='bbox 523 3768 688 3834; x_wconf 83' lang='lat' dir='ltr'><strong>male,</strong></span> <span class='ocrx_word' id='word_1_313' title='bbox 718 3784 937 3841; x_wconf 85' lang='lat' dir='ltr'><strong>semper</strong></span> <span class='ocrx_word' id='word_1_314' title='bbox 982 3758 1252 3842; x_wconf 80' lang='lat' dir='ltr'><strong>appetent</strong></span> <span class='ocrx_word' id='word_1_315' title='bbox 1288 3778 1347 3825; x_wconf 92' lang='lat' dir='ltr'><strong>ut</strong></span> <span class='ocrx_word' id='word_1_316' title='bbox 1383 3770 1669 3841; x_wconf 90' lang='lat' dir='ltr'><strong>optimum,</strong></span> <span class='ocrx_word' id='word_1_317' title='bbox 1698 3770 1843 3843; x_wconf 87' lang='lat' dir='ltr'><strong>quod</strong></span> <span class='ocrx_word' id='word_1_318' title='bbox 1882 3770 2032 3842; x_wconf 89' lang='lat' dir='ltr'><strong>prius</strong></span> <span class='ocrx_word' id='word_1_319' title='bbox 2060 3760 2429 3841; x_wconf 76' lang='lat' dir='ltr'><strong>appetierunt,</strong></span> 
     </span>
     <span class='ocr_line' id='line_1_38' title="bbox 429 3856 2431 3935; baseline -0.001 -22"><span class='ocrx_word' id='word_1_320' title='bbox 429 3874 534 3914; x_wconf 91' lang='lat' dir='ltr'><strong>non</strong></span> <span class='ocrx_word' id='word_1_321' title='bbox 563 3856 694 3930; x_wconf 81' lang='lat' dir='ltr'><strong>ergo</strong></span> <span class='ocrx_word' id='word_1_322' title='bbox 722 3857 985 3914; x_wconf 91' lang='lat' dir='ltr'><strong>dolebunt</strong></span> <span class='ocrx_word' id='word_1_323' title='bbox 1007 3874 1067 3915; x_wconf 90' lang='lat' dir='ltr'><strong>se</strong></span> <span class='ocrx_word' id='word_1_324' title='bbox 1090 3873 1368 3933; x_wconf 89' lang='lat' dir='ltr'><strong>peccasse.</strong></span> <span class='ocrx_word' id='word_1_325' title='bbox 1402 3859 1599 3915; x_wconf 91' lang='lat' dir='ltr'><strong>Nullus</strong></span> <span class='ocrx_word' id='word_1_326' title='bbox 1624 3861 1771 3915; x_wconf 89' lang='lat' dir='ltr'><strong>enim</strong></span> <span class='ocrx_word' id='word_1_327' title='bbox 1800 3858 1947 3916; x_wconf 91' lang='lat' dir='ltr'><strong>dolet</strong></span> <span class='ocrx_word' id='word_1_328' title='bbox 1979 3874 2039 3913; x_wconf 90' lang='lat' dir='ltr'><strong>se</strong></span> <span class='ocrx_word' id='word_1_329' title='bbox 2070 3863 2431 3935; x_wconf 79' lang='lat' dir='ltr'><strong>‘prosecutum</strong></span> 
     </span>
     <span class='ocr_line' id='line_1_39' title="bbox 429 3946 2431 4023; baseline -0.001 -18"><span class='ocrx_word' id='word_1_330' title='bbox 429 3962 550 4005; x_wconf 83' lang='lat' dir='ltr'><strong>esse</strong></span> <span class='ocrx_word' id='word_1_331' title='bbox 573 3947 722 4021; x_wconf 82' lang='lat' dir='ltr'><strong>quod</strong></span> <span class='ocrx_word' id='word_1_332' title='bbox 749 3950 992 4008; x_wconf 85' lang='lat' dir='ltr'><strong>aestimat</strong></span> <span class='ocrx_word' id='word_1_333' title='bbox 1019 3958 1140 4008; x_wconf 85' lang='lat' dir='ltr'><strong>esse</strong></span> <span class='ocrx_word' id='word_1_334' title='bbox 1175 3949 1463 4023; x_wconf 84' lang='lat' dir='ltr'><strong>optimum.</strong></span> <span class='ocrx_word' id='word_1_335' title='bbox 1494 3948 1601 4007; x_wconf 87' lang='lat' dir='ltr'><strong>Sed</strong></span> <span class='ocrx_word' id='word_1_336' title='bbox 1641 3948 1926 4007; x_wconf 86' lang='lat' dir='ltr'><strong>sciendum</strong></span> <span class='ocrx_word' id='word_1_337' title='bbox 1952 3951 2055 4017; x_wconf 87' lang='lat' dir='ltr'><strong>est,</strong></span> <span class='ocrx_word' id='word_1_338' title='bbox 2082 3946 2229 4021; x_wconf 88' lang='lat' dir='ltr'><strong>quod</strong></span> <span class='ocrx_word' id='word_1_339' title='bbox 2267 3946 2431 4003; x_wconf 86' lang='lat' dir='ltr'><strong>dam-</strong></span> 
     </span>
    </p>
   </div>
  </div>
 </body>
</html>
