<?xml version="1.0" encoding="UTF-8"?>
<!DOCTYPE html PUBLIC "-//W3C//DTD XHTML 1.0 Transitional//EN"
    "http://www.w3.org/TR/xhtml1/DTD/xhtml1-transitional.dtd">
<html xmlns="http://www.w3.org/1999/xhtml" xml:lang="en" lang="en">
 <head>
  <title>
</title>
<meta http-equiv="Content-Type" content="text/html;charset=utf-8" />
  <meta name='ocr-system' content='tesseract 3.04.00' />
  <meta name='ocr-capabilities' content='ocr_page ocr_carea ocr_par ocr_line ocrx_word'/>
</head>
<body>
  <div class='ocr_page' id='page_1' title='image "./sthomaquinatisd02thomgoog_0058.png"; bbox 0 0 2850 4517; ppageno 0'>
   <div class='ocr_carea' id='block_1_1' title="bbox 519 360 2045 423">
    <p class='ocr_par' dir='ltr' id='par_1_1' title="bbox 519 360 2045 423">
     <span class='ocr_line' id='line_1_1' title="bbox 519 360 2045 423; baseline -0.004 0"><span class='ocrx_word' id='word_1_1' title='bbox 519 360 602 423; x_wconf 74' lang='lat'><strong>44</strong></span> <span class='ocrx_word' id='word_1_2' title='bbox 1001 373 1052 421; x_wconf 85' lang='lat' dir='ltr'><strong>s.</strong></span> <span class='ocrx_word' id='word_1_3' title='bbox 1098 370 1332 419; x_wconf 67' lang='lat' dir='ltr'><strong>ruouae.</strong></span> <span class='ocrx_word' id='word_1_4' title='bbox 1369 368 1697 423; x_wconf 60' lang='lat' dir='ltr'><strong>neuma-ris</strong></span> <span class='ocrx_word' id='word_1_5' title='bbox 1737 363 2045 417; x_wconf 67' lang='lat' dir='ltr'><strong>croscum</strong></span> 
     </span>
    </p>
   </div>
   <div class='ocr_carea' id='block_1_2' title="bbox 1149 522 1845 639">
    <p class='ocr_par' dir='ltr' id='par_1_2' title="bbox 1149 522 1845 639">
     <span class='ocr_line' id='line_1_2' title="bbox 1149 522 1845 639; baseline -0.004 0"><span class='ocrx_word' id='word_1_6' title='bbox 1149 588 1156 597; x_wconf 97' lang='lat'>·</span> <span class='ocrx_word' id='word_1_7' title='bbox 1199 567 1486 639; x_wconf 77' lang='lat' dir='ltr'>CAPUT</span> <span class='ocrx_word' id='word_1_8' title='bbox 1531 522 1845 637; x_wconf 69' lang='lat' dir='ltr'><strong>nxx1x.</strong></span> 
     </span>
    </p>
   </div>
   <div class='ocr_carea' id='block_1_3' title="bbox 600 708 2451 884">
    <p class='ocr_par' dir='ltr' id='par_1_3' title="bbox 600 708 2451 884">
     <span class='ocr_line' id='line_1_3' title="bbox 600 708 2451 797; baseline -0.001 -17"><span class='ocrx_word' id='word_1_9' title='bbox 600 713 787 797; x_wconf 23' lang='lat' dir='ltr'><strong>,Quod</strong></span> <span class='ocrx_word' id='word_1_10' title='bbox 809 712 1178 788; x_wconf 72' lang='lat' dir='ltr'><strong>substantia,</strong></span> <span class='ocrx_word' id='word_1_11' title='bbox 1208 728 1314 792; x_wconf 74' lang='lat' dir='ltr'><strong>per</strong></span> <span class='ocrx_word' id='word_1_12' title='bbox 1338 728 1523 793; x_wconf 76' lang='lat' dir='ltr'><strong>quam</strong></span> <span class='ocrx_word' id='word_1_13' title='bbox 1550 710 1717 773; x_wconf 72' lang='lat' dir='ltr'><strong>homo</strong></span> <span class='ocrx_word' id='word_1_14' title='bbox 1745 708 2065 792; x_wconf 70' lang='lat' dir='ltr'><strong>inlelliqit,</strong></span> <span class='ocrx_word' id='word_1_15' title='bbox 2109 717 2198 776; x_wconf 73' lang='lat' dir='ltr'><strong>est</strong></span> <span class='ocrx_word' id='word_1_16' title='bbox 2237 712 2451 795; x_wconf 74' lang='lat' dir='ltr'><strong>infima</strong></span> 
     </span>
     <span class='ocr_line' id='line_1_4' title="bbox 836 799 2208 884; baseline -0.003 -17"><span class='ocrx_word' id='word_1_17' title='bbox 836 803 904 868; x_wconf 79' lang='lat' dir='ltr'><strong>in</strong></span> <span class='ocrx_word' id='word_1_18' title='bbox 928 819 1137 884; x_wconf 69' lang='lat' dir='ltr'><strong>qaum</strong></span> <span class='ocrx_word' id='word_1_19' title='bbox 1160 799 1646 865; x_wconf 72' lang='lat' dir='ltr'><strong>substantiarum</strong></span> <span class='ocrx_word' id='word_1_20' title='bbox 1680 800 2208 865; x_wconf 77' lang='lat' dir='ltr'><strong>intellectualium.</strong></span> 
     </span>
    </p>
   </div>
   <div class='ocr_carea' id='block_1_4' title="bbox 459 932 2549 4032">
    <p class='ocr_par' dir='ltr' id='par_1_4' title="bbox 459 932 2549 4032">
     <span class='ocr_line' id='line_1_5' title="bbox 591 932 2534 1006; baseline 0 -11"><span class='ocrx_word' id='word_1_21' title='bbox 591 937 727 995; x_wconf 92' lang='lat' dir='ltr'><strong>Cum</strong></span> <span class='ocrx_word' id='word_1_22' title='bbox 755 941 944 993; x_wconf 84' lang='lat' dir='ltr'><strong>autem</strong></span> <span class='ocrx_word' id='word_1_23' title='bbox 981 950 1088 991; x_wconf 86' lang='lat' dir='ltr'><strong>non</strong></span> <span class='ocrx_word' id='word_1_24' title='bbox 1117 933 1190 990; x_wconf 88' lang='lat' dir='ltr'><strong>sit</strong></span> <span class='ocrx_word' id='word_1_25' title='bbox 1230 933 1286 989; x_wconf 90' lang='lat' dir='ltr'><strong>in</strong></span> <span class='ocrx_word' id='word_1_26' title='bbox 1324 932 1489 990; x_wconf 87' lang='lat' dir='ltr'><strong>rebus</strong></span> <span class='ocrx_word' id='word_1_27' title='bbox 1526 932 1581 990; x_wconf 91' lang='lat' dir='ltr'><strong>in</strong></span> <span class='ocrx_word' id='word_1_28' title='bbox 1610 932 1881 990; x_wconf 84' lang='lat' dir='ltr'><strong>infinitum</strong></span> <span class='ocrx_word' id='word_1_29' title='bbox 1912 933 2226 1006; x_wconf 87' lang='lat' dir='ltr'><strong>procedere,</strong></span> <span class='ocrx_word' id='word_1_30' title='bbox 2259 935 2404 993; x_wconf 88' lang='lat' dir='ltr'><strong>sicut</strong></span> <span class='ocrx_word' id='word_1_31' title='bbox 2446 942 2534 995; x_wconf 79' lang='lat' dir='ltr'><strong>est</strong></span> 
     </span>
     <span class='ocr_line' id='line_1_6' title="bbox 518 1021 2535 1099; baseline -0.001 -14"><span class='ocrx_word' id='word_1_32' title='bbox 518 1024 768 1085; x_wconf 81' lang='lat' dir='ltr'><strong>invenire</strong></span> <span class='ocrx_word' id='word_1_33' title='bbox 801 1038 1115 1099; x_wconf 79' lang='lat' dir='ltr'>supremam</span> <span class='ocrx_word' id='word_1_34' title='bbox 1145 1024 1200 1080; x_wconf 88' lang='lat' dir='ltr'><strong>in</strong></span> <span class='ocrx_word' id='word_1_35' title='bbox 1237 1022 1521 1095; x_wconf 84' lang='lat' dir='ltr'><strong>praedictis</strong></span> <span class='ocrx_word' id='word_1_36' title='bbox 1546 1021 1889 1087; x_wconf 76' lang='lat' dir='ltr'><strong>substantiis,</strong></span> <span class='ocrx_word' id='word_1_37' title='bbox 1919 1038 2044 1096; x_wconf 81' lang='lat' dir='ltr'><strong>quae</strong></span> <span class='ocrx_word' id='word_1_38' title='bbox 2070 1024 2535 1099; x_wconf 86' lang='lat' dir='ltr'><strong>propinquissime</strong></span> 
     </span>
     <span class='ocr_line' id='line_1_7' title="bbox 519 1112 2536 1186; baseline -0.001 -12"><span class='ocrx_word' id='word_1_39' title='bbox 519 1114 736 1175; x_wconf 84' lang='lat' dir='ltr'><strong>accedit</strong></span> <span class='ocrx_word' id='word_1_40' title='bbox 759 1113 828 1171; x_wconf 87' lang='lat' dir='ltr'><strong>ad</strong></span> <span class='ocrx_word' id='word_1_41' title='bbox 871 1115 1066 1180; x_wconf 88' lang='lat' dir='ltr'><strong>Deum,</strong></span> <span class='ocrx_word' id='word_1_42' title='bbox 1100 1114 1177 1171; x_wconf 87' lang='lat' dir='ltr'><strong>ita</strong></span> <span class='ocrx_word' id='word_1_43' title='bbox 1203 1128 1435 1185; x_wconf 56' lang='lat' dir='ltr'><strong>⁴necesse</strong></span> <span class='ocrx_word' id='word_1_44' title='bbox 1475 1122 1560 1170; x_wconf 88' lang='lat' dir='ltr'><strong>est</strong></span> <span class='ocrx_word' id='word_1_45' title='bbox 1590 1112 1817 1169; x_wconf 87' lang='lat' dir='ltr'><strong>inveniri</strong></span> <span class='ocrx_word' id='word_1_46' title='bbox 1845 1112 2109 1181; x_wconf 84' lang='lat' dir='ltr'><strong>infimam,</strong></span> <span class='ocrx_word' id='word_1_47' title='bbox 2137 1128 2263 1186; x_wconf 81' lang='lat' dir='ltr'><strong>quae</strong></span> <span class='ocrx_word' id='word_1_48' title='bbox 2297 1114 2536 1172; x_wconf 82' lang='lat' dir='ltr'><strong>maxime</strong></span> 
     </span>
     <span class='ocr_line' id='line_1_8' title="bbox 520 1201 2535 1278; baseline -0.001 -14"><span class='ocrx_word' id='word_1_49' title='bbox 520 1206 922 1278; x_wconf 74' lang='lat' dir='ltr'><strong>appropinquat</strong></span> <span class='ocrx_word' id='word_1_50' title='bbox 946 1202 1195 1259; x_wconf 63' lang='lat' dir='ltr'><strong>materiae</strong></span> <span class='ocrx_word' id='word_1_51' title='bbox 1217 1202 1510 1276; x_wconf 83' lang='lat' dir='ltr'><strong>corporali,</strong></span> <span class='ocrx_word' id='word_1_52' title='bbox 1535 1209 1591 1259; x_wconf 90' lang='lat' dir='ltr'><strong>et</strong></span> <span class='ocrx_word' id='word_1_53' title='bbox 1616 1202 1721 1259; x_wconf 85' lang='lat' dir='ltr'><strong>hoc</strong></span> <span class='ocrx_word' id='word_1_54' title='bbox 1749 1201 1970 1275; x_wconf 87' lang='lat' dir='ltr'><strong>quidem</strong></span> <span class='ocrx_word' id='word_1_55' title='bbox 1998 1202 2182 1261; x_wconf 86' lang='lat' dir='ltr'><strong>taliter</strong></span> <span class='ocrx_word' id='word_1_56' title='bbox 2203 1210 2383 1275; x_wconf 90' lang='lat' dir='ltr'><strong>potest</strong></span> <span class='ocrx_word' id='word_1_57' title='bbox 2410 1220 2535 1262; x_wconf 87' lang='lat' dir='ltr'><strong>esse</strong></span> 
     </span>
     <span class='ocr_line' id='line_1_9' title="bbox 521 1288 2531 1365; baseline -0.001 -14"><span class='ocrx_word' id='word_1_58' title='bbox 521 1294 892 1351; x_wconf 84' lang='lat' dir='ltr'><strong>manifestum.</strong></span> <span class='ocrx_word' id='word_1_59' title='bbox 917 1288 1228 1364; x_wconf 66' lang='lat' dir='ltr'><strong>Intelligere</strong></span> <span class='ocrx_word' id='word_1_60' title='bbox 1247 1292 1392 1349; x_wconf 87' lang='lat' dir='ltr'><strong>enim</strong></span> <span class='ocrx_word' id='word_1_61' title='bbox 1415 1291 1617 1347; x_wconf 88' lang='lat' dir='ltr'><strong>homini</strong></span> <span class='ocrx_word' id='word_1_62' title='bbox 1642 1306 1810 1365; x_wconf 90' lang='lat' dir='ltr'><strong>supra</strong></span> <span class='ocrx_word' id='word_1_63' title='bbox 1830 1290 1939 1348; x_wconf 85' lang='lat' dir='ltr'><strong>alia</strong></span> <span class='ocrx_word' id='word_1_64' title='bbox 1968 1291 2227 1360; x_wconf 68' lang='lat' dir='ltr'><strong>animalia</strong></span> <span class='ocrx_word' id='word_1_65' title='bbox 2251 1293 2531 1351; x_wconf 85' lang='lat' dir='ltr'><strong>convenit.</strong></span> 
     </span>
     <span class='ocr_line' id='line_1_10' title="bbox 520 1380 2536 1459; baseline -0 -20"><span class='ocrx_word' id='word_1_66' title='bbox 520 1382 868 1439; x_wconf 77' lang='lat' dir='ltr'><strong>Manifestum</strong></span> <span class='ocrx_word' id='word_1_67' title='bbox 891 1389 974 1437; x_wconf 91' lang='lat' dir='ltr'><strong>est</strong></span> <span class='ocrx_word' id='word_1_68' title='bbox 1002 1382 1147 1437; x_wconf 87' lang='lat' dir='ltr'><strong>enim</strong></span> <span class='ocrx_word' id='word_1_69' title='bbox 1177 1380 1322 1455; x_wconf 88' lang='lat' dir='ltr'><strong>quod</strong></span> <span class='ocrx_word' id='word_1_70' title='bbox 1364 1380 1527 1437; x_wconf 90' lang='lat' dir='ltr'><strong>homo</strong></span> <span class='ocrx_word' id='word_1_71' title='bbox 1564 1380 1712 1436; x_wconf 87' lang='lat' dir='ltr'><strong>solus</strong></span> <span class='ocrx_word' id='word_1_72' title='bbox 1742 1380 2075 1438; x_wconf 79' lang='lat' dir='ltr'><strong>universalia</strong></span> <span class='ocrx_word' id='word_1_73' title='bbox 2108 1380 2443 1459; x_wconf 73' lang='lat' dir='ltr'><strong>considerat,</strong></span> <span class='ocrx_word' id='word_1_74' title='bbox 2475 1389 2536 1438; x_wconf 91' lang='lat' dir='ltr'><strong>et</strong></span> 
     </span>
     <span class='ocr_line' id='line_1_11' title="bbox 519 1468 2536 1543; baseline 0 -15"><span class='ocrx_word' id='word_1_75' title='bbox 519 1470 869 1531; x_wconf 84' lang='lat' dir='ltr'><strong>habitudines</strong></span> <span class='ocrx_word' id='word_1_76' title='bbox 905 1485 1108 1539; x_wconf 90' lang='lat' dir='ltr'><strong>rerum,</strong></span> <span class='ocrx_word' id='word_1_77' title='bbox 1149 1478 1205 1527; x_wconf 88' lang='lat' dir='ltr'><strong>et</strong></span> <span class='ocrx_word' id='word_1_78' title='bbox 1243 1486 1330 1527; x_wconf 86' lang='lat' dir='ltr'><strong>res</strong></span> <span class='ocrx_word' id='word_1_79' title='bbox 1363 1468 1773 1537; x_wconf 80' lang='lat' dir='ltr'><strong>immaterialeS,</strong></span> <span class='ocrx_word' id='word_1_80' title='bbox 1805 1484 1931 1543; x_wconf 77' lang='lat' dir='ltr'><strong>quae</strong></span> <span class='ocrx_word' id='word_1_81' title='bbox 1964 1468 2141 1527; x_wconf 89' lang='lat' dir='ltr'><strong>solum</strong></span> <span class='ocrx_word' id='word_1_82' title='bbox 2179 1470 2536 1543; x_wconf 87' lang='lat' dir='ltr'><strong>intelligendo</strong></span> 
     </span>
     <span class='ocr_line' id='line_1_12' title="bbox 521 1556 2538 1635; baseline -0.001 -18"><span class='ocrx_word' id='word_1_83' title='bbox 521 1559 919 1635; x_wconf 79' lang='lat' dir='ltr'><strong>percipiuntur.</strong></span> <span class='ocrx_word' id='word_1_84' title='bbox 967 1556 1306 1633; x_wconf 83' lang='lat' dir='ltr'><strong>Impossibile</strong></span> <span class='ocrx_word' id='word_1_85' title='bbox 1352 1564 1439 1615; x_wconf 90' lang='lat' dir='ltr'><strong>est</strong></span> <span class='ocrx_word' id='word_1_86' title='bbox 1480 1566 1685 1627; x_wconf 90' lang='lat' dir='ltr'><strong>autem,</strong></span> <span class='ocrx_word' id='word_1_87' title='bbox 1727 1559 1874 1632; x_wconf 88' lang='lat' dir='ltr'><strong>qnod</strong></span> <span class='ocrx_word' id='word_1_88' title='bbox 1916 1559 2224 1631; x_wconf 88' lang='lat' dir='ltr'><strong>intelligere</strong></span> <span class='ocrx_word' id='word_1_89' title='bbox 2256 1560 2332 1616; x_wconf 88' lang='lat' dir='ltr'><strong>sit</strong></span> <span class='ocrx_word' id='word_1_90' title='bbox 2376 1566 2538 1617; x_wconf 88' lang='lat' dir='ltr'><strong>actus</strong></span> 
     </span>
     <span class='ocr_line' id='line_1_13' title="bbox 520 1636 2532 1722; baseline -0 -15"><span class='ocrx_word' id='word_1_91' title='bbox 520 1649 796 1707; x_wconf 82' lang='lat' dir='ltr'><strong>exercitus</strong></span> <span class='ocrx_word' id='word_1_92' title='bbox 817 1663 915 1721; x_wconf 89' lang='lat' dir='ltr'><strong>per</strong></span> <span class='ocrx_word' id='word_1_93' title='bbox 927 1664 1192 1721; x_wconf 88' lang='lat' dir='ltr'><strong>organum</strong></span> <span class='ocrx_word' id='word_1_94' title='bbox 1211 1648 1516 1721; x_wconf 89' lang='lat' dir='ltr'><strong>corporale,</strong></span> <span class='ocrx_word' id='word_1_95' title='bbox 1532 1648 1680 1705; x_wconf 88' lang='lat' dir='ltr'><strong>sicut</strong></span> <span class='ocrx_word' id='word_1_96' title='bbox 1700 1648 1841 1706; x_wconf 86' lang='lat' dir='ltr'><strong>visio</strong></span> <span class='ocrx_word' id='word_1_97' title='bbox 1861 1636 2149 1705; x_wconf 83' lang='lat' dir='ltr'><strong>exercetur</strong></span> <span class='ocrx_word' id='word_1_98' title='bbox 2172 1665 2268 1722; x_wconf 89' lang='lat' dir='ltr'><strong>per</strong></span> <span class='ocrx_word' id='word_1_99' title='bbox 2290 1647 2532 1706; x_wconf 82' lang='lat' dir='ltr'><strong>oculum.</strong></span> 
     </span>
     <span class='ocr_line' id='line_1_14' title="bbox 519 1728 2537 1811; baseline -0.001 -14"><span class='ocrx_word' id='word_1_100' title='bbox 519 1728 756 1797; x_wconf 79' lang='lat' dir='ltr'><strong>Necesse</strong></span> <span class='ocrx_word' id='word_1_101' title='bbox 785 1738 1041 1797; x_wconf 83' lang='lat' dir='ltr'><strong>estenim</strong></span> <span class='ocrx_word' id='word_1_102' title='bbox 1068 1736 1216 1811; x_wconf 87' lang='lat' dir='ltr'><strong>quod</strong></span> <span class='ocrx_word' id='word_1_103' title='bbox 1243 1752 1404 1793; x_wconf 87' lang='lat' dir='ltr'><strong>omne</strong></span> <span class='ocrx_word' id='word_1_104' title='bbox 1442 1736 1864 1794; x_wconf 79' lang='lat' dir='ltr'><strong>instrumentum</strong></span> <span class='ocrx_word' id='word_1_105' title='bbox 1891 1736 2113 1795; x_wconf 85' lang='lat' dir='ltr'><strong>virtutis</strong></span> <span class='ocrx_word' id='word_1_106' title='bbox 2142 1738 2537 1810; x_wconf 79' lang='lat' dir='ltr'><strong>cognoscitivae</strong></span> 
     </span>
     <span class='ocr_line' id='line_1_15' title="bbox 519 1824 2540 1899; baseline -0 -15"><span class='ocrx_word' id='word_1_107' title='bbox 519 1832 708 1884; x_wconf 87' lang='lat' dir='ltr'><strong>careat</strong></span> <span class='ocrx_word' id='word_1_108' title='bbox 733 1825 826 1884; x_wconf 91' lang='lat' dir='ltr'><strong>illo</strong></span> <span class='ocrx_word' id='word_1_109' title='bbox 858 1842 1058 1899; x_wconf 84' lang='lat' dir='ltr'><strong>genere</strong></span> <span class='ocrx_word' id='word_1_110' title='bbox 1094 1841 1298 1895; x_wconf 89' lang='lat' dir='ltr'><strong>rerum,</strong></span> <span class='ocrx_word' id='word_1_111' title='bbox 1324 1824 1473 1899; x_wconf 89' lang='lat' dir='ltr'><strong>quod</strong></span> <span class='ocrx_word' id='word_1_112' title='bbox 1505 1840 1603 1897; x_wconf 88' lang='lat' dir='ltr'><strong>per</strong></span> <span class='ocrx_word' id='word_1_113' title='bbox 1628 1825 1807 1899; x_wconf 86' lang='lat' dir='ltr'><strong>ipsum</strong></span> <span class='ocrx_word' id='word_1_114' title='bbox 1845 1826 2215 1899; x_wconf 86' lang='lat' dir='ltr'><strong>cognoscitur,</strong></span> <span class='ocrx_word' id='word_1_115' title='bbox 2248 1826 2390 1883; x_wconf 90' lang='lat' dir='ltr'><strong>sicut</strong></span> <span class='ocrx_word' id='word_1_116' title='bbox 2428 1844 2540 1899; x_wconf 85' lang='lat' dir='ltr'><strong>pu-</strong></span> 
     </span>
     <span class='ocr_line' id='line_1_16' title="bbox 521 1904 2539 1988; baseline 0 -17"><span class='ocrx_word' id='word_1_117' title='bbox 521 1914 652 1988; x_wconf 85' lang='lat' dir='ltr'><strong>pilla</strong></span> <span class='ocrx_word' id='word_1_118' title='bbox 686 1921 838 1973; x_wconf 84' lang='lat' dir='ltr'><strong>caret</strong></span> <span class='ocrx_word' id='word_1_119' title='bbox 863 1910 1140 1972; x_wconf 88' lang='lat' dir='ltr'><strong>coloribus</strong></span> <span class='ocrx_word' id='word_1_120' title='bbox 1174 1930 1244 1971; x_wconf 85' lang='lat' dir='ltr'><strong>ex</strong></span> <span class='ocrx_word' id='word_1_121' title='bbox 1277 1929 1376 1975; x_wconf 87' lang='lat' dir='ltr'><strong>sua</strong></span> <span class='ocrx_word' id='word_1_122' title='bbox 1404 1904 1623 1971; x_wconf 80' lang='lat' dir='ltr'><strong>natura.</strong></span> <span class='ocrx_word' id='word_1_123' title='bbox 1649 1914 1741 1972; x_wconf 88' lang='lat' dir='ltr'><strong>Sic</strong></span> <span class='ocrx_word' id='word_1_124' title='bbox 1768 1914 1913 1970; x_wconf 89' lang='lat' dir='ltr'><strong>enim</strong></span> <span class='ocrx_word' id='word_1_125' title='bbox 1948 1922 2358 1987; x_wconf 86' lang='lat' dir='ltr'><strong>cognoscuntur</strong></span> <span class='ocrx_word' id='word_1_126' title='bbox 2384 1914 2539 1971; x_wconf 88' lang='lat' dir='ltr'><strong>colo-</strong></span> 
     </span>
     <span class='ocr_line' id='line_1_17' title="bbox 459 2002 2540 2081; baseline 0.001 -22"><span class='ocrx_word' id='word_1_127' title='bbox 459 2077 462 2081; x_wconf 20' lang='lat'><strong>,</strong></span> <span class='ocrx_word' id='word_1_128' title='bbox 521 2019 628 2072; x_wconf 84' lang='lat' dir='ltr'><strong>res,</strong></span> <span class='ocrx_word' id='word_1_129' title='bbox 659 2005 712 2061; x_wconf 89' lang='lat' dir='ltr'><strong>in</strong></span> <span class='ocrx_word' id='word_1_130' title='bbox 737 2014 1000 2077; x_wconf 90' lang='lat' dir='ltr'><strong>quantum</strong></span> <span class='ocrx_word' id='word_1_131' title='bbox 1029 2004 1274 2061; x_wconf 92' lang='lat' dir='ltr'><strong>colorum</strong></span> <span class='ocrx_word' id='word_1_132' title='bbox 1301 2002 1513 2075; x_wconf 88' lang='lat' dir='ltr'><strong>species</strong></span> <span class='ocrx_word' id='word_1_133' title='bbox 1538 2004 1877 2076; x_wconf 87' lang='lat' dir='ltr'><strong>recipiuntur</strong></span> <span class='ocrx_word' id='word_1_134' title='bbox 1900 2003 1957 2059; x_wconf 89' lang='lat' dir='ltr'><strong>in</strong></span> <span class='ocrx_word' id='word_1_135' title='bbox 1984 2003 2189 2076; x_wconf 87' lang='lat' dir='ltr'><strong>pupilla</strong></span> <span class='ocrx_word' id='word_1_136' title='bbox 2221 2021 2236 2059; x_wconf 77' lang='grc' dir='ltr'><strong>ε</strong></span> <span class='ocrx_word' id='word_1_137' title='bbox 2264 2004 2540 2077; x_wconf 87' lang='lat' dir='ltr'><strong>recipiens</strong></span> 
     </span>
     <span class='ocr_line' id='line_1_18' title="bbox 523 2089 2541 2167; baseline 0 -16"><span class='ocrx_word' id='word_1_138' title='bbox 523 2100 708 2151; x_wconf 88' lang='lat' dir='ltr'><strong>autem</strong></span> <span class='ocrx_word' id='word_1_139' title='bbox 738 2101 953 2167; x_wconf 83' lang='lat' dir='ltr'><strong>oportet</strong></span> <span class='ocrx_word' id='word_1_140' title='bbox 989 2109 1110 2151; x_wconf 89' lang='lat' dir='ltr'><strong>esse</strong></span> <span class='ocrx_word' id='word_1_141' title='bbox 1141 2091 1479 2149; x_wconf 90' lang='lat' dir='ltr'><strong>denudatum</strong></span> <span class='ocrx_word' id='word_1_142' title='bbox 1516 2089 1589 2148; x_wconf 89' lang='lat' dir='ltr'><strong>ab</strong></span> <span class='ocrx_word' id='word_1_143' title='bbox 1618 2107 1683 2148; x_wconf 91' lang='lat' dir='ltr'><strong>eo</strong></span> <span class='ocrx_word' id='word_1_144' title='bbox 1720 2091 1868 2165; x_wconf 88' lang='lat' dir='ltr'><strong>quod</strong></span> <span class='ocrx_word' id='word_1_145' title='bbox 1905 2093 2186 2165; x_wconf 82' lang='lat' dir='ltr'><strong>recipitur.</strong></span> <span class='ocrx_word' id='word_1_146' title='bbox 2214 2093 2541 2151; x_wconf 76' lang='lat' dir='ltr'><strong>Intellectus</strong></span> 
     </span>
     <span class='ocr_line' id='line_1_19' title="bbox 524 2180 2543 2255; baseline 0 -16"><span class='ocrx_word' id='word_1_147' title='bbox 524 2192 710 2239; x_wconf 88' lang='lat' dir='ltr'><strong>autem</strong></span> <span class='ocrx_word' id='word_1_148' title='bbox 739 2182 1144 2253; x_wconf 84' lang='lat' dir='ltr'><strong>cognoscitivus</strong></span> <span class='ocrx_word' id='word_1_149' title='bbox 1169 2186 1254 2237; x_wconf 90' lang='lat' dir='ltr'><strong>est</strong></span> <span class='ocrx_word' id='word_1_150' title='bbox 1277 2180 1519 2236; x_wconf 90' lang='lat' dir='ltr'><strong>omnium</strong></span> <span class='ocrx_word' id='word_1_151' title='bbox 1544 2186 1863 2239; x_wconf 86' lang='lat' dir='ltr'><strong>naturarum</strong></span> <span class='ocrx_word' id='word_1_152' title='bbox 1892 2180 2251 2253; x_wconf 83' lang='lat' dir='ltr'><strong>sensibilium.</strong></span> <span class='ocrx_word' id='word_1_153' title='bbox 2282 2181 2340 2240; x_wconf 89' lang='lat' dir='ltr'><strong>Si</strong></span> <span class='ocrx_word' id='word_1_154' title='bbox 2368 2181 2543 2255; x_wconf 88' lang='lat' dir='ltr'><strong>igitur</strong></span> 
     </span>
     <span class='ocr_line' id='line_1_20' title="bbox 522 2268 2541 2344; baseline 0 -17"><span class='ocrx_word' id='word_1_155' title='bbox 522 2276 878 2341; x_wconf 87' lang='lat' dir='ltr'><strong>cognosceret</strong></span> <span class='ocrx_word' id='word_1_156' title='bbox 902 2286 998 2342; x_wconf 88' lang='lat' dir='ltr'><strong>per</strong></span> <span class='ocrx_word' id='word_1_157' title='bbox 1025 2283 1289 2341; x_wconf 86' lang='lat' dir='ltr'><strong>organum</strong></span> <span class='ocrx_word' id='word_1_158' title='bbox 1316 2268 1618 2342; x_wconf 89' lang='lat' dir='ltr'><strong>corporale,</strong></span> <span class='ocrx_word' id='word_1_159' title='bbox 1645 2277 1920 2344; x_wconf 88' lang='lat' dir='ltr'><strong>oporteret</strong></span> <span class='ocrx_word' id='word_1_160' title='bbox 1959 2270 2095 2327; x_wconf 88' lang='lat' dir='ltr'><strong>illud</strong></span> <span class='ocrx_word' id='word_1_161' title='bbox 2126 2285 2390 2343; x_wconf 86' lang='lat' dir='ltr'><strong>organum</strong></span> <span class='ocrx_word' id='word_1_162' title='bbox 2417 2287 2541 2329; x_wconf 88' lang='lat' dir='ltr'><strong>esse</strong></span> 
     </span>
     <span class='ocr_line' id='line_1_21' title="bbox 525 2356 2537 2433; baseline 0.001 -19"><span class='ocrx_word' id='word_1_163' title='bbox 525 2358 862 2415; x_wconf 72' lang='lat' dir='ltr'><strong>denudatum</strong></span> <span class='ocrx_word' id='word_1_164' title='bbox 889 2357 959 2415; x_wconf 91' lang='lat' dir='ltr'><strong>ab</strong></span> <span class='ocrx_word' id='word_1_165' title='bbox 994 2358 1139 2414; x_wconf 89' lang='lat' dir='ltr'><strong>omni</strong></span> <span class='ocrx_word' id='word_1_166' title='bbox 1169 2364 1365 2414; x_wconf 86' lang='lat' dir='ltr'><strong>natura</strong></span> <span class='ocrx_word' id='word_1_167' title='bbox 1401 2356 1665 2425; x_wconf 86' lang='lat' dir='ltr'><strong>sensibili,</strong></span> <span class='ocrx_word' id='word_1_168' title='bbox 1692 2358 1841 2432; x_wconf 90' lang='lat' dir='ltr'><strong>quod</strong></span> <span class='ocrx_word' id='word_1_169' title='bbox 1866 2364 1951 2415; x_wconf 88' lang='lat' dir='ltr'><strong>est</strong></span> <span class='ocrx_word' id='word_1_170' title='bbox 1985 2358 2343 2433; x_wconf 86' lang='lat' dir='ltr'><strong>impossibile.</strong></span> <span class='ocrx_word' id='word_1_171' title='bbox 2374 2361 2537 2432; x_wconf 84' lang='lat' dir='ltr'><strong>Item,</strong></span> 
     </span>
     <span class='ocr_line' id='line_1_22' title="bbox 525 2446 2541 2525; baseline 0.001 -22"><span class='ocrx_word' id='word_1_172' title='bbox 525 2446 700 2503; x_wconf 78' lang='lat' dir='ltr'><strong>omnis</strong></span> <span class='ocrx_word' id='word_1_173' title='bbox 729 2448 872 2505; x_wconf 89' lang='lat' dir='ltr'><strong>ratio</strong></span> <span class='ocrx_word' id='word_1_174' title='bbox 911 2446 1282 2519; x_wconf 87' lang='lat' dir='ltr'><strong>cognoscitiva</strong></span> <span class='ocrx_word' id='word_1_175' title='bbox 1320 2462 1386 2503; x_wconf 90' lang='lat' dir='ltr'><strong>eo</strong></span> <span class='ocrx_word' id='word_1_176' title='bbox 1417 2447 1591 2503; x_wconf 76' lang='lat' dir='ltr'><strong>modo·</strong></span> <span class='ocrx_word' id='word_1_177' title='bbox 1611 2448 1913 2519; x_wconf 84' lang='lat' dir='ltr'><strong>cognoscit,</strong></span> <span class='ocrx_word' id='word_1_178' title='bbox 1946 2464 2055 2520; x_wconf 90' lang='lat' dir='ltr'><strong>quo</strong></span> <span class='ocrx_word' id='word_1_179' title='bbox 2087 2450 2301 2523; x_wconf 88' lang='lat' dir='ltr'><strong>species</strong></span> <span class='ocrx_word' id='word_1_180' title='bbox 2328 2450 2541 2525; x_wconf 86' lang='lat' dir='ltr'><strong>cogniti</strong></span> 
     </span>
     <span class='ocr_line' id='line_1_23' title="bbox 525 2533 2542 2609; baseline 0.001 -18"><span class='ocrx_word' id='word_1_181' title='bbox 525 2543 610 2591; x_wconf 91' lang='lat' dir='ltr'><strong>est</strong></span> <span class='ocrx_word' id='word_1_182' title='bbox 631 2534 775 2607; x_wconf 89' lang='lat' dir='ltr'><strong>apud</strong></span> <span class='ocrx_word' id='word_1_183' title='bbox 805 2533 1000 2607; x_wconf 81' lang='lat' dir='ltr'><strong>ipsam,</strong></span> <span class='ocrx_word' id='word_1_184' title='bbox 1030 2549 1157 2590; x_wconf 88' lang='lat' dir='ltr'><strong>nam</strong></span> <span class='ocrx_word' id='word_1_185' title='bbox 1176 2533 1295 2591; x_wconf 85' lang='lat' dir='ltr'><strong>baec</strong></span> <span class='ocrx_word' id='word_1_186' title='bbox 1323 2533 1427 2591; x_wconf 89' lang='lat' dir='ltr'><strong>sibi</strong></span> <span class='ocrx_word' id='word_1_187' title='bbox 1455 2534 1780 2609; x_wconf 84' lang='lat' dir='ltr'><strong>principium</strong></span> <span class='ocrx_word' id='word_1_188' title='bbox 1806 2536 2192 2607; x_wconf 87' lang='lat' dir='ltr'><strong>cognoscendi.</strong></span> <span class='ocrx_word' id='word_1_189' title='bbox 2223 2535 2542 2595; x_wconf 81' lang='lat' dir='ltr'><strong>Intellectus</strong></span> 
     </span>
     <span class='ocr_line' id='line_1_24' title="bbox 523 2622 2541 2698; baseline 0.001 -17"><span class='ocrx_word' id='word_1_190' title='bbox 523 2631 709 2681; x_wconf 87' lang='lat' dir='ltr'><strong>autem</strong></span> <span class='ocrx_word' id='word_1_191' title='bbox 733 2624 1015 2695; x_wconf 85' lang='lat' dir='ltr'><strong>cognoscit</strong></span> <span class='ocrx_word' id='word_1_192' title='bbox 1043 2638 1132 2680; x_wconf 88' lang='lat' dir='ltr'><strong>res</strong></span> <span class='ocrx_word' id='word_1_193' title='bbox 1160 2622 1616 2692; x_wconf 84' lang='lat' dir='ltr'><strong>immaterialiter,</strong></span> <span class='ocrx_word' id='word_1_194' title='bbox 1646 2624 1817 2682; x_wconf 86' lang='lat' dir='ltr'><strong>etiam</strong></span> <span class='ocrx_word' id='word_1_195' title='bbox 1843 2640 1937 2681; x_wconf 88' lang='lat' dir='ltr'><strong>eas</strong></span> <span class='ocrx_word' id='word_1_196' title='bbox 1966 2638 2091 2698; x_wconf 85' lang='lat' dir='ltr'><strong>quae</strong></span> <span class='ocrx_word' id='word_1_197' title='bbox 2118 2625 2175 2681; x_wconf 91' lang='lat' dir='ltr'><strong>in</strong></span> <span class='ocrx_word' id='word_1_198' title='bbox 2212 2640 2313 2683; x_wconf 90' lang='lat' dir='ltr'><strong>sua</strong></span> <span class='ocrx_word' id='word_1_199' title='bbox 2340 2632 2541 2683; x_wconf 81' lang='lat' dir='ltr'><strong>natura</strong></span> 
     </span>
     <span class='ocr_line' id='line_1_25' title="bbox 524 2710 2542 2784; baseline 0.002 -17"><span class='ocrx_word' id='word_1_200' title='bbox 524 2720 652 2784; x_wconf 85' lang='lat' dir='ltr'><strong>sunt</strong></span> <span class='ocrx_word' id='word_1_201' title='bbox 676 2710 1009 2779; x_wconf 86' lang='lat' dir='ltr'><strong>materiales,</strong></span> <span class='ocrx_word' id='word_1_202' title='bbox 1042 2710 1411 2779; x_wconf 84' lang='lat' dir='ltr'><strong>abstrahendo</strong></span> <span class='ocrx_word' id='word_1_203' title='bbox 1450 2712 1680 2769; x_wconf 79' lang='lat' dir='ltr'><strong>formam</strong></span> <span class='ocrx_word' id='word_1_204' title='bbox 1709 2711 2073 2770; x_wconf 83' lang='lat' dir='ltr'><strong>universalem</strong></span> <span class='ocrx_word' id='word_1_205' title='bbox 2100 2729 2130 2770; x_wconf 91' lang='lat' dir='ltr'><strong>e</strong></span> <span class='ocrx_word' id='word_1_206' title='bbox 2159 2713 2542 2771; x_wconf 88' lang='lat' dir='ltr'><strong>materialibus</strong></span> 
     </span>
     <span class='ocr_line' id='line_1_26' title="bbox 525 2799 2541 2877; baseline 0 -19"><span class='ocrx_word' id='word_1_207' title='bbox 525 2800 931 2858; x_wconf 87' lang='lat' dir='ltr'><strong>conditionibus</strong></span> <span class='ocrx_word' id='word_1_208' title='bbox 955 2799 1445 2871; x_wconf 79' lang='lat' dir='ltr'><strong>individuantibuS,</strong></span> <span class='ocrx_word' id='word_1_209' title='bbox 1482 2800 1819 2875; x_wconf 89' lang='lat' dir='ltr'><strong>impossibile</strong></span> <span class='ocrx_word' id='word_1_210' title='bbox 1854 2809 1939 2859; x_wconf 89' lang='lat' dir='ltr'><strong>est</strong></span> <span class='ocrx_word' id='word_1_211' title='bbox 1963 2816 2114 2874; x_wconf 87' lang='lat' dir='ltr'><strong>ergo,</strong></span> <span class='ocrx_word' id='word_1_212' title='bbox 2147 2802 2294 2877; x_wconf 90' lang='lat' dir='ltr'><strong>quod</strong></span> <span class='ocrx_word' id='word_1_213' title='bbox 2325 2801 2541 2876; x_wconf 85' lang='lat' dir='ltr'><strong>species</strong></span> 
     </span>
     <span class='ocr_line' id='line_1_27' title="bbox 527 2889 2541 2965; baseline 0.002 -19"><span class='ocrx_word' id='word_1_214' title='bbox 527 2890 606 2947; x_wconf 93' lang='lat' dir='ltr'><strong>rei</strong></span> <span class='ocrx_word' id='word_1_215' title='bbox 635 2890 872 2963; x_wconf 77' lang='lat' dir='ltr'><strong>cognitae</strong></span> <span class='ocrx_word' id='word_1_216' title='bbox 913 2890 986 2947; x_wconf 88' lang='lat' dir='ltr'><strong>sit</strong></span> <span class='ocrx_word' id='word_1_217' title='bbox 1023 2891 1079 2947; x_wconf 90' lang='lat' dir='ltr'><strong>in</strong></span> <span class='ocrx_word' id='word_1_218' title='bbox 1118 2889 1401 2947; x_wconf 89' lang='lat' dir='ltr'><strong>intellectu</strong></span> <span class='ocrx_word' id='word_1_219' title='bbox 1446 2890 1827 2958; x_wconf 85' lang='lat' dir='ltr'><strong>materialiter,</strong></span> <span class='ocrx_word' id='word_1_220' title='bbox 1863 2905 1994 2963; x_wconf 85' lang='lat' dir='ltr'><strong>ergo</strong></span> <span class='ocrx_word' id='word_1_221' title='bbox 2036 2906 2142 2947; x_wconf 89' lang='lat' dir='ltr'><strong>non</strong></span> <span class='ocrx_word' id='word_1_222' title='bbox 2186 2891 2453 2965; x_wconf 88' lang='lat' dir='ltr'><strong>recipitur</strong></span> <span class='ocrx_word' id='word_1_223' title='bbox 2480 2892 2541 2950; x_wconf 86' lang='lat' dir='ltr'><strong>in</strong></span> 
     </span>
     <span class='ocr_line' id='line_1_28' title="bbox 475 2967 2539 3053; baseline 0.001 -19"><span class='ocrx_word' id='word_1_224' title='bbox 475 3000 486 3010; x_wconf 91' lang='lat'><strong>·</strong></span> <span class='ocrx_word' id='word_1_225' title='bbox 523 2994 731 3051; x_wconf 85' lang='lat' dir='ltr'><strong>organo</strong></span> <span class='ocrx_word' id='word_1_226' title='bbox 765 2978 1070 3053; x_wconf 85' lang='lat' dir='ltr'><strong>corporali,</strong></span> <span class='ocrx_word' id='word_1_227' title='bbox 1114 2995 1239 3036; x_wconf 90' lang='lat' dir='ltr'><strong>nam</strong></span> <span class='ocrx_word' id='word_1_228' title='bbox 1281 2994 1443 3035; x_wconf 90' lang='lat' dir='ltr'><strong>omne</strong></span> <span class='ocrx_word' id='word_1_229' title='bbox 1485 2995 1751 3051; x_wconf 90' lang='lat' dir='ltr'><strong>organum</strong></span> <span class='ocrx_word' id='word_1_230' title='bbox 1779 2979 2063 3053; x_wconf 88' lang='lat' dir='ltr'><strong>corporale</strong></span> <span class='ocrx_word' id='word_1_231' title='bbox 2104 2985 2188 3036; x_wconf 87' lang='lat' dir='ltr'><strong>est</strong></span> <span class='ocrx_word' id='word_1_232' title='bbox 2224 2967 2539 3038; x_wconf 84' lang='lat' dir='ltr'><strong>materiale.</strong></span> 
     </span>
     <span class='ocr_line' id='line_1_29' title="bbox 523 3066 2542 3142; baseline 0.001 -20"><span class='ocrx_word' id='word_1_233' title='bbox 523 3066 675 3122; x_wconf 85' lang='lat' dir='ltr'><strong>Idem</strong></span> <span class='ocrx_word' id='word_1_234' title='bbox 699 3071 865 3124; x_wconf 83' lang='lat' dir='ltr'><strong>etiam</strong></span> <span class='ocrx_word' id='word_1_235' title='bbox 894 3074 1123 3140; x_wconf 89' lang='lat' dir='ltr'><strong>apparet</strong></span> <span class='ocrx_word' id='word_1_236' title='bbox 1148 3081 1216 3121; x_wconf 83' lang='lat' dir='ltr'><strong>ex</strong></span> <span class='ocrx_word' id='word_1_237' title='bbox 1241 3066 1361 3134; x_wconf 89' lang='lat' dir='ltr'><strong>boc,</strong></span> <span class='ocrx_word' id='word_1_238' title='bbox 1393 3066 1542 3139; x_wconf 88' lang='lat' dir='ltr'><strong>quod</strong></span> <span class='ocrx_word' id='word_1_239' title='bbox 1567 3081 1759 3122; x_wconf 89' lang='lat' dir='ltr'><strong>sensus</strong></span> <span class='ocrx_word' id='word_1_240' title='bbox 1790 3066 2113 3123; x_wconf 90' lang='lat' dir='ltr'><strong>debilitatur</strong></span> <span class='ocrx_word' id='word_1_241' title='bbox 2135 3073 2193 3124; x_wconf 89' lang='lat' dir='ltr'><strong>et</strong></span> <span class='ocrx_word' id='word_1_242' title='bbox 2228 3068 2542 3142; x_wconf 76' lang='lat' dir='ltr'><strong>corrumpi-</strong></span> 
     </span>
     <span class='ocr_line' id='line_1_30' title="bbox 527 3153 2542 3229; baseline 0.002 -19"><span class='ocrx_word' id='word_1_243' title='bbox 527 3163 617 3211; x_wconf 88' lang='lat' dir='ltr'><strong>tur</strong></span> <span class='ocrx_word' id='word_1_244' title='bbox 642 3154 714 3211; x_wconf 91' lang='lat' dir='ltr'><strong>ab</strong></span> <span class='ocrx_word' id='word_1_245' title='bbox 738 3154 1129 3211; x_wconf 88' lang='lat' dir='ltr'><strong>excellentibus</strong></span> <span class='ocrx_word' id='word_1_246' title='bbox 1155 3153 1525 3223; x_wconf 87' lang='lat' dir='ltr'><strong>sensibilibus,</strong></span> <span class='ocrx_word' id='word_1_247' title='bbox 1554 3155 1699 3212; x_wconf 89' lang='lat' dir='ltr'><strong>sicut</strong></span> <span class='ocrx_word' id='word_1_248' title='bbox 1737 3155 1960 3213; x_wconf 87' lang='lat' dir='ltr'><strong>auditus</strong></span> <span class='ocrx_word' id='word_1_249' title='bbox 1988 3173 2019 3214; x_wconf 89' lang='lat' dir='ltr'><strong>a</strong></span> <span class='ocrx_word' id='word_1_250' title='bbox 2046 3156 2259 3229; x_wconf 89' lang='lat' dir='ltr'><strong>magnis</strong></span> <span class='ocrx_word' id='word_1_251' title='bbox 2283 3159 2453 3222; x_wconf 88' lang='lat' dir='ltr'><strong>sonis,</strong></span> <span class='ocrx_word' id='word_1_252' title='bbox 2482 3165 2542 3214; x_wconf 88' lang='lat' dir='ltr'><strong>et</strong></span> 
     </span>
     <span class='ocr_line' id='line_1_31' title="bbox 526 3240 2543 3320; baseline 0.001 -20"><span class='ocrx_word' id='word_1_253' title='bbox 526 3242 678 3301; x_wconf 86' lang='lat' dir='ltr'><strong>visus</strong></span> <span class='ocrx_word' id='word_1_254' title='bbox 717 3258 750 3299; x_wconf 91' lang='lat' dir='ltr'><strong>a</strong></span> <span class='ocrx_word' id='word_1_255' title='bbox 787 3242 951 3299; x_wconf 90' lang='lat' dir='ltr'><strong>rebus</strong></span> <span class='ocrx_word' id='word_1_256' title='bbox 988 3242 1148 3300; x_wconf 86' lang='lat' dir='ltr'><strong>valde</strong></span> <span class='ocrx_word' id='word_1_257' title='bbox 1185 3241 1424 3314; x_wconf 78' lang='lat' dir='ltr'><strong>fulgidis,</strong></span> <span class='ocrx_word' id='word_1_258' title='bbox 1466 3240 1876 3316; x_wconf 76' lang='lat' dir='ltr'><strong>quod&#39;accidit,</strong></span> <span class='ocrx_word' id='word_1_259' title='bbox 1911 3246 2043 3319; x_wconf 86' lang='lat' dir='ltr'><strong>quia</strong></span> <span class='ocrx_word' id='word_1_260' title='bbox 2079 3245 2313 3303; x_wconf 87' lang='lat' dir='ltr'><strong>solvitur</strong></span> <span class='ocrx_word' id='word_1_261' title='bbox 2344 3246 2543 3320; x_wconf 87' lang='lat' dir='ltr'><strong>organi</strong></span> 
     </span>
     <span class='ocr_line' id='line_1_32' title="bbox 527 3331 2544 3406; baseline 0.001 -18"><span class='ocrx_word' id='word_1_262' title='bbox 527 3331 832 3390; x_wconf 88' lang='lat' dir='ltr'><strong>harmonia.</strong></span> <span class='ocrx_word' id='word_1_263' title='bbox 862 3332 1179 3389; x_wconf 87' lang='lat' dir='ltr'><strong>Intellectus</strong></span> <span class='ocrx_word' id='word_1_264' title='bbox 1203 3338 1388 3389; x_wconf 89' lang='lat' dir='ltr'><strong>autem</strong></span> <span class='ocrx_word' id='word_1_265' title='bbox 1413 3334 1589 3406; x_wconf 88' lang='lat' dir='ltr'><strong>magis</strong></span> <span class='ocrx_word' id='word_1_266' title='bbox 1618 3333 1906 3391; x_wconf 88' lang='lat' dir='ltr'><strong>roboratur</strong></span> <span class='ocrx_word' id='word_1_267' title='bbox 1930 3350 1996 3390; x_wconf 86' lang='lat' dir='ltr'><strong>ex</strong></span> <span class='ocrx_word' id='word_1_268' title='bbox 2020 3334 2345 3393; x_wconf 86' lang='lat' dir='ltr'><strong>excellentia</strong></span> <span class='ocrx_word' id='word_1_269' title='bbox 2368 3335 2544 3391; x_wconf 89' lang='lat' dir='ltr'><strong>intel-</strong></span> 
     </span>
     <span class='ocr_line' id='line_1_33' title="bbox 527 3419 2545 3495; baseline 0.003 -19"><span class='ocrx_word' id='word_1_270' title='bbox 527 3419 818 3491; x_wconf 85' lang='lat' dir='ltr'><strong>ligibilium</strong></span> <span class='ocrx_word' id='word_1_271' title='bbox 851 3438 865 3475; x_wconf 75' lang='grc' dir='ltr'><strong>ε</strong></span> <span class='ocrx_word' id='word_1_272' title='bbox 905 3436 1031 3477; x_wconf 90' lang='lat' dir='ltr'><strong>nam</strong></span> <span class='ocrx_word' id='word_1_273' title='bbox 1068 3420 1166 3494; x_wconf 86' lang='lat' dir='ltr'><strong>qui</strong></span> <span class='ocrx_word' id='word_1_274' title='bbox 1206 3420 1463 3493; x_wconf 86' lang='lat' dir='ltr'><strong>intelligit</strong></span> <span class='ocrx_word' id='word_1_275' title='bbox 1502 3421 1698 3479; x_wconf 86' lang='lat' dir='ltr'><strong>altiora</strong></span> <span class='ocrx_word' id='word_1_276' title='bbox 1736 3422 2179 3495; x_wconf 86' lang='lat' dir='ltr'><strong>intelligibilium,</strong></span> <span class='ocrx_word' id='word_1_277' title='bbox 2214 3438 2325 3480; x_wconf 89' lang='lat' dir='ltr'><strong>non</strong></span> <span class='ocrx_word' id='word_1_278' title='bbox 2358 3425 2545 3483; x_wconf 84' lang='lat' dir='ltr'><strong>miuus</strong></span> 
     </span>
     <span class='ocr_line' id='line_1_34' title="bbox 524 3506 2547 3583; baseline 0.003 -19"><span class='ocrx_word' id='word_1_279' title='bbox 524 3513 706 3583; x_wconf 86' lang='lat' dir='ltr'><strong>potest</strong></span> <span class='ocrx_word' id='word_1_280' title='bbox 733 3506 1038 3581; x_wconf 87' lang='lat' dir='ltr'><strong>intelligere</strong></span> <span class='ocrx_word' id='word_1_281' title='bbox 1063 3509 1191 3577; x_wconf 87' lang='lat' dir='ltr'><strong>alia,</strong></span> <span class='ocrx_word' id='word_1_282' title='bbox 1222 3509 1319 3567; x_wconf 87' lang='lat' dir='ltr'><strong>sed</strong></span> <span class='ocrx_word' id='word_1_283' title='bbox 1347 3510 1542 3581; x_wconf 82' lang='lat' dir='ltr'><strong>magis.</strong></span> <span class='ocrx_word' id='word_1_284' title='bbox 1573 3511 1666 3567; x_wconf 88' lang='lat' dir='ltr'><strong>Sic</strong></span> <span class='ocrx_word' id='word_1_285' title='bbox 1693 3510 1860 3583; x_wconf 86' lang='lat' dir='ltr'><strong>igitur</strong></span> <span class='ocrx_word' id='word_1_286' title='bbox 1883 3527 2015 3569; x_wconf 88' lang='lat' dir='ltr'><strong>cum</strong></span> <span class='ocrx_word' id='word_1_287' title='bbox 2039 3512 2201 3569; x_wconf 87' lang='lat' dir='ltr'><strong>bomo</strong></span> <span class='ocrx_word' id='word_1_288' title='bbox 2225 3510 2547 3571; x_wconf 86' lang='lat' dir='ltr'><strong>inveniatur</strong></span> 
     </span>
     <span class='ocr_line' id='line_1_35' title="bbox 525 3595 2539 3675; baseline 0.003 -24"><span class='ocrx_word' id='word_1_289' title='bbox 525 3595 858 3668; x_wconf 86' lang='lat' dir='ltr'><strong>intelligens,</strong></span> <span class='ocrx_word' id='word_1_290' title='bbox 889 3602 947 3654; x_wconf 89' lang='lat' dir='ltr'><strong>et</strong></span> <span class='ocrx_word' id='word_1_291' title='bbox 975 3597 1279 3669; x_wconf 88' lang='lat' dir='ltr'><strong>intelligere</strong></span> <span class='ocrx_word' id='word_1_292' title='bbox 1303 3598 1539 3657; x_wconf 87' lang='lat' dir='ltr'><strong>hominis</strong></span> <span class='ocrx_word' id='word_1_293' title='bbox 1577 3615 1681 3656; x_wconf 91' lang='lat' dir='ltr'><strong>non</strong></span> <span class='ocrx_word' id='word_1_294' title='bbox 1708 3600 1779 3656; x_wconf 88' lang='lat' dir='ltr'><strong>sit</strong></span> <span class='ocrx_word' id='word_1_295' title='bbox 1810 3617 1906 3673; x_wconf 91' lang='lat' dir='ltr'><strong>per</strong></span> <span class='ocrx_word' id='word_1_296' title='bbox 1934 3616 2202 3675; x_wconf 85' lang='lat' dir='ltr'><strong>organum</strong></span> <span class='ocrx_word' id='word_1_297' title='bbox 2228 3602 2539 3675; x_wconf 87' lang='lat' dir='ltr'><strong>corporale,</strong></span> 
     </span>
     <span class='ocr_line' id='line_1_36' title="bbox 524 3684 2547 3764; baseline 0.004 -24"><span class='ocrx_word' id='word_1_298' title='bbox 524 3690 742 3757; x_wconf 87' lang='lat' dir='ltr'><strong>oportet</strong></span> <span class='ocrx_word' id='word_1_299' title='bbox 780 3684 928 3757; x_wconf 89' lang='lat' dir='ltr'><strong>quod</strong></span> <span class='ocrx_word' id='word_1_300' title='bbox 960 3686 1034 3741; x_wconf 84' lang='lat' dir='ltr'><strong>sit</strong></span> <span class='ocrx_word' id='word_1_301' title='bbox 1067 3684 1252 3760; x_wconf 85' lang='lat' dir='ltr'><strong>aliqua</strong></span> <span class='ocrx_word' id='word_1_302' title='bbox 1288 3687 1597 3746; x_wconf 86' lang='lat' dir='ltr'><strong>substantia</strong></span> <span class='ocrx_word' id='word_1_303' title='bbox 1638 3688 1988 3762; x_wconf 86' lang='lat' dir='ltr'><strong>incorporea,</strong></span> <span class='ocrx_word' id='word_1_304' title='bbox 2029 3706 2127 3764; x_wconf 87' lang='lat' dir='ltr'><strong>per</strong></span> <span class='ocrx_word' id='word_1_305' title='bbox 2170 3706 2339 3764; x_wconf 88' lang='lat' dir='ltr'><strong>quam</strong></span> <span class='ocrx_word' id='word_1_306' title='bbox 2376 3689 2547 3748; x_wconf 87' lang='lat' dir='ltr'><strong>homo</strong></span> 
     </span>
     <span class='ocr_line' id='line_1_37' title="bbox 523 3771 2546 3852; baseline 0.004 -23"><span class='ocrx_word' id='word_1_307' title='bbox 523 3771 817 3845; x_wconf 87' lang='lat' dir='ltr'><strong>intelligat.</strong></span> <span class='ocrx_word' id='word_1_308' title='bbox 851 3772 993 3830; x_wconf 89' lang='lat' dir='ltr'><strong>Nam</strong></span> <span class='ocrx_word' id='word_1_309' title='bbox 1033 3774 1179 3847; x_wconf 89' lang='lat' dir='ltr'><strong>quod</strong></span> <span class='ocrx_word' id='word_1_310' title='bbox 1219 3791 1318 3849; x_wconf 86' lang='lat' dir='ltr'><strong>per</strong></span> <span class='ocrx_word' id='word_1_311' title='bbox 1357 3791 1418 3833; x_wconf 89' lang='lat' dir='ltr'><strong>se</strong></span> <span class='ocrx_word' id='word_1_312' title='bbox 1451 3784 1634 3850; x_wconf 85' lang='lat' dir='ltr'><strong>potest</strong></span> <span class='ocrx_word' id='word_1_313' title='bbox 1668 3778 1885 3850; x_wconf 91' lang='lat' dir='ltr'><strong>operari</strong></span> <span class='ocrx_word' id='word_1_314' title='bbox 1916 3779 2033 3836; x_wconf 88' lang='lat' dir='ltr'><strong>sine</strong></span> <span class='ocrx_word' id='word_1_315' title='bbox 2073 3794 2324 3852; x_wconf 89' lang='lat' dir='ltr'><strong>corpore,</strong></span> <span class='ocrx_word' id='word_1_316' title='bbox 2368 3780 2546 3837; x_wconf 89' lang='lat' dir='ltr'><strong>etiam</strong></span> 
     </span>
     <span class='ocr_line' id='line_1_38' title="bbox 525 3859 2549 3940; baseline 0.005 -25"><span class='ocrx_word' id='word_1_317' title='bbox 525 3862 646 3930; x_wconf 85' lang='lat' dir='ltr'><strong>ejus</strong></span> <span class='ocrx_word' id='word_1_318' title='bbox 671 3859 980 3920; x_wconf 86' lang='lat' dir='ltr'><strong>substantia</strong></span> <span class='ocrx_word' id='word_1_319' title='bbox 1020 3878 1130 3919; x_wconf 90' lang='lat' dir='ltr'><strong>non</strong></span> <span class='ocrx_word' id='word_1_320' title='bbox 1155 3861 1428 3937; x_wconf 85' lang='lat' dir='ltr'><strong>dependet</strong></span> <span class='ocrx_word' id='word_1_321' title='bbox 1464 3878 1497 3922; x_wconf 81' lang='lat' dir='ltr'><strong>a</strong></span> <span class='ocrx_word' id='word_1_322' title='bbox 1533 3879 1782 3940; x_wconf 90' lang='lat' dir='ltr'><strong>corpore.</strong></span> <span class='ocrx_word' id='word_1_323' title='bbox 1814 3864 2019 3925; x_wconf 90' lang='lat' dir='ltr'><strong>Omnes</strong></span> <span class='ocrx_word' id='word_1_324' title='bbox 2040 3869 2190 3926; x_wconf 89' lang='lat' dir='ltr'><strong>enim</strong></span> <span class='ocrx_word' id='word_1_325' title='bbox 2213 3868 2454 3927; x_wconf 87' lang='lat' dir='ltr'><strong>virtutes</strong></span> <span class='ocrx_word' id='word_1_326' title='bbox 2484 3876 2549 3925; x_wconf 85' lang='lat' dir='ltr'><strong>et</strong></span> 
     </span>
     <span class='ocr_line' id='line_1_39' title="bbox 526 3945 2549 4032; baseline 0.007 -30"><span class='ocrx_word' id='word_1_327' title='bbox 526 3945 718 4005; x_wconf 72' lang='lat' dir='ltr'><strong>formae</strong></span> <span class='ocrx_word' id='word_1_328' title='bbox 752 3964 879 4021; x_wconf 76' lang='lat' dir='ltr'><strong>quae</strong></span> <span class='ocrx_word' id='word_1_329' title='bbox 913 3965 1011 4025; x_wconf 83' lang='lat' dir='ltr'><strong>per</strong></span> <span class='ocrx_word' id='word_1_330' title='bbox 1046 3967 1107 4011; x_wconf 87' lang='lat' dir='ltr'><strong>se</strong></span> <span class='ocrx_word' id='word_1_331' title='bbox 1147 3950 1448 4021; x_wconf 75' lang='lat' dir='ltr'><strong>subsistere</strong></span> <span class='ocrx_word' id='word_1_332' title='bbox 1474 3968 1583 4015; x_wconf 85' lang='lat' dir='ltr'><strong>non</strong></span> <span class='ocrx_word' id='word_1_333' title='bbox 1617 3961 1847 4030; x_wconf 79' lang='lat' dir='ltr'><strong>possunt</strong></span> <span class='ocrx_word' id='word_1_334' title='bbox 1886 3957 2004 4015; x_wconf 84' lang='lat' dir='ltr'><strong>sine</strong></span> <span class='ocrx_word' id='word_1_335' title='bbox 2042 3971 2294 4031; x_wconf 87' lang='lat' dir='ltr'><strong>corpore,</strong></span> <span class='ocrx_word' id='word_1_336' title='bbox 2337 3972 2549 4032; x_wconf 86' lang='lat' dir='ltr'><strong>opera-</strong></span> 
     </span>
    </p>
   </div>
  </div>
 </body>
</html>
