2850 4517
486 328 622 395 402:
961 344 1019 391 a.
1062 345 1297 389 ‘raomae
1336 343 1665 395 nouimus
1705 341 2050 392 οΡυεσυιΑ.

486 461 872 535 hooperverse
900 459 1273 519 crediderunt.
1310 461 1574 517 Photinus
1595 460 1741 525 enim
1769 457 1906 515 dicit
1933 456 2081 531 quod
2109 454 2358 513 Christus
2387 470 2496 512 non

486 554 571 605 est
612 549 773 607 aliter
800 548 971 607 Filius
1000 549 1098 606 Dei
1124 565 1290 622 quam
1326 549 1453 605 boni
1485 548 1610 616 viri,
1641 548 1744 621 qui·
1774 546 1917 603 bene
1945 545 2180 602 vivendo
2222 553 2497 601 merentur

486 637 597 695 dici
642 637 767 694 Filii
808 639 908 694 Dei
948 638 1452 711 per:adoptionem,
1489 636 1742 694 faciendo
1781 636 1882 691 Dei
1913 634 2270 700 voluntatem,
2317 641 2376 689 et
2419 633 2500 689 ita

486 725 735 783 Christus
756 728 852 801 qui
873 727 1010 785 bene
1032 726 1191 795 vixit,
1220 733 1275 783 et
1304 726 1437 784 fecit
1460 726 1559 783 Dei
1585 726 1944 792 voluntatem,
1968 724 2172 781 meruit
2197 723 2307 779 diei
2331 722 2498 777 Filius

484 815 589 873 Dei
636 832 653 870 ε
696 824 753 873 et
778 815 955 874 voluit
990 816 1139 890 quod
1179 814 1431 873 Christus
1457 831 1564 872 non
1593 814 1760 872 fuerit
1795 821 1924 871 ante
1949 813 2170 870 beatam
2195 812 2495 883 Virginem,

487 904 587 962 sed
614 909 745 962 tunc
770 906 1016 978 inooepit,
1057 906 1278 979 quando
1314 921 1384 961 ex
1424 920 1492 961 ea
1519 909 1818 976 conceptus
1844 909 1950 959 est.
1981 902 2050 957 Et
2085 902 2167 958 sic
2201 902 2258 957 in
2286 899 2498 956 duobus

488 994 714 1051 erravit.
744 995 943 1059 Primo,
976 991 1030 1051 in
1057 993 1159 1051 hoo
1182 995 1329 1067 quod
1360 1009 1467 1050 non
1494 994 1635 1051 dixit
1657 1009 1784 1050 eum
1809 1006 2003 1048 verum
2035 990 2233 1046 Filium
2266 990 2369 1045 Dei
2405 1005 2500 1045 se-

488 1083 728 1140 cundum
786 1090 1063 1141 naturam.
1110 1084 1380 1151 Secundo,
1431 1083 1579 1157 quod
1625 1082 1765 1139 dixit
1811 1092 1936 1137 eum
1981 1080 2284 1137 secundum
2323 1084 2498 1134 totum

489 1187 649 1236 suum
686 1186 807 1231 esse
849 1190 915 1229 ex
954 1178 1199 1245 tempore
1242 1172 1552 1244 incoepisse,
1584 1188 1709 1228 cum
1741 1170 1874 1227 fides
1907 1176 2095 1226 nostra
2127 1173 2312 1226 teneat
2353 1165 2500 1239 quod

488 1260 659 1316 Filius
687 1262 761 1317 sit
788 1262 886 1317 Dei
926 1277 1025 1335 per
1053 1267 1326 1330 naturam,
1352 1268 1410 1317 et
1439 1261 1585 1334 quod
1615 1259 1684 1317 ab
1715 1266 1925 1317 aeterno
1953 1258 2028 1313 sit
2057 1274 2071 1312 ε
2101 1264 2168 1313 et·
2187 1258 2255 1312 de
2279 1254 2366 1311 his
2395 1254 2500 1309 ba-

487 1348 683 1405 bemus
710 1364 995 1421 expressae
1014 1350 1375 1406 auctoritates
1400 1358 1595 1406 contra
1621 1365 1746 1405 eum
1776 1349 1830 1403 in
1859 1362 2017 1403 sacra
2038 1346 2339 1418 Scriptura.
2359 1343 2501 1399 Nam

489 1444 680 1492 contra
714 1437 946 1511 primum
974 1437 1195 1505 dicitur,
1224 1438 1367 1511 quod
1404 1438 1478 1493 sit
1511 1454 1623 1494 non
1653 1437 1799 1495 filius
1825 1436 2021 1505 solum,
2047 1434 2142 1491 sed
2170 1434 2338 1489 etiam
2366 1430 2500 1486 uni·-

490 1514 727 1596 genitusss
769 1525 930 1582 Joan.
982 1542 1003 1583 1
1034 1541 1047 1581 ε
1092 1524 1412 1599 Uniqenitue
1448 1526 1540 1599 qut·
1580 1533 1656 1583 est
1684 1525 1746 1582 in
1780 1526 1907 1582 sinu
1932 1524 2129 1581 Patr-123.
2159 1522 2360 1577 Contra
2399 1535 2496 1575 se-

490 1614 750 1685 cundum,
782 1615 939 1671 Joan.
971 1631 1075 1673 vni
1109 1633 1121 1670 :
1148 1616 1451 1688 Antequam
1475 1616 1750 1673 Abraham
1765 1614 1947 1687 fieret,
1973 1630 2058 1686 eqo
2079 1628 2209 1667 sum.
2237 1610 2490 1677 Constat,

491 1710 673 1758 autem
706 1702 851 1776 quod
880 1702 1155 1760 Abraham
1197 1709 1325 1759 ante
1354 1705 1571 1760 beatam
1599 1702 1877 1775 Virginem
1907 1701 2009 1757 suit
2044 1716 2059 1755 ε
2088 1705 2143 1755 et
2169 1696 2290 1752 ideo
2313 1692 2499 1751 sancti

490 1792 680 1849 Patres
718 1791 1047 1849 addiderunt
1094 1791 1149 1847 in
1178 1792 1287 1848 alio
1314 1791 1572 1865 Symbolo
1601 1798 1791 1848 oontra
1817 1791 2056 1863 primum
2092 1804 2106 1843 ι
2150 1786 2355 1841 Filium
2401 1783 2502 1839 Dei

492 1880 826 1952 unigenitum
852 1898 872 1939 .·
901 1882 1093 1937 contra
1122 1882 1422 1939 secundum
1465 1898 1479 1937 :
1531 1882 1602 1937 Et
1644 1896 1709 1935 ex
1741 1880 1912 1935 Patre
1951 1870 2286 1935 nocumento
2320 1872 2505 1928 omnio

394 2014 401 2020 .
481 1968 706 2025 oracula.
725 1968 991 2027 sabellius
1016 1985 1149 2028 vero
1166 1969 1294 2026 licet
1312 1970 1523 2026 diceret
1550 1969 1695 2043 quod
1725 1967 1972 2024 Christus
2000 1964 2105 2021 fuit
2130 1969 2259 2020 ante
2281 1959 2502 2020 beatam

492 2056 790 2129 Virginem,
819 2058 959 2114 dixit
986 2067 1170 2115 tamen
1196 2060 1341 2132 quod
1367 2075 1474 2114 non
1497 2065 1582 2115 est
1611 2058 1718 2114 alia
1741 2071 1974 2129 persona
1997 2052 2196 2121 Patria,
2228 2051 2335 2108 alia
2355 2050 2502 2117 Filii,

494 2145 591 2202 sed
618 2146 734 2219 ipse
758 2148 917 2204 Pater
945 2154 1029 2203 est
1056 2148 1371 2204 incarnatus
1402 2167 1415 2202 ι
1449 2155 1504 2203 et
1545 2145 1669 2203 ideo
1697 2144 1887 2202 eadem
1918 2150 2002 2199 est
2044 2156 2276 2216 persona
2321 2139 2504 2195 Patris

492 2240 549 2289 et
580 2234 721 2289 Filii.
760 2234 865 2292 Sed
908 2235 1014 2291 hoo
1050 2244 1133 2291 est
1162 2250 1467 2301 erroneum,
1501 2237 1632 2309 quia
1665 2234 1841 2291 aufert
1871 2232 2199 2289 Trinitatem
2238 2244 2507 2303 persona-

492 2337 633 2389 rum,
669 2328 725 2379 et
752 2332 943 2379 contra
972 2324 1073 2379 hoo
1101 2331 1186 2379 est
1216 2326 1518 2380 auotoritas
1545 2327 1701 2381 Joan.
1733 2338 1840 2380 vm
1874 2340 1888 2379 ε
1919 2321 2069 2380 Solus
2095 2336 2206 2376 non
2235 2335 2376 2382 sum,
2413 2318 2508 2373 sed

491 2426 603 2482 09⁰,
632 2417 682 2466 et
722 2410 813 2481 qui
848 2410 997 2467 misit
1022 2426 1103 2466 me
1132 2418 1314 2483 pater.
1350 2413 1575 2469 Constat
1611 2420 1796 2469 autem
1826 2410 2031 2467 nullum
2059 2426 2093 2465 a
2125 2424 2184 2464 se
2216 2406 2384 2463 mitti.
2413 2405 2509 2461 Sio

490 2511 622 2568 ergo
661 2498 920 2553 mentitur
946 2498 1213 2559 Sabellius
1264 2515 1277 2555 ε
1314 2507 1369 2556 et
1410 2499 1535 2555 ideo
1581 2500 1635 2555 in
1677 2498 1935 2573 Symbolo
1966 2499 2188 2554 Patrum
2229 2496 2456 2552 additur
2488 2510 2503 2549 ε

491 2584 661 2641 Deum
688 2584 751 2640 de
774 2585 904 2651 Dee,
924 2586 1102 2642 lumen
1120 2586 1422 2654 delumine,
1450 2588 1504 2643 id
1530 2593 1632 2657 est,
1662 2589 1836 2644 Deum
1860 2587 2057 2643 Filium
2080 2585 2151 2642 de
2173 2586 2290 2641 Deo
2319 2585 2506 2653 Patre,

492 2679 548 2729 et
583 2672 779 2729 Filium
810 2675 904 2748 qui
937 2683 1039 2732 est·
1059 2675 1239 2732 lumen
1264 2677 1333 2733 de
1377 2676 1580 2733 lumine
1608 2678 1786 2743 Patre,
1828 2692 1948 2733 esse
1969 2674 2194 2731 credere
2219 2672 2506 2727 debemus.

490 2763 653 2819 Arius
676 2770 859 2820 autem
888 2764 1015 2821 licet
1042 2765 1270 2831 diceret,
1304 2767 1449 2839 quod
1479 2766 1727 2824 Christus
1764 2766 1927 2823 fuerit
1968 2772 2097 2822 ante
2125 2764 2347 2820 beatam
2373 2762 2510 2818 Vir·-

494 2852 693 2924 ginem‚
738 2858 793 2908 et
833 2853 979 2926 quod
1022 2854 1130 2910 alia
1168 2854 1332 2910 fuerit
1358 2871 1590 2928 persona
1617 2856 1814 2920 Patria,
1856 2855 1964 2912 alia
1992 2835 2134 2921 Fil'ii,
2167 2858 2354 2909 tamen
2399 2852 2512 2906 tria

496 2941 749 2998 attribuit
780 2942 1015 2999 Christo.
1049 2944 1287 2999 Primum
1316 2951 1418 3011 est,
1461 2944 1605 3016 quod
1640 2944 1810 3000 Filius
1839 2944 1937 3000 Dei
1968 2943 2071 2999 fuit
2099 2948 2374 3001 creatura.
2393 2932 2512 2996 'Se-

496 3030 734 3085 cundum
762 3036 865 3097 est,
901 3031 1049 3104 quod
1094 3046 1199 3087 non
1238 3031 1309 3087 ab
1335 3040 1561 3099 aeterno,
1595 3034 1690 3089 sed
1719 3049 1788 3089 ex
1812 3038 2058 3105 tempore
2096 3030 2277 3088 factus
2318 3044 2352 3085 a
2388 3028 2512 3084 Deo

499 3117 833 3176 nobilissima
859 3125 1254 3175 creaturarum.
1286 3120 1530 3177 Tertium
1559 3126 1662 3188 est,
1695 3122 1839 3196 quod
1872 3138 1977 3179 non
2014 3120 2181 3177 fuerit
2208 3117 2372 3175 unius
2401 3132 2513 3174 na-

495 3211 644 3260 turae.
674 3206 819 3261 Deus
862 3206 1030 3262 Filius
1070 3224 1195 3263 oum
1235 3208 1349 3264 Deo
1390 3209 1572 3277 Patre,
1603 3216 1660 3267 et
1691 3210 1776 3266 sio
1810 3209 1958 3285 quod
1979 3224 2097 3266 non
2135 3207 2300 3264 fuerit
2341 3222 2516 3263 verus

489 3293 665 3348 Deae,
683 3292 788 3349 Sed
815 3292 916 3349 boo
939 3294 1190 3351 similiter
1212 3303 1296 3350 est
1315 3311 1623 3366 erroneum,
1651 3304 1706 3353 et
1730 3306 1921 3355 contra
1945 3296 2308 3353 auctoritates
2328 3310 2516 3351 saorae

490 3380 808 3454 Scripturaei
847 3383 1058 3438 Dicitur
1094 3384 1258 3450 onim,
1297 3384 1456 3441 Joan.
1496 3401 1537 3442 x
1571 3400 1585 3442 t
1635 3386 1752 3459 Eyo
1792 3393 1846 3444 et
1869 3386 2060 3443 Pater·
2085 3401 2258 3443 unum
2300 3400 2514 3450 sumus,

490 3467 699 3525 seilicet
720 3471 780 3557 *in
819 3476 1015 3527 natura
1046 3489 1059 3525 z
1088 3479 1145 3527 et
1172 3470 1295 3527 ideo
1323 3473 1465 3529 sicut
1494 3475 1656 3530 Pater
1683 3474 1786 3531 fuit
1816 3491 2051 3547 semper,
2083 3474 2162 3531 ita
2201 3480 2258 3529 et
2281 3471 2460 3528 Filius
2495 3488 2514 3527 ι

490 3561 549 3611 et
574 3557 904 3615 sicut-Pater
940 3566 1025 3615 est
1052 3574 1216 3616 verus
1252 3557 1416 3627 Deua,
1465 3563 1542 3619 ita
1579 3569 1635 3618 et
1671 3562 1861 3619 Filius·
1900 3563 2005 3619 Ubi
2033 3578 2165 3635 ergo
2193 3561 2403 3617 dicitur
2443 3561 2522 3617 ab

492 3644 643 3731 ario,
689 3644 963 3701 Christum
1004 3646 1170 3703 fuisse
1212 3654 1542 3717 creaturam,
1587 3667 1618 3706 e
1661 3657 1856 3709 contra
1897 3650 2103 3707 dicitur
2145 3651 2203 3705 in
2243 3650 2522 3724 Symbola

493 3743 529 3785 a
564 3732 816 3788 Patribus
855 3750 868 3789 ε
908 3736 1077 3791 Deum
1117 3750 1304 3793 verum
1344 3737 1405 3793 de
1443 3737 1552 3794 Deo
1580 3756 1722 3795 vero.
1767 3740 1872 3797 Ubi
1915 3746 2104 3797 autem
2145 3739 2352 3795 dicitur
2381 3756 2522 3795 eum

495 3827 605 3870 non
628 3818 798 3875 futsse
826 3822 896 3878 ab
916 3830 1140 3892 aeterno,
1166 3825 1279 3899 sed·
1296 3842 1365 3881 ex
1392 3834 1656 3902 tempore,
1705 3844 1736 3885 e
1771 3828 2048 3886 contrairi
2072 3827 2338 3902 Symbolo
2363 3828 2524 3884 dici—

498 3906 591 3957 tur
631 3905 947 3977 toeneium,
982 3926 1089 3974 uon
1116 3912 1348 3989 factum.
1380 3915 1584 3978 Contra
1619 3915 1754 3978 illud
1780 3932 1915 3976 vero
1954 3917 2104 3994 quod
2131 3916 2342 3975 dicitur
2381 3932 2524 3973 eum

1082 4029 1130 4039 0-
1170 4042 1178 4049 ο
1256 4029 1291 4038 ——
