2850 4517
505 364 549 423 2
985 384 1037 428 s.
1081 382 1316 429 ‘moues
1357 382 1687 437 nomm-ns
1724 384 2041 431 censuum

508 495 815 554 Christiana
855 497 1138 571 Religione
1162 499 1398 567 tradam,
1430 515 1597 580 qua—m
1626 516 1841 574 semper
1867 516 1983 574 prae
2008 500 2181 558 oculis
2206 500 2383 574 possis
2418 500 2523 559 ha-

507 584 657 655 bere,
695 586 840 643 circa
871 586 988 644 haec
1018 589 1123 645 tria
1152 588 1206 643 in
1235 590 1493 661 praesenti
1520 606 1687 663 opere
1715 597 1831 647 tota
1861 597 2048 647 nostra
2075 598 2327 646 versatur
2352 590 2526 647 inten-

509 674 606 730 tio.
639 674 881 731 Primum
921 676 992 731 de
1033 676 1158 743 fide,
1193 677 1433 733 secundo
1475 676 1545 733 de
1594 694 1710 751 spe,
1761 680 1926 736 tertio
1974 694 2103 735 vero
2146 677 2215 734 de
2252 678 2523 735 charitate

504 753 760 833 agemus,
783 765 900 821 Hoc
933 766 1083 821 enim
1119 772 1176 822 et
1204 765 1561 838 Apostolicus
1591 767 1725 823 erdo
1753 766 1939 835 habet,
1982 773 2039 823 et
2068 768 2391 824 ratio-recta
2431 784 2527 825 re·-⁸

509 852 854 933 quirit-Non
879 854 1026 909 enim
1068 870 1222 909 amor
1249 862 1435 910 rectus
1456 871 1579 910 esse
1609 862 1813 927 posset,
1846 854 1951 911 uisi
1992 854 2213 911 debitus
2254 856 2377 912 finis
2406 856 2521 929 spei

507 930 802 1010 statuatur,
853 958 956 999 nec
999 941 1118 1001 haec
1147 958 1267 999 esse
1306 950 1492 1019 potest
1534 944 1581 999 si
1610 944 1863 1003 veritatis
1904 944 2113 1017 agnitio
2142 944 2306 1001 desit.
2340 946 2521 1002 Primo

508 1032 677 1102 igitur
705 1020 1028 1088 necessaria·
1057 1031 1142 1087 est
1191 1030 1345 1097 fides,
1379 1049 1477 1105 per
1527 1048 1695 1106 quam
1740 1032 2035 1092 veritatem
2062 1048 2381 1106 cognoscaS.
2420 1035 2522 1091 Se·-

508 1120 690 1185 cundo,
716 1136 860 1195 spQS,
896 1138 994 1194 per
1021 1136 1188 1195 quam
1214 1120 1270 1177 in
1298 1120 1486 1179 debito
1514 1122 1623 1179 fine
1648 1131 1742 1181 tua
1775 1123 2005 1181 intentio
2033 1122 2357 1181 collocetur.
2382 1122 2523 1181 Ter-

510 1210 608 1276 tio,
639 1204 948 1267 necessaria
971 1216 1056 1265 est
1092 1208 1350 1295 charitaS,
1379 1227 1494 1296 'per
1532 1218 1867 1293 quam-tuus
1893 1212 2122 1271 affectus
2146 1211 2389 1270 totaliter
2425 1225 2525 1268 or-

510 1296 748 1354 dinetur.
1227 1292 1232 1301 ’

1305 1472 1589 1553 CAPUT
1636 1473 1723 1542 11.
1807 1424 1815 1431 ⁸

1041 1614 1202 1677 Ordo
1231 1614 1615 1703 dicendorum
1643 1614 1806 1679 circa
1831 1616 2009 1692 finem

585 1745 747 1803 Fides
772 1755 956 1804 autem
981 1748 1286 1821 praelibatio
1312 1749 1567 1822 quaedam
1608 1756 1694 1817 est
1721 1748 1867 1805 illius
1892 1748 2237 1821 cognitionis,
2270 1761 2396 1822 quae
2423 1763 2523 1807 nos

513 1835 567 1890 in
601 1834 784 1892 futuro
811 1836 1002 1894 beatos
1043 1836 1196 1894 facit.
1228 1838 1382 1895 Unde
1415 1845 1473 1894 et
1516 1842 1709 1911 Apost.
1735 1837 1889 1906 dicit,
1922 1838 2068 1911 quod
2112 1843 2196 1893 est
2224 1835 2523 1895 substantia

511 1924 900 1995 sperandarum
922 1942 1130 1993 rerum,
1160 1927 1319 2001 quasi
1347 1928 1467 1999 jam
1496 1928 1550 1983 in
1573 1927 1731 1983 nohis
1759 1931 2065 2001 sperandas
2090 1942 2198 1999 res,
2231 1926 2287 1985 id
2320 1934 2405 1985 est
2432 1925 2523 1982 fu-

515 2020 694 2095 turam
722 2014 1118 2074 beatitudinem
1146 2033 1244 2089 per
1269 2017 1493 2073 modum
1522 2015 2201 2089 cujusdarwinchoationis
2222 2016 2525 2073 subsistere

513 2102 740 2160 facisne.
764 2104 919 2164 luam
943 2114 1129 2161 autem
1151 2104 1560 2162 beatificantem
1590 2092 1959 2177 cognitionem
1982 2106 2142 2161 circa
2166 2105 2275 2159 duo
2302 2106 2540 2175 cognita.

510 2193 775 2249 Dominus
809 2189 1110 2249 consistere
1156 2193 1362 2259 docuit,
1407 2194 1623 2249 scilicet
1658 2193 1811 2248 ‘circa
1838 2192 2191 2247 divinitatem
2214 2192 2522 2265 Trinitatizt,

516 2286 570 2335 et
593 2279 990 2337 humanitatem
1025 2280 1246 2347 Christi,
1279 2266 1423 2337 unde
1452 2280 1522 2337 ad
1550 2282 1770 2355 Patrem
1798 2280 2045 2354 loquenS,
2079 2280 2215 2337 dicit
2248 2297 2265 2336 a
2296 2282 2425 2339 Hoec
2446 2289 2524 2341 eet

512 2370 628 2424 vita
668 2376 894 2435 aeterna,
921 2376 1321 2443 ut-coqnoscant
1360 2377 1410 2425 et
1436 2370 1625 2435 Deum,
1648 2376 1757 2425 etc.
1787 2370 1945 2428 Circa
1968 2369 2088 2426 haec
2114 2386 2245 2442 ergo
2274 2371 2382 2428 duo
2408 2377 2525 2431 tota

413 2502 417 2507 .
513 2457 638 2514 iidei
667 2459 908 2529 cognitio
951 2466 1220 2526 versatur,
1275 2458 1490 2527 scilicet
1534 2459 1681 2516 circa
1728 2458 2073 2515 divinitatem
2116 2459 2419 2528 TrinitatiS,
2466 2468 2525 2517 et

514 2544 912 2604 humanitatem
941 2546 1161 2603 Christi.
1184 2548 1304 2605 'Nec
1332 2549 1551 2623 mirum,
1596 2548 1725 2621 quia
1754 2547 1955 2605 Christi
1983 2548 2301 2607 humanitas
2320 2549 2410 2606 via
2437 2556 2543 2606 est·
2593 2554 2599 2557 ’

517 2652 626 2709 qua
652 2636 719 2693 ad
750 2623 1094 2694 divinitatem
1121 2638 1457 2711 pervcnitur.
1486 2638 1716 2711 Oportet
1740 2636 1909 2709 igitui-
1948 2643 2005 2692 et
2032 2638 2089 2693 in
2127 2637 2221 2693 via
2251 2639 2397 2694 viem
2424 2655 2547 2697 co-.

514 2742 794 2797 gnoscere,
840 2742 938 2800 per
965 2742 1132 2799 quam
1160 2728 1332 2800 possit
1373 2728 1645 2801 perveniri
1687 2727 1757 2784 ad
1798 2726 1980 2793 finem,
2013 2736 2069 2783 et
2111 2728 2166 2783 in
2202 2728 2382 2799 patria
2424 2728 2545 2783 Dei·

514 2815 817 2886 gratiarum
845 2816 992 2873 actio
1036 2815 1314 2873 sufficiens
1343 2833 1451 2872 non
1493 2826 1656 2885 esset,
1688 2816 1793 2873 nisi
1841 2815 1945 2885 viae
1974 2832 2069 2889 per
2113 2831 2279 2888 quam
2325 2816 2524 2875 salvati

524 2910 671 2975 sunt,
713 2892 1080 2977 cognitionem
1120 2905 1402 2962 haberent.
1433 2906 1572 2962 Hinc
1600 2913 1704 2973 est,
1742 2905 1891 2978 quod
1939 2905 2201 2961 Dominus
2240 2903 2523 2977 discipulis

522 2992 665 3050 dixit-
698 3010 712 3050 :
741 2992 818 3051 Et
859 3012 960 3067 quo
995 3012 1086 3067 eqo
1121 2995 1254 3051 vado
1275 2994 1459 3057 scitis.
1486 3002 1535 3051 et
1570 2995 1714 3050 viam
1756 2993 1927 3051 scitis,
1974 2992 2131 3049 Circa
2177 2992 2525 3049 divinitatem

522 3099 651 3140 vero
681 3084 788 3139 tria
816 3085 1071 3153 cognosci
1097 3091 1334 3156 oportet.
1363 3082 1544 3138 Primo
1573 3084 1795 3156 quidem
1820 3084 2073 3149 essentiae
2102 3082 2367 3139 unitatem
2389 3098 2403 3137 t
2429 3096 2525 3139 ee-

517 3171 714 3239 cundo,
743 3185 1097 3244 personarum
1122 3166 1424 3228 trinitatem
1440 3188 1469 3244 ,ε
1500 3172 1683 3239 tertio,
1714 3171 2019 3229 divinitatis
2043 3172 2287 3229 effectus.

1301 3341 1585 3410 CAPUT
1629 3342 1748 3411 111.

1251 3483 1431 3559 Quod
1472 3485 1641 3548 Deus
1686 3484 1790 3555 sit.

591 3618 750 3676 Circa
776 3618 1031 3675 essentiae
1053 3616 1276 3691 quidem
1303 3619 1507 3675 divinae
1535 3618 1821 3686 unitatem,
1844 3616 2021 3691 primo
2047 3615 2273 3691 quidem
2290 3614 2525 3678 creden-

521 3708 652 3777 dum
678 3714 764 3765 est
791 3708 964 3763 Deum
987 3720 1126 3774 esse,
1157 3707 1303 3780 quod
1333 3709 1546 3765 ratione
1572 3708 1929 3781 conspicuum
1952 3713 2063 3771 est.
2089 3704 2353 3763 Videmus
2367 3705 2525 3770 „enim

522 3799 706 3855 omnia
733 3812 858 3871 quae
887 3803 1191 3864 moventur,
1223 3794 1293 3853 ab
1331 3796 1456 3853 aliis
1496 3798 1722 3865 moveri,
1754 3796 2013 3860 interiora
2048 3794 2275 3869 quidem
2302 3810 2400 3867 per
2426 3808 2525 3859 su-

523 3887 756 3961 periora,
787 3887 929 3942 sicut
957 3883 1225 3941 elementa
1251 3901 1346 3959 per
1371 3900 1601 3959 corpora
1627 3885 1891 3954 coelestia,
1923 3884 2183 3946 inferiora
2213 3900 2244 3940 a
2270 3884 2527 3959 superio-

519 3975 671 4060 rihps
693 3974 1091 4058 nguutqr.‚non
1119 3984 1306 4033 autem
1332 3975 1389 4035 iu
1413 3974 1687 4035 infinitum
1716 3976 2011 4051 procedere
2044 3974 2381 4050 impossibiie
2417 3982 2529 4037 est-³
