2850 4517
567 356 686 437 148
1040 374 1093 434 s‘.
1135 374 1369 433 >renim
1408 382 1734 438 souma-ris
1773 376 2085 431 orosouu

565 522 688 565 rum
711 510 768 564 et
796 503 1178 573 accidentium,
1208 509 1270 560 ut
1310 500 1654 560 individuum
1680 507 1738 559 ot
1765 499 2060 574 singulare,
2093 508 2322 575 possunt
2349 506 2408 557 ot
2441 501 2565 567 toti,

565 603 623 654 ει
650 594 895 669 partibus
922 594 1118 667 aptari.
1161 593 1302 650 Nam
1344 597 1528 665 partos
1553 606 1680 647 cum
1717 587 2092 647 accidentibus
2120 588 2330 662 aliquid
2364 587 2570 646 habent

564 686 871 751 comm'une,
902 682 1129 749 scilicet,
1175 681 1320 755 quod
1367 696 1475 737 non
1514 695 1613 753 por
1651 694 1712 737 so
1755 678 2018 748 existunt,
2049 677 2145 735 sed
2189 676 2313 734 aliis
2358 679 2565 745 insunt,

564 771 693 830 licet
719 769 1019 845 secundum
1048 770 1270 827 modum
1296 770 1594 826 diversum.
1627 769 1810 825 Potest
1837 768 2005 839 igitur
2034 765 2164 836 dici,
2195 766 2342 839 quod
2373 781 2572 823 manus

562 862 737 920 Sortis
763 870 819 917 ει
862 858 1105 917 Platonis
1145 866 1231 916 ost
1256 856 1533 933 quoddam
1560 856 1922 924 individuum,
1954 854 2040 912 vol
2069 856 2344 927 singulare
2385 856 2572 929 quod-

542 949 711 1015 siam,
743 948 871 1005 licet
910 963 1018 1004 non
1048 948 1119 1004 sit
1158 945 1489 1021 hypostasis,
1539 945 1626 1003 vol
1655 946 2016 1019 suppositum,
2059 944 2142 1000 vel
2187 958 2436 1017 persona.
2465 944 2572 1001 Est

564 1039 732 1094 etiam
764 1036 1220 1094 considerandum
1247 1035 1496 1102 ulterius,
1527 1035 1674 1109 quod
1702 1034 2011 1108 aliquorum
2037 1034 2348 1107 conjunctio
2376 1049 2474 1107 per
2507 1048 2572 1090 so

564 1125 928 1191 considerata,
959 1124 1286 1198 quandoque
1314 1124 1536 1195 quidem
1564 1122 1697 1181 facit
1739 1122 1964 1196 aliquod
2006 1122 2297 1195 integrum,
2344 1136 2472 1194 quae
2513 1122 2572 1179 in

566 1213 673 1271 alia
700 1222 922 1290 propter
948 1213 1281 1289 additionem
1310 1210 1538 1269 alterius
1565 1226 1671 1267 non
1707 1211 1992 1267 constituit
2019 1210 2242 1284 aliquod
2270 1212 2568 1283 integrum,

565 1302 707 1379 sicut
753 1302 809 1356 in
836 1300 1017 1374 lapido
1040 1298 1349 1355 commistio
1376 1303 1612 1371 quatuor
1639 1298 2033 1355 elementorum
2063 1297 2197 1355 l'acit
2233 1298 2453 1372 aliquod
2478 1298 2572 1354 in-

566 1394 779 1460 tegrum
806 1405 822 1443 ε
864 1387 1009 1445 undo
1032 1387 1165 1443 illud
1194 1386 1339 1460 quod
1367 1394 1452 1444 est
1478 1402 1545 1443 ex
1569 1384 1854 1443 elementis
1881 1386 2259 1454 constitutum,
2288 1387 2344 1442 in
2385 1386 2571 1462 lapido

566 1482 747 1555 potest
771 1476 881 1533 dici
924 1464 1284 1550 suppositum,
1315 1474 1401 1532 vel
1440 1474 1754 1549 hypostasis
1796 1475 1944 1549 quod
1991 1482 2074 1531 cst
2121 1474 2212 1531 hic
2250 1474 2407 1549 lapiS,
2460 1491 2571 1532 non

565 1570 750 1621 autem
778 1579 1028 1639 persona,
1056 1566 1185 1637 quia
1227 1580 1333 1621 non
1361 1570 1447 1621 ost
1475 1563 1787 1639 hypostasis
1813 1572 2027 1621 naturae
2069 1562 2368 1621 rationalis.
2400 1563 2572 1620 Com·

565 1654 763 1727 positio
800 1662 985 1711 autem
1016 1652 1406 1712 elementorum
1432 1654 1487 1709 in
1531 1652 1754 1710 animali
1783 1668 1889 1709 non
1917 1652 2203 1711 constituit
2227 1652 2446 1725 aliquod
2479 1652 2572 1709 in·-
2675 1722 2682 1731 .

567 1751 800 1816 tegmin,
844 1744 941 1801 sed
964 1743 1250 1800 constituit
1289 1748 1523 1816 partem,
1555 1740 1765 1798 scilicet
1792 1756 1992 1815 corpus
2023 1757 2037 1796 z
2067 1741 2201 1815 quia
2235 1755 2456 1797 necesse
2483 1747 2572 1797 ost

565 1831 774 1904 aliquid
788 1818 934 1888 aliud
955 1832 1213 1889 advenire
1232 1831 1301 1888 ad
1326 1822 1741 1904 completionem
1763 1829 2030 1897 animalis,
2050 1829 2528 1895 scilicetanimam
2554 1846 2569 1885 ε

566 1919 710 1977 undo
745 1908 1069 1993 compo’sitio
1093 1920 1486 1977 elementorum
1510 1920 1566 1975 in
1603 1918 1825 1977 animali
1855 1933 1962 1975 non
1999 1919 2284 1976 constituit
2311 1919 2575 1991 supposi-

565 2012 702 2077 tum,
746 2009 833 2065 vel
874 2008 1211 2083 hypostasim
1241 2027 1255 2065 ι
1289 2009 1384 2066 sed
1424 2000 1530 2066 'hoc
1556 2008 1755 2067 animal
1803 2016 1978 2065 totum
2008 2015 2092 2064 est
2121 2007 2448 2087 hypostasiS‚
2481 2006 2573 2064 vel

565 2098 926 2171 suppositum.
950 2100 1065 2155 Nec
1092 2104 1275 2154 tamen
1317 2104 1540 2171 propter
1581 2096 1684 2153 boc
1707 2096 1887 2153 minus
1925 2102 2012 2153 est
2039 2094 2230 2152 efficax
2259 2096 2314 2151 in
2341 2094 2574 2155 animali

566 2187 957 2243 elementorum
1003 2185 1343 2257 compositiO,
1394 2201 1561 2258 quam
1608 2186 1666 2240 in
1714 2185 1914 2259 lapide,
1959 2184 2055 2241 sed
2103 2183 2271 2241 multo
2307 2185 2570 2257 ampliu8‚

568 2276 697 2346 quia
720 2279 803 2329 cst
832 2274 1084 2331 ordinata
1112 2273 1183 2330 ad
1207 2288 1323 2329 rem
1345 2273 1686 2329 nobiliorem.
1715 2272 1806 2331 Sic
1834 2273 2001 2345 igitur
2023 2274 2081 2329 in
2110 2273 2231 2331 aliis
2255 2272 2576 2331 hominibus

568 2350 699 2442 unio
749 2362 945 2418 animae
989 2368 1046 2417 et
1088 2363 1333 2434 corporis
1382 2361 1670 2419 constituit
1697 2362 2080 2436 hypostasim,
2105 2370 2164 2421 ει
2203 2364 2570 2438 suppositum,

567 2450 700 2523 quia
719 2448 848 2504 nihil
870 2448 1016 2505 aliud
1037 2457 1119 2507 est
1146 2457 1341 2522 praetor
1365 2451 1484 2507 haec
1499 2452 1629 2508 duo.
1653 2451 1712 2507 ln
1740 2452 1971 2509 Domino
1994 2460 2179 2509 autem
2200 2452 2329 2509 Jesu
2349 2454 2576 2512 Christo

539 2532 768 2611 'praeter
790 2538 1028 2593 animam
1050 2546 1106 2595 ot
1134 2552 1331 2611 corpus
1372 2539 1799 2597 advenit-tortia
1826 2539 2150 2607 substantia,
2183 2541 2394 2598 scilicet
2420 2542 2576 2599 divi·

568 2626 733 2682 nitas·
762 2626 880 2682 Non
910 2640 1039 2698 ergo
1082 2631 1167 2683 est
1210 2639 1458 2684 seorsum
1500 2629 1859 2702 suppositum,
1909 2629 1996 2687 vel
2039 2628 2368 2703 hypostasis,
2421 2630 2575 2688 sicut

566 2728 670 2771 noc
708 2730 937 2787 persona
984 2714 1039 2771 id
1076 2714 1224 2788 quod
1260 2722 1441 2773 estex
1467 2730 1695 2789 corpore
1734 2725 1792 2774 et
1835 2718 2016 2774 anima
2043 2717 2427 2786 constitutum,
2473 2718 2575 2775 sed

569 2804 928 2877 suppositum,
948 2800 1283 2877 hypostasi&
1314 2803 1401 2861 vel
1431 2817 1660 2878 persona
1689 2805 1851 2862 estid
1876 2806 2024 2879 quod
2049 2812 2265 2862 constat
2291 2822 2359 2863 ex
2393 2806 2575 2865 tribus

568 2892 907 2961 substantiis„
935 2908 1161 2966 corpore
1180 2892 1391 2950 scilicet
1410 2899 1466 2948 et
1490 2891 1671 2950 anima
1690 2900 1746 2949 et
1769 2892 2075 2961 divinitate,
2101 2900 2160 2951 et
2181 2893 2332 2950 sicin
2349 2893 2575 2952 Christo

568 2982 711 3039 sicut
749 2988 833 3039 est
867 2996 977 3038 una
1003 2986 1213 3038 tantum
1247 2997 1500 3055 persona,
1548 2982 1626 3039 ita
1655 2998 1822 3038 unum
1849 2983 2209 3055 suppositum,
2231 2976 2292 3039 'et
2325 3000 2433 3040 una
2463 2983 2578 3059 hy-

568 3070 823 3143 postasis
864 3068 988 3129 Alia
1029 3076 1215 3126 autem
1254 3070 1466 3126 ratione
1493 3068 1716 3127 advenit
1743 3070 1924 3126 anima
1952 3070 2186 3144 corpori,
2227 3078 2284 3127 et
2307 3070 2577 3131 divinitas

569 3154 807 3230 utrique.
832 3157 971 3213 Nam
996 3158 1175 3214 anima
1200 3156 1423 3213 advenit
1449 3158 1683 3231 corpori,
1710 3165 1770 3214 ut
1794 3156 1967 3216 forma
1995 3161 2112 3231 ejus
2140 3162 2398 3227 existens,
2427 3162 2577 3218 undo

569 3242 654 3299 his
675 3243 887 3301 duobus
913 3244 1262 3301 constituitur
1290 3240 1404 3303 'una
1434 3254 1648 3313 natura,
1690 3245 1820 3320 quae'
1857 3246 2059 3304 dicitur
2083 3247 2318 3305 humana
2347 3254 2571 3306 natura.

568 3322 841 3391 Divinitas
866 3326 1047 3391 autem
1075 3348 1181 3389 non
1207 3329 1429 3389 advenit
1452 3334 1650 3391 animae
1674 3341 1728 3391 et
1747 3335 1962 3406 corpori
1991 3350 2086 3403 per
2110 3332 2346 3393 modum
2356 3334 2570 3405 soerae

572 3410 748 3496 neque
790 3422 886 3497 per
914 3424 1139 3480 modum
1174 3423 1379 3496 partis3
1421 3423 1526 3481 hoc
1553 3426 1699 3481 enim
1741 3430 1825 3481 est
1851 3430 2044 3482 contra
2071 3425 2338 3481 rationem
2367 3424 2578 3483 divinae

571 3510 934 3583 perfectionis·
965 3506 1119 3568 Unde
1154 3527 1223 3567 ex
1258 3512 1566 3580 divinitate,
1610 3520 1667 3570 et
1693 3513 1896 3578 anima,
1927 3519 1984 3569 ει
2009 3526 2239 3584 corporo
2266 3512 2374 3569 non
2403 3528 2580 3570 cons-

568 3596 789 3682 tituitur
818 3614 923 3655 una
942 3606 1165 3667 natura,
1197 3600 1290 3657 sed
1321 3602 1438 3673 ipsa
1485 3608 1683 3659 natura
1709 3600 1896 3663 divina
1939 3600 1997 3657 in
2037 3600 2220 3674 seipsa
2257 3601 2474 3674 integra
2513 3609 2582 3659 ει

571 3704 705 3761 pura
728 3688 967 3744 existens
993 3687 1095 3744 sibi
1119 3687 1520 3762 quodammodo
1544 3688 2074 3763 incomprehensibili
2098 3694 2156 3746 et
2181 3687 2437 3745 ineffabili
2463 3689 2582 3746 hu-

566 3792 785 3834 manam
811 3781 1063 3835 naturam
1080 3790 1148 3832 ox
1174 3778 1353 3835 anima
1372 3782 1429 3838 ot
1451 3793 1678 3851 corporo
1699 3779 2051 3835 constitutam
2079 3777 2392 3851 assumpsit,
2416 3780 2582 3851 qnod

570 3880 639 3920 ex
660 3864 869 3921 infinita
898 3866 1100 3951 virtute
1124 3866 1241 3938 ejus
1264 3868 1551 3940 processit.
1583 3867 1842 3929 Videmus
1869 3868 2013 3923 enim
2045 3866 2195 3941 quod
2223 3874 2432 3940 quanto
2459 3866 2582 3923 ali-

562 3952 717 4024 quod
740 3966 905 4023 agens
930 3960 1015 4011 ost
1044 3946 1265 4028 majoris
1290 3955 1530 4023 virtutis,
1562 3958 1716 4013 tanto
1750 3956 1927 4027 magis
1947 3954 2054 4011 sibi
2081 3954 2321 4027 applicat
2343 3952 2582 4029 aliquod
