2850 4517
719 358 765 403 1.
797 371 878 387 --
905 358 1304 405 comannorum
1357 360 1721 407 ΤΗΒ-σιωπῶ
2106 351 2222 411 117

209 484 461 535 creatura
505 471 808 547 corporalis
849 472 1134 531 ordinatur
1162 473 1233 531 ad
1274 475 1599 533 rationalem
1644 478 1916 548 naturam,
1948 472 2219 554 quasi‘ad

211 569 394 624 finem.
427 564 657 638 Oportet
691 562 859 634 igitur
885 563 1034 636 quod
1063 563 1279 620 bomine
1313 562 1617 637 accipiente
1643 566 1893 625 ultimam
1924 560 2222 645 perfectio-³

212 670 334 710 nem
383 668 482 725 per
537 650 1014 717 resurrectionem,
1057 657 1310 707 creatura
1351 652 1657 724 corporalis
1688 652 1977 713 diversum
2014 642 2220 717 statum

213 740 465 814 accipiat,
493 744 548 795 et
575 738 878 793 secundum
904 737 1009 794 hoc
1035 737 1239 794 dicitur
1261 740 1509 796 innovari
1538 743 1775 799 'mundus
1802 743 2035 802 homine·
2052 754 2227 805 r‘e‘sura

215 837 393 903 gente,
426 827 738 888 secundum·
757 825 889 882 illud
923 828 1096 898 Apoc.
1125 841 1230 884 xxi
1267 845 1281 883 ι
1320 827 1449 884 Vidi
1476 830 1658 886 coelum
1694 831 1911 899 novum,
1942 841 1995 892 et
2016 819 2225 893 te'rram

213 934 399 976 novam
425 934 440 971 ε
472 923 530 973 et
553 918 658 972 lsa.
687 931 833 971 xxvr
865 932 878 969 :
910 916 1045 971 Ecce
1073 932 1166 989 eqo
1188 932 1306 971 creo
1326 917 1479 973 coelos
1507 934 1688 985 novos,
1706 927 1757 978 et
1782 908 1989 981 terrum
2011 914 2219 983 novam.

905 1086 1188 1159 CAPUT
1249 1088 1517 1157 CLXX.

435 1226 582 1306 Quae
602 1234 890 1293 creatum
915 1226 1388 1305 innovabuntur,
1417 1236 1477 1294 et
1502 1198 1634 1313 quoe
1658 1188 2000 1301 manebunt.
2070 1212 2077 1218 ⁶
2136 1210 2154 1223 ⁶

282 1364 750 1424 Considerandum
791 1369 974 1420 tamen
1015 1368 1120 1430 est,
1161 1364 1308 1437 quod
1346 1364 1563 1422 diversa
1606 1383 1808 1438 genera
1844 1379 2219 1430 creaturarum

211 1453 577 1529 corporalium
604 1452 904 1508 secundum
939 1450 1216 1509 diversam
1253 1453 1522 1510 rationem
1561 1456 1629 1511 ad
1656 1456 1929 1513 hominem
1958 1462 2222 1519 ordinan-

214 1552 324 1601 tur.
367 1542 710 1601 Manifestum
758 1548 842 1596 est
883 1541 1048 1608 enim,
1091 1541 1238 1612 quod
1276 1542 1482 1615 plantae
1520 1549 1575 1599 et
1611 1545 1869 1602 animalia
1906 1544 2221 1607 deserviunt

211 1632 416 1691 homini
446 1633 500 1686 iu
542 1629 807 1687 auxilium
835 1629 1170 1688 infirmitatis
1207 1628 1400 1702 ipsiuS,
1432 1630 1563 1688 dum
1588 1648 1653 1687 ex
1683 1634 1765 1691 eis
1794 1634 1960 1692 habet
1985 1639 2215 1710 victum,

211 1730 268 1781 et
294 1721 569 1786 vestitum,
589 1728 644 1775 et
662 1718 991 1785 vehiculum,
1021 1725 1077 1774 et
1100 1717 1433 1791 huJusmodi‚
1461 1721 1661 1792 quibus
1676 1720 1967 1781 infirmitas
1983 1725 2219 1786 humana

209 1815 576 1867 sustentatur.
616 1807 678 1863 ln
711 1814 862 1864 statu
908 1814 1090 1863 tamen
1131 1807 1323 1863 ultimo
1363 1824 1461 1881 per
1499 1812 1954 1869 resurrectionem
1990 1817 2209 1874 tolletur

209 1901 280 1959 ab
304 1895 532 1953 homine
558 1896 732 1951 omnis
750 1896 1044 1956 infirmitas
1068 1896 1213 1953 talis.
1244 1897 1437 1969 Neque
1466 1898 1612 1952 enim
1642 1898 1961 1971 indigebunt
1989 1906 2217 1960 ulterius

206 1987 465 2045 homines
492 1983 630 2041 cibis
656 1983 725 2039 ad
754 1984 1098 2061 vescendum,
1144 2001 1270 2041 cum
1305 1986 1419 2041 sint
1463 1986 1922 2059 incorruptibileS,
1954 1998 2016 2044 ut
2056 2007 2221 2065 supra

209 2084 492 2135 ostensum
519 2080 604 2129 est
637 2088 652 2127 :
678 2086 854 2145 neque
882 2074 1223 2129 vestimentis
1252 2073 1322 2129 ad
1347 2072 1723 2148 operiendum,
1760 2079 1947 2147 utpote
1977 2078 2070 2149 qui
2100 2079 2220 2134 cla-

209 2167 376 2221 ritate
405 2162 594 2235 gloriae
617 2161 952 2231 vestientur3
982 2177 1162 2235 neque
1194 2160 1523 2219 animalibus
1559 2162 1629 2218 ad
1665 2161 1991 2232 vehiculum,
2020 2166 2219 2240 quibus

210 2254 432 2325 agilitas
459 2252 636 2309 aderit
675 2268 689 2305 ε
723 2264 901 2323 neque
943 2249 1218 2323 aliquibus
1260 2249 1517 2307 remediis
1541 2251 1608 2307 ad
1650 2252 1948 2311 sanitatem
1992 2271 2221 2313 conser-

211 2341 472 2408 vandum,
505 2345 693 2413 utpote
721 2340 817 2412 qui
856 2337 1220 2410 impassibiles
1261 2340 1649 2411 erunt.·1gitur
1670 2340 1979 2413 hujusmodi
2018 2361 2217 2420 corpo-

210 2448 338 2489 reas
373 2436 670 2497 creaturas,
710 2427 923 2485 scilicet
967 2427 1200 2500 plantae,
1233 2435 1289 2484 et
1330 2428 1608 2496 animalia,
1658 2436 1715 2486 et
1757 2429 1866 2488 alia
1907 2433 2217 2507 hujusmodi

211 2536 440 2594 corpora
478 2522 640 2576 mista
675 2518 1008 2574 conveniens
1035 2524 1121 2573 est
1157 2515 1214 2571 in
1257 2523 1406 2573 statu
1449 2517 1595 2574 illius
1626 2518 1833 2577 ultimae
1864 2537 2220 2582 consumma-

209 2610 382 2667 tionis
410 2623 514 2663 non
551 2622 853 2663 remanere.
881 2604 1130 2673 Quatuor
1164 2619 1297 2661 vero
1337 2604 1630 2676 elementa,
1659 2608 1870 2665 scilicet
1909 2610 2072 2681 ignis,
2101 2629 2215 2681 aer,

209 2705 268 2756 et
295 2712 467 2770 aqua,
493 2704 547 2751 et
573 2702 716 2751 terra
746 2694 1068 2751 ordinantur
1098 2686 1166 2752 ad
1193 2693 1467 2751 bominem
1491 2711 1599 2751 non
1631 2696 1806 2752 solum
1850 2710 2117 2770 quantum
2148 2703 2217 2758 ad

210 2802 378 2845 usum
403 2784 873 2857 corporalisvitae,
899 2782 996 2849 sed
1020 2770 1188 2837 etiam
1221 2788 1487 2854 quantum
1516 2782 1584 2837 ad
1616 2784 2061 2843 constitutionem
2092 2806 2220 2845 cor-

209 2874 366 2947 poris
393 2871 530 2942 ejus.
557 2871 696 2927 Nam
734 2884 934 2941 corpus
972 2868 1270 2926 humanum
1299 2883 1364 2922 ex
1394 2866 1681 2923 elementis
1721 2872 2083 2928 constitutum
2106 2876 2218 2930 est.

210 2964 307 3021 Sic
329 2961 496 3033 igitur
521 2959 864 3016 essentialem
893 2956 1141 3014 ordinem
1167 2956 1366 3037 babent
1391 2954 1661 3012 elementa
1700 2956 1769 3013 ad
1798 2972 1997 3031 corpus
2024 2960 2222 3018 huma-

211 3067 369 3107 num.
397 3049 552 3107 Unde
571 3048 789 3105 homine
829 3038 1208 3104 consummato
1238 3046 1294 3101 in
1327 3060 1557 3119 corpore
1594 3053 1650 3101 et
1668 3044 1861 3103 anima
1890 3034 2223 3108 conveniens

212 3145 302 3197 est
329 3142 389 3195 ut
412 3139 580 3195 etiam
606 3136 878 3193 elementa
906 3122 1246 3201 remaneant,
1273 3134 1370 3191 sed
1408 3134 1465 3190 in
1493 3133 1773 3192 meliorem
1807 3135 2223 3210 dispositionem

212 3232 449 3283 mutata.
474 3226 716 3298 Corpora
737 3238 870 3280 vero
897 3223 1147 3281 coelestia
1163 3230 1433 3297 quantum
1448 3223 1521 3279 ad
1547 3222 1634 3279 sui
1656 3223 2024 3285 substantiam
2044 3245 2225 3302 neque

210 3316 270 3371 in
302 3331 404 3371 usu
433 3312 804 3386 corruptibilis
836 3312 969 3370 vitae
1014 3312 1084 3369 ab
1109 3312 1328 3384 bomine
1365 3317 1737 3381 assumuntur,
1768 3330 1944 3387 neque
1975 3319 2225 3390 corporis

210 3403 439 3461 humani
461 3402 828 3461 substantiam
848 3402 1076 3467 intrant,
1101 3400 1418 3459 deserviunt
1448 3408 1631 3458 tamen
1650 3401 1854 3458 homini
1876 3402 1931 3459 in
1956 3412 2251 3479 quantum,

211 3508 282 3549 ex
311 3508 504 3548 eorum
529 3490 715 3565 specie
756 3496 812 3547 et
857 3490 1236 3563 magnitudine
1263 3489 1643 3547 excellentiam
1684 3490 1769 3549 sui
1814 3494 2081 3550 creatoris
2122 3496 2226 3551 de-.

211 3586 527 3638 monstrant
569 3598 582 3636 ε
637 3579 784 3636 unde
826 3579 1140 3653 frequenter
1195 3580 1253 3638 in
1305 3578 1607 3656 scripturis
1644 3580 1807 3637 homo
1862 3589 2110 3639 movetur
2154 3585 2226 3641 ad

211 3667 674 3727 considerandum
697 3668 947 3726 coelestia
975 3683 1224 3741 corpora,
1251 3673 1314 3722 ut
1341 3684 1410 3724 ex
1437 3668 1519 3725 eis
1546 3667 1851 3726 adducatur
1874 3672 1931 3726 in
1968 3687 2230 3729 reveren-⁹

211 3759 353 3817 tiam
377 3759 644 3829 divinam,
678 3764 739 3814 ut
767 3765 919 3831 patet
947 3773 960 3812 t
992 3758 1099 3814 lsa.
1138 3772 1234 3814 xc.
1264 3756 1356 3813 ubi
1382 3756 1589 3813 dicitur
1614 3775 1626 3810 :
1656 3756 1849 3816 Levate
1884 3760 1945 3815 in
1972 3762 2233 3818 excelsum

207 3850 387 3905 oculor
413 3855 638 3914 vestroe,
663 3855 715 3906 et
736 3847 908 3905 videte
932 3846 1050 3921 quis
1073 3847 1274 3903 creavit
1302 3847 1432 3906 ltoec.
1454 3847 1523 3903 Et
1551 3847 1803 3920 quamvis
1831 3849 1887 3904 in
1914 3857 2064 3906 statu
2092 3867 2227 3924 per-

207 3937 470 3997 fectionis
498 3938 650 3995 illius
675 3936 840 3996 bomo
864 3952 933 3994 ex
955 3936 1226 3993 creaturis
1247 3934 1599 3995 sensibilibus
1626 3934 1683 3993 in
1712 3936 1810 3994 Dei
1839 3938 2092 3999 notitiam
2120 3956 2231 4003 non
