2850 4517
826 222 838 255 l

666 351 758 399 111.
804 367 885 383 --
924 352 1002 397 nu
1045 352 1400 401 numeneus
1443 356 1828 415 ennarrans,
1875 358 2009 405 ητα.
2229 330 2351 405 ι283

335 469 575 529 maxime
608 484 737 528 cum
765 484 874 527 non
918 466 1097 526 solum
1135 476 1386 528 teneatur
1414 470 1472 529 id
1511 472 1658 547 quod
1699 475 1930 547 accepit,
1963 474 2058 531 sed
2087 475 2256 533 etiam
2284 477 2353 533 de

337 561 537 618 damno
562 558 709 633 quod
739 557 871 616 fecit
900 563 1133 633 patrono
1164 576 1231 615 ex
1258 559 1381 629 hoc,
1416 568 1474 617 et
1511 576 1638 618 cum
1676 561 1780 617 hoc
1816 562 1983 619 etiam
2007 569 2226 621 tenetur
2267 566 2354 622 sa-

334 663 461 706 cere
496 642 878 722 poenitentiam
908 648 977 704 de
1007 657 1254 721 peccato.
1299 650 1429 707 Ideo
1471 651 1678 723 dicitur
1703 651 1875 708 Abac.
1922 669 1966 709 11
2008 670 2021 708 ε
2070 652 2159 711 Vre
2185 655 2234 709 εἰ
2261 655 2355 729 qui

335 738 657 811 multiplicat
682 752 789 795 non
811 752 930 793 sua.
962 737 1013 794 U
1012 753 1237 809 squequo
1256 745 1307 795 et
1326 746 1585 810 aggravat
1609 745 1797 796 contra
1815 756 1872 796 se
1892 740 2112 796 densum
2137 743 2309 799 lutum
2322 743 2352 797 ⁶?

338 827 577 883 Densum
604 826 783 882 lutum
827 824 983 891 dicit,
1014 820 1159 897 quod
1192 840 1297 881 non
1334 826 1403 882 de
1441 826 1589 883 sacili
1618 827 1784 883 homo
1809 828 2108 899 egreditur.
2140 830 2348 892 Tertio,

338 932 407 971 ex
433 914 627 972 talium
659 913 955 971 inutilitate
986 930 1003 969 x
1042 928 1147 969 non
1186 913 1332 970 enim
1360 924 1489 972 sunt
1535 916 1711 985 utilia,
1763 932 1940 989 neque
1969 917 2350 991 spiritualiter.

338 1005 499 1060 Prov.
538 1019 581 1060 x
620 1020 634 1058 ε
669 1001 769 1061 Nil
792 1001 1095 1074 proderunt
1124 1002 1365 1060 thesauri
1390 1004 1708 1077 impietatis.
1740 1005 1962 1061 Divitiae
2003 1005 2148 1062 enim
2185 1006 2353 1079 spiri-

340 1092 562 1149 tualiter
610 1098 838 1164 prosunt
882 1090 953 1146 ad
982 1089 1361 1165 eleemosynas
1389 1099 1446 1147 et
1491 1093 1782 1151 sacrificia.
1812 1093 1974 1157 Prov.
2020 1110 2132 1151 xm
2183 1111 2196 1149 ε
2245 1096 2353 1152 Re-

338 1180 565 1253 demptio
606 1179 801 1239 unimoe
844 1177 961 1235 viri
1004 1178 1211 1235 divitiae
1254 1196 1383 1245 sace,
1429 1180 1525 1237 sed
1573 1182 1643 1238 de
1688 1198 1794 1239 non
1841 1184 2078 1257 propriis
2128 1180 2350 1240 dicitur.

339 1270 445 1325 Isa.
476 1284 576 1325 mxl
609 1268 767 1340 2·qu
794 1266 1053 1324 Dominus
1075 1266 1299 1339 diligens
1318 1267 1604 1340 judicium,
1633 1277 1685 1327 et
1725 1270 1844 1326 odio
1871 1270 2064 1327 habens
2101 1272 2352 1344 rapinam

338 1358 399 1413 in
443 1358 819 1415 holocaustum.
860 1356 1071 1413 Eccles,
1118 1371 1308 1412 xxxlv
1339 1374 1353 1411 :
1386 1356 1493 1423 Qui
1534 1358 1691 1428 offert
1725 1358 2052 1431 sacrificium
2093 1376 2158 1415 ex
2199 1360 2350 1415 subs-

339 1436 531 1503 tantia
539 1460 863 1518 pauperum,
887 1445 1041 1519 quasi
1068 1444 1162 1516 qui
1183 1444 1427 1502 victimat
1454 1445 1629 1517 filium
1652 1446 1714 1501 in
1738 1454 2013 1519 conspectu
2031 1448 2215 1521 putris
2236 1448 2344 1503 sui.

337 1538 453 1592 Nec
472 1534 865 1609 temporaliter,
893 1535 1022 1607 quia
1049 1550 1240 1606 parum
1269 1534 1490 1592 durant.
1516 1535 1689 1592 Abac.
1714 1548 1760 1592 n
1788 1553 1802 1590 ε
1838 1535 1928 1594 Vae
1949 1534 2043 1609 qui
2065 1543 2348 1609 coum-eyat

336 1624 634 1681 avaritiam
687 1623 749 1679 in
787 1624 984 1680 malum
1028 1622 1208 1679 domui
1245 1638 1377 1688 euoe,
1403 1628 1453 1678 et
1498 1622 1728 1680 liberari
1767 1640 1820 1680 se
1860 1620 2022 1697 putat
2082 1624 2144 1680 de
2182 1641 2350 1680 manu

335 1712 619 1779 muli,etc.
648 1712 808 1769 Prov-
835 1726 1027 1768 xxvm
1052 1728 1064 1766 ε
1091 1710 1195 1777 Qui
1218 1718 1490 1769 coacervat
1513 1710 1736 1769 divitiae
1761 1714 1965 1779 usuc-is,
1987 1721 2040 1770 et
2060 1713 2264 1786 foenore
2293 1713 2354 1769 li-

335 1802 509 1857 cerati
531 1802 592 1857 in
609 1816 872 1874 pauperes
888 1806 1169 1873 conqreqat
1195 1816 1302 1855 eas.
1330 1802 1496 1857 Prov.
1521 1814 1635 1857 xm
1664 1818 1677 1857 τ
1709 1801 2026 1857 Custoditur
2033 1802 2180 1872 justo
2197 1801 2353 1855 subs-

336 1890 521 1946 tantia
554 1889 865 1961 peccatoris.
908 1888 1139 1959 Quarto,
1181 1904 1249 1945 ex
1296 1888 1607 1945 nocumenti
1649 1888 2028 1962 singularitate
2080 1906 2092 1942 :
2145 1888 2352 1945 faciunt

335 1979 488 2035 enim
525 1978 755 2051 perdere
795 1978 919 2035 alia.
948 1978 1088 2034 Sunt
1114 1977 1261 2033 enim
1287 1976 1432 2033 sicut
1458 1977 1601 2049 ignis
1637 1977 1810 2051 paleis
1838 1977 1960 2033 aliis
1999 1977 2350 2033 commixtus·

335 2067 461 2123 lob.
494 2082 573 2129 xv
613 2084 628 2123 ε
670 2067 821 2139 Ignis
846 2064 1122 2125 devoravit
1146 2064 1490 2122 tabernacula
1518 2082 1700 2123 eorum
1738 2066 1830 2139 qui
1874 2081 2102 2122 munera
2127 2064 2353 2121 libenter

335 2155 630 2227 accipiunt.
665 2156 818 2228 Scias
845 2156 1086 2228 insuper,
1117 2157 1261 2231 quod
1302 2154 1430 2213 talis
1459 2170 1566 2213 non
1601 2155 1778 2213 solum
1806 2170 1962 2213 suam
1991 2153 2198 2213 amittit
2228 2153 2351 2209 ani-

340 2259 509 2312 mam,
540 2244 636 2301 sed
663 2244 831 2301 etiam
858 2244 1112 2315 filiorum,
1143 2244 1273 2317 quia
1300 2243 1377 2300 illi
1408 2250 1664 2300 tenentur
1691 2244 1938 2301 reddere.
2321 2236 2324 2241 ’

924 2440 1019 2517 De
1042 2418 1247 2505 octavc
1266 2414 1567 2523 praecepto
1597 2442 1769 2523 leyis.

412 2603 541 2662 Non
564 2600 800 2674 loquaris
825 2606 1015 2658 contra
1034 2599 1343 2673 proximum
1378 2607 1534 2658 tuum
1569 2600 1764 2671 falsum
1806 2599 2185 2658 testimonium.
2219 2601 2352 2656 Pro-

336 2692 523 2749 hibuit
554 2692 677 2762 -jam
705 2690 986 2761 Dominus,
1014 2690 1161 2763 quod
1189 2688 1371 2745 nullus
1394 2688 1686 2761 injurietur
1714 2689 1958 2759 proximo
1991 2704 2090 2745 suo
2133 2703 2298 2759 opere
2337 2705 2350 2743 z

337 2793 492 2837 nunc
516 2785 699 2834 autem
728 2779 973 2851 praecipit
1002 2777 1148 2850 quod
1176 2792 1283 2833 nou
1317 2776 1611 2850 injurietur
1640 2775 1824 2843 verbo,
1852 2782 1907 2830 et
1929 2775 2034 2831 hoc
2071 2784 2154 2831 est
2183 2792 2195 2829 ε
2226 2776 2352 2832 Non

336 2867 605 2940 loquaris,
631 2872 737 2923 etc.
758 2866 873 2922 Hoc
896 2873 1080 2923 autem
1110 2872 1291 2940 potest
1314 2880 1436 2922 esse
1453 2863 1764 2937 dupliciter,
1797 2862 1880 2917 vel
1925 2864 1981 2917 in
2004 2862 2232 2935 judicio,
2267 2862 2352 2917 vel

339 2960 397 3014 in
428 2956 699 3013 communi
735 2955 1031 3013 locutione.
1072 2956 1133 3013 In
1164 2954 1376 3028 judicio
1404 2960 1590 3011 autem
1620 2952 1797 3010 tribus
1826 2950 2022 3018 modiS,
2049 2951 2350 3006 secundum

338 3046 488 3121 quod
523 3054 635 3103 tres
664 3060 911 3119 personae
941 3050 1170 3119 pessunt
1197 3046 1379 3101 facere
1417 3047 1609 3099 contra
1642 3041 1746 3097 hoc
1788 3046 2140 3113 praeceptum.
2173 3040 2351 3097 Prima

338 3149 595 3209 persona,
626 3134 837 3191 scilicet
866 3134 1179 3192 accusantis
1209 3133 1367 3191 falso.
1410 3130 1584 3189 Levit.
1637 3145 1744 3185 xix
1790 3146 1803 3184 ε
1852 3126 1975 3186 Νοη
2011 3128 2124 3185 eris
2163 3128 2352 3185 crimi-

336 3229 526 3290 nator,
548 3239 642 3279 nec
661 3238 888 3280 murro
910 3223 969 3278 in
988 3222 1219 3296 populis.
1245 3221 1315 3278 Et
1344 3226 1473 3277 nota
1499 3218 1646 3294 quod
1675 3218 1814 3273 sicut
1843 3231 1952 3272 non
1978 3218 2144 3273 debes
2171 3218 2352 3273 dicere

337 3310 557 3379 falsum,
593 3312 672 3369 ita
700 3326 807 3369 non
836 3310 1001 3368 debes
1031 3318 1212 3368 tacere
1242 3324 1452 3367 verum.
1494 3309 1626 3366 Mat.
1655 3322 1805 3363 xvm
1839 3321 1851 3360 z
1892 3304 1953 3361 Si
1969 3307 2267 3378 peccaverit
2295 3306 2352 3359 in

338 3408 395 3459 te
431 3399 614 3472 frater
647 3407 791 3466 tuus,
833 3400 965 3456 vade
1003 3406 1055 3457 et
1094 3400 1305 3472 corripe
1343 3414 1479 3455 eum.
1522 3398 1680 3464 Item,
1710 3408 1959 3467 personae
2009 3394 2354 3450 testificantis

341 3489 973 3546 mentiendo.·-Proverb.
1004 3504 1113 3545 xlx
1153 3506 1167 3544 ε
1212 3488 1380 3545 Testis
1400 3486 1572 3559 falsus
1606 3501 1712 3543 non
1746 3483 1855 3541 erit
1884 3482 2182 3557 impunitus
2210 3499 2226 3538 .·
2253 3482 2355 3539 hoc

339 3578 486 3633 enim
510 3585 848 3652 praeceptum
872 3576 1104 3634 includit
1126 3577 1308 3633 omnia
1336 3575 1726 3649 praecedentia,
1755 3574 1886 3647 quia
1911 3570 2206 3647 aliquando
2228 3570 2354 3626 talis

338 3672 429 3722 est
466 3666 759 3737 homicida,
790 3666 1085 3741 aliquando
1113 3666 1201 3721 fur
1222 3673 1329 3720 etc.
1367 3664 1580 3720 Debent
1605 3667 1790 3721 autem
1831 3661 1921 3717 isti
1958 3660 2138 3734 puniri
2166 3674 2348 3733 poena,

337 3754 414 3812 de
437 3768 545 3828 qua
568 3755 794 3812 dicitur.
824 3756 990 3812 Deut.
1017 3770 1123 3811 xlx
1152 3770 1165 3810 ε
1194 3754 1326 3810 Cum
1352 3750 1751 3823 diliyentiseime
1773 3755 2174 3823 perscrutantes
2196 3747 2352 3803 inve-

335 3843 527 3901 nerine
570 3843 769 3917 falsum
810 3850 991 3902 testem
1034 3841 1226 3899 diaeisse
1284 3846 1473 3896 contra
1513 3838 1746 3911 fratrem
1797 3854 1950 3893 auum
2001 3836 2353 3902 mendacium,

336 3931 564 3989 reddent
589 3932 640 3989 ei
663 3933 805 3990 sicut
839 3932 1013 4005 tratri
1053 3948 1145 3990 suo
1180 3930 1357 4004 facere
1391 3926 1664 4001 coqitavit·
1703 3926 1830 3988 Non
1856 3924 2190 3985 misereberis
2217 3924 2349 3998 effus.
