2850 4517
748 385 792 431 1.
825 400 906 418 --
932 385 1336 432 communium
1384 386 1751 433 ‘rnnonocm
2178 370 2285 433 83-

833 638 838 645 .
947 528 1230 651 CAPUT
1275 583 1549 652 CXXV.

406 722 588 804 Qvod
605 681 926 803 infiriores
947 724 1300 797 substantia
1331 708 1771 813 intellectuales
1794 730 2099 806 reyumur
2136 796 2141 805 .
2233 718 2239 723 ’
2272 721 2282 747 ’

981 832 1102 911 per
1131 814 1492 897 superiores.

303 948 450 1019 Quia
471 948 640 1022 igitur
665 947 1066 1007 intellectuales
1084 954 1364 1007 creaturae
1389 947 1610 1006 caeteris
1638 948 1909 1006 creaturis
1930 955 2059 1007 sunt
2088 964 2277 1023 supe·-

229 1038 429 1105 riores,
461 1043 526 1093 ut
552 1054 621 1094 ex
642 1035 940 1111 praemissis
961 1043 1134 1111 patet,
1163 1037 1647 1106 manifestum‘·est,
1675 1038 1827 1111 quod
1848 1054 1947 1111 per
1971 1047 2277 1097 creaturas-

231 1126 636 1185 intellectuales
663 1142 852 1183 omnes
873 1126 999 1185 aliae
1021 1132 1290 1200 creaturas
1318 1118 1693 1199 gubernantur
1716 1143 1748 1184 a
1763 1128 1913 1185 Deo.
1942 1128 2102 1196 Item,
2129 1114 2281 1185 cum.

231 1219 384 1275 inter
397 1217 558 1291 ‘ipsas
581 1225 864 1277 creaturas
894 1216 1294 1273 intellectuales
1322 1216 1575 1289 quaedam
1620 1216 1744 1273 aliis
1782 1216 1894 1273 sint
1920 1217 2277 1291 superiore-⁶13„

230 1324 336 1382 per
357 1306 670 1379 superiores
691 1305 976 1362 inferiores
1003 1311 1266 1377 regu-ntur
1291 1321 1322 1361 a
1351 1306 1488 1372 Deo,
1519 1305 1662 1362 unde
1684 1305 1747 1361 fit
1775 1305 2128 1374 utbomines,
2158 1307 2253 1379 qui

178 1404 184 1409 '
231 1394 486 1452 infimum
511 1394 693 1452 loc'um
720 1395 1020 1452 secundum
1043 1402 1259 1452 naturae
1285 1395 1535 1452 ordinem
1571 1395 1626 1451 in
1650 1395 1975 1453 substantiis
2000 1394 2274 1453 intellec--

233 1485 479 1541 tualibus
519 1491 729 1552 tenent,
759 1485 1132 1557 gubernentur
1169 1498 1267 1557 per
1305 1485 1617 1557 superiores
1641 1485 1888 1557 spirituli,
1941 1484 2036 1561 qui
2076 1498 2147 1543 ex
2184 1500 2253 1541 eo

232 1574 387 1650 quod
423 1574 610 1631 divina
639 1573 948 1631 hominibus
974 1574 1250 1642 nuntiant,
1290 1574 1486 1646 Angeli
1527 1581 1809 1637 vocantur,
1840 1574 1894 1629 id
1936 1581 2021 1630 est
2049 1575 2249 1647 nuntii.

229 1666 484 1739 ipsorum
511 1664 678 1721 etiam
705 1663 1036 1735 Angelorum
1059 1662 1465 1735 inferiores-per
1500 1662 1809 1737 superiores
1831 1670 2117 1736 reguntur,
2158 1678 2253 1721 se-

229 1754 476 1811 cundum
499 1753 645 1826 quod
687 1754 742 1809 i'n
765 1754 900 1827 ipsis
925 1752 1164 1809 diversae
1191 1751 1533 1821 hierarchiae,
1566 1753 1622 1810 id
1652 1760 1754 1821 est,
1784 1754 1926 1810 sacri
1970 1754 2251 1828 principa-

229 1850 346 1911 tus,
373 1842 512 1897 etin
542 1838 770 1913 singulis
789 1841 1112 1899 hierarchiis
1136 1840 1338 1899 diversi
1368 1842 1589 1899 ordines
1616 1842 2046 1914 distinguuntur.

881 1972 888 1979 ’
919 2012 1221 2081 caperr-
1266 2011 1569 2079 cxxvl.
1635 2096 1639 2099 Α

613 2124 621 2129 ’
711 2154 806 2217 De
827 2135 1034 2234 ,qradu
1057 2153 1345 2251 erfordiae
1370 2132 1795 2235 Angelorumss.

300 2289 372 2345 Et
405 2288 536 2362 quia
573 2288 748 2344 omnis
789 2286 1114 2345 substantiae
1141 2287 1531 2346 intellectualis
1571 2288 1837 2362 operatio,
1883 2288 1941 2347 in
1982 2300 2251 2365 quantum

227 2377 564 2451 hujusmodi,
593 2376 664 2433 ab
691 2376 974 2433 intellectu
1011 2377 1280 2449 procedit,
1317 2385 1534 2450 oportet
1564 2378 1708 2450 quod
1736 2378 2034 2437 secundum
2062 2380 2261 2439 diver-'

229 2482 358 2523 sum
402 2466 782 2538 intelligentiae
819 2466 1044 2522 modum
1083 2465 1376 2523 diversitas
1401 2467 1757 2539 operationi3‚
1798 2474 1855 2523 et
1892 2470 2247 2542 praelationis,

228 2563 288 2613 et
317 2556 527 2612 ordinis
577 2555 632 2611 in
679 2550 1004 2611 substantiis
1051 2554 1535 2613 intellectualibus.
1557 2556 1885 2615 inveniatur.
1936 2560 2252 2618 Intellectus

229 2651 420 2701 autem
462 2652 668 2715 quanto
709 2649 800 2698 est
833 2641 1138 2709 sublimior,
1171 2658 1270 2699 seu
1311 2644 1543 2715 dig-nior,
1577 2650 1731 2701 tanto
1761 2646 1937 2719 magis
1964 2647 2019 2703 in
2064 2647 2247 2705 altiori

228 2742 284 2791 et
316 2732 696 2789 universaliori
735 2748 905 2789 causa
952 2733 1193 2790 rationes
1229 2734 1485 2791 effectum
1526 2735 2107 2809 considerare'potest.
2132 2741 2249 2795 ·Su·-

228 2822 421 2897 perius
449 2822 616 2877 etiam
643 2822 850 2879 dictum
879 2830 982 2890 est,
1016 2823 1162 2895 quod
1193 2824 1440 2895 superior
1468 2824 1779 2880 intellectus
1806 2826 2017 2898 species
2041 2826 2252 2881 intelli-

227 2912 430 2985 gibiles
479 2910 899 2970 universaliores
954 2910 1142 2967 habet.
1193 2910 1408 2967 Primus
1454 2910 1621 2981 igitur
1664 2911 2005 2982 intelligendi
2058 2914 2250 2969 modus

227 3001 559 3057 substantiis
580 2994 1041 3059 intellectualibus
1062 3001 1394 3058 conveniens
1417 3006 1521 3067 est,
1547 3006 1607 3055 ut
1634 3000 1691 3055 in
1716 3000 1835 3073 ipsa
1854 3000 2243 3074 primaffcausa,

228 3090 443 3147 scilicet
481 3091 614 3157 Deo,
647 3091 942 3147 effectuum
988 3092 1230 3147 rationes
1271 3090 1619 3166 participent,
1672 3095 1729 3146 et
1774 3105 1871 3163 per
1910 3106 2251 3163 corrsequens

228 3194 453 3235 suorum
481 3192 730 3252 operum,
761 3196 888 3235 cum
917 3196 1013 3249 per
1051 3196 1145 3235 eas
1187 3181 1334 3236 Deus
1375 3177 1663 3235 inferiores
1690 3179 1915 3247 effectus
1943 3179 2243 3253 dispensat,

226 3275 284 3324 et
313 3269 418 3324 boc
444 3274 528 3324 est
569 3268 850 3341 proprium
880 3268 1072 3341 primae
1101 3267 1439 3336 hierarchiae,
1470 3282 1595 3341 quae
1635 3268 1691 3323 in
1720 3274 1833 3323 tres
1856 3268 2077 3325 ordines
2098 3269 2249 3326 divi-

225 3358 399 3425 ditur,
421 3362 730 3413 tsecundum
759 3358 864 3413 tria
906 3343 1030 3431 qiiae
1071 3359 1127 3414 in
1157 3357 1402 3431 qualibet
1430 3357 1713 3431 operativa
1742 3364 1861 3413 arte
1887 3358 2255 3415 'consideran--

227 3451 340 3514 tur,
366 3459 602 3519 quorum
621 3445 864 3517 primum.
886 3453 970 3501 est
1000 3444 1140 3513 finis,
1173 3462 1242 3501 ex
1263 3462 1372 3519 quo
1391 3446 1633 3501 rationes
1656 3461 1883 3519 operum
1911 3450 2202 3502 sumuntur
2228 3464 2257 3504 :-

223 3534 532 3591 secundum
561 3540 644 3590 est
673 3534 916 3591 rationes
943 3550 1172 3608 operum
1200 3534 1253 3590 in
1281 3541 1467 3590 mente
1496 3535 1727 3591 artificis
1754 3535 2053 3593 existentes
2078 3551 2099 3590 τ
2130 3541 2251 3591 ter—

229 3624 370 3679 tium
394 3628 478 3679 est
505 3624 903 3697 applicationes
929 3639 1155 3697 operum
1185 3624 1262 3679 ad.r
1283 3624 1533 3679 effectus.
1570 3611 1739 3680 Primi
1767 3634 1895 3695 ergo
1924 3623 2133 3681 ordinis
2162 3634 2249 3681 est

225 3713 282 3767 in
311 3712 432 3784 ipso
459 3727 676 3768 summo
721 3713 882 3781 bono,
915 3719 1078 3786 prout
1105 3719 1189 3769 est
1219 3712 1444 3769 ultimus
1480 3712 1609 3769 finis
1634 3730 1834 3781 rerum,
1866 3713 1935 3768 de
1962 3712 2256 3769 effectibus·

221 3800 466 3866 edoceri,
493 3802 643 3857 unde
670 3800 742 3858 ab
787 3802 986 3858 ardore
1025 3802 1226 3861 amoris
1256 3799 1535 3874 Seraphim
1562 3802 1822 3858 dicuntur
1847 3800 2005 3875 quasi
2040 3802 2255 3857 erdem·

221 3897 328 3959 tes,
363 3889 450 3947 vel
493 3890 884 3957 incendentes:
915 3892 1132 3953 Amoris
1157 3891 1304 3953 enim
1341 3891 1615 3965 objectum
1643 3899 1727 3949 est
1748 3891 1977 3951 bonurn.
2008 3892 2251 3961 Secund-i-

217 3979 598 4043 vero'ordiui·
633 3990 746 4053 m,
783 3983 1014 4049 effectus
1053 3980 1154 4039 Dei
1191 3981 1248 4041 in
1277 3980 1429 4061 ipsi·
1463 3980 1769 4047 nimbus·
1807 3978 2252 4065 iumugibilihee
