<?xml version="1.0" encoding="UTF-8"?>
<!DOCTYPE html PUBLIC "-//W3C//DTD XHTML 1.0 Transitional//EN"
    "http://www.w3.org/TR/xhtml1/DTD/xhtml1-transitional.dtd">
<html xmlns="http://www.w3.org/1999/xhtml" xml:lang="en" lang="en">
 <head>
  <title>
</title>
<meta http-equiv="Content-Type" content="text/html;charset=utf-8" />
  <meta name='ocr-system' content='tesseract 3.04.00' />
  <meta name='ocr-capabilities' content='ocr_page ocr_carea ocr_par ocr_line ocrx_word'/>
</head>
<body>
  <div class='ocr_page' id='page_1' title='image "./sthomaquinatisd02thomgoog_0385.png"; bbox 0 0 2850 4517; ppageno 0'>
   <div class='ocr_carea' id='block_1_1' title="bbox 858 457 2281 518">
    <p class='ocr_par' dir='ltr' id='par_1_1' title="bbox 858 457 2281 518">
     <span class='ocr_line' id='line_1_1' title="bbox 858 457 2281 518; baseline 0.002 -4"><span class='ocrx_word' id='word_1_1' title='bbox 858 470 919 514; x_wconf 83' lang='lat' dir='ltr'><strong>v.</strong></span> <span class='ocrx_word' id='word_1_2' title='bbox 954 487 1033 500; x_wconf 92' lang='lat'>—</span> <span class='ocrx_word' id='word_1_3' title='bbox 1059 473 1138 514; x_wconf 79' lang='lat' dir='ltr'><strong>DE</strong></span> <span class='ocrx_word' id='word_1_4' title='bbox 1180 472 1500 516; x_wconf 67' lang='lat' dir='ltr'><strong>An&#39;rrcums</strong></span> <span class='ocrx_word' id='word_1_5' title='bbox 1545 473 1709 515; x_wconf 78' lang='lat' dir='ltr'><strong>me</strong></span> <span class='ocrx_word' id='word_1_6' title='bbox 2166 457 2281 518; x_wconf 75' lang='lat'><strong>371</strong></span> 
     </span>
    </p>
   </div>
   <div class='ocr_carea' id='block_1_2' title="bbox 277 582 2336 662">
    <p class='ocr_par' dir='ltr' id='par_1_2' title="bbox 277 582 2336 662">
     <span class='ocr_line' id='line_1_2' title="bbox 277 582 2336 662; baseline 0.005 -23"><span class='ocrx_word' id='word_1_7' title='bbox 277 583 623 641; x_wconf 86' lang='lat' dir='ltr'><strong>sanctificata</strong></span> <span class='ocrx_word' id='word_1_8' title='bbox 666 593 767 651; x_wconf 88' lang='lat' dir='ltr'><strong>est,</strong></span> <span class='ocrx_word' id='word_1_9' title='bbox 798 591 854 641; x_wconf 92' lang='lat' dir='ltr'><strong>et</strong></span> <span class='ocrx_word' id='word_1_10' title='bbox 883 585 1142 643; x_wconf 86' lang='lat' dir='ltr'><strong>virtutem</strong></span> <span class='ocrx_word' id='word_1_11' title='bbox 1172 582 1552 662; x_wconf 81' lang='lat' dir='ltr'><strong>sanctificandi</strong></span> <span class='ocrx_word' id='word_1_12' title='bbox 1601 586 1764 644; x_wconf 89' lang='lat' dir='ltr'><strong>habet</strong></span> <span class='ocrx_word' id='word_1_13' title='bbox 1793 602 1888 659; x_wconf 92' lang='lat' dir='ltr'><strong>per</strong></span> <span class='ocrx_word' id='word_1_14' title='bbox 1918 586 2150 642; x_wconf 84' lang='lat' dir='ltr'><strong>Verbum</strong></span> <span class='ocrx_word' id='word_1_15' title='bbox 2183 587 2286 644; x_wconf 88' lang='lat' dir='ltr'><strong>sibi</strong></span> <span class='ocrx_word' id='word_1_16' title='bbox 2331 644 2336 649; x_wconf 89' lang='lat'><strong>.</strong></span> 
     </span>
    </p>
   </div>
   <div class='ocr_carea' id='block_1_3' title="bbox 270 672 2288 2080">
    <p class='ocr_par' dir='ltr' id='par_1_3' title="bbox 270 672 2288 2080">
     <span class='ocr_line' id='line_1_3' title="bbox 276 672 2285 743; baseline 0.002 -17"><span class='ocrx_word' id='word_1_17' title='bbox 276 672 511 737; x_wconf 85' lang='lat' dir='ltr'><strong>unitum,</strong></span> <span class='ocrx_word' id='word_1_18' title='bbox 546 672 623 728; x_wconf 89' lang='lat' dir='ltr'><strong>ita</strong></span> <span class='ocrx_word' id='word_1_19' title='bbox 662 677 717 727; x_wconf 90' lang='lat' dir='ltr'><strong>et</strong></span> <span class='ocrx_word' id='word_1_20' title='bbox 749 689 836 729; x_wconf 90' lang='lat' dir='ltr'><strong>res</strong></span> <span class='ocrx_word' id='word_1_21' title='bbox 868 683 1182 731; x_wconf 87' lang='lat' dir='ltr'><strong>sanctorum</strong></span> <span class='ocrx_word' id='word_1_22' title='bbox 1210 676 1640 743; x_wconf 84' lang='lat' dir='ltr'><strong>sanctificantur,</strong></span> <span class='ocrx_word' id='word_1_23' title='bbox 1675 681 1731 730; x_wconf 88' lang='lat' dir='ltr'><strong>et</strong></span> <span class='ocrx_word' id='word_1_24' title='bbox 1763 675 1870 731; x_wconf 91' lang='lat' dir='ltr'><strong>vim</strong></span> <span class='ocrx_word' id='word_1_25' title='bbox 1908 675 2285 731; x_wconf 80' lang='lat' dir='ltr'><strong>sanctificandi</strong></span> 
     </span>
     <span class='ocr_line' id='line_1_4' title="bbox 273 761 2288 838; baseline 0 -21"><span class='ocrx_word' id='word_1_26' title='bbox 273 761 480 817; x_wconf 88' lang='lat' dir='ltr'><strong>habent</strong></span> <span class='ocrx_word' id='word_1_27' title='bbox 515 778 612 835; x_wconf 90' lang='lat' dir='ltr'><strong>per</strong></span> <span class='ocrx_word' id='word_1_28' title='bbox 639 769 806 819; x_wconf 88' lang='lat' dir='ltr'><strong>verba</strong></span> <span class='ocrx_word' id='word_1_29' title='bbox 835 779 959 836; x_wconf 84' lang='lat' dir='ltr'><strong>quae</strong></span> <span class='ocrx_word' id='word_1_30' title='bbox 987 763 1039 819; x_wconf 92' lang='lat' dir='ltr'><strong>in</strong></span> <span class='ocrx_word' id='word_1_31' title='bbox 1079 765 1166 821; x_wconf 90' lang='lat' dir='ltr'><strong>his</strong></span> <span class='ocrx_word' id='word_1_32' title='bbox 1194 765 1562 837; x_wconf 82' lang='lat' dir='ltr'><strong>proferuntur,</strong></span> <span class='ocrx_word' id='word_1_33' title='bbox 1592 765 1734 821; x_wconf 91' lang='lat' dir='ltr'><strong>unde</strong></span> <span class='ocrx_word' id='word_1_34' title='bbox 1763 769 1903 836; x_wconf 82' lang='lat' dir='ltr'><strong>Aug.</strong></span> <span class='ocrx_word' id='word_1_35' title='bbox 1937 763 2091 831; x_wconf 89' lang='lat' dir='ltr'><strong>dicit,</strong></span> <span class='ocrx_word' id='word_1_36' title='bbox 2126 780 2288 838; x_wconf 86' lang='lat' dir='ltr'><strong>super</strong></span> 
     </span>
     <span class='ocr_line' id='line_1_5' title="bbox 273 849 2287 921; baseline 0.005 -17"><span class='ocrx_word' id='word_1_37' title='bbox 273 849 433 906; x_wconf 83' lang='lat' dir='ltr'><strong>Joan.</strong></span> <span class='ocrx_word' id='word_1_38' title='bbox 456 867 470 905; x_wconf 90' lang='lat'>:</span> <span class='ocrx_word' id='word_1_39' title='bbox 491 871 516 902; x_wconf 79' lang='grc' dir='ltr'><em>α</em></span> <span class='ocrx_word' id='word_1_40' title='bbox 536 850 763 907; x_wconf 85' lang='lat' dir='ltr'>Accedit</span> <span class='ocrx_word' id='word_1_41' title='bbox 779 853 1006 908; x_wconf 88' lang='lat' dir='ltr'><strong>verbum</strong></span> <span class='ocrx_word' id='word_1_42' title='bbox 1027 853 1097 910; x_wconf 90' lang='lat' dir='ltr'><strong>ad</strong></span> <span class='ocrx_word' id='word_1_43' title='bbox 1112 853 1462 921; x_wconf 89' lang='lat' dir='ltr'><strong>elementum,</strong></span> <span class='ocrx_word' id='word_1_44' title='bbox 1483 859 1539 910; x_wconf 89' lang='lat' dir='ltr'><strong>et</strong></span> <span class='ocrx_word' id='word_1_45' title='bbox 1561 854 1620 910; x_wconf 82' lang='lat' dir='ltr'><strong>fit</strong></span> <span class='ocrx_word' id='word_1_46' title='bbox 1639 862 2064 911; x_wconf 88' lang='lat' dir='ltr'><strong>sacramentum.</strong></span> <span class='ocrx_word' id='word_1_47' title='bbox 2091 873 2116 904; x_wconf 73' lang='lat' dir='ltr'><strong>n</strong></span> <span class='ocrx_word' id='word_1_48' title='bbox 2131 853 2287 914; x_wconf 72' lang='lat' dir='ltr'><strong>Unde</strong></span> 
     </span>
     <span class='ocr_line' id='line_1_6' title="bbox 274 939 2288 1012; baseline 0.004 -19"><span class='ocrx_word' id='word_1_49' title='bbox 274 939 443 995; x_wconf 83' lang='lat' dir='ltr'><strong>verba</strong></span> <span class='ocrx_word' id='word_1_50' title='bbox 473 939 673 1012; x_wconf 89' lang='lat' dir='ltr'><strong>quibus</strong></span> <span class='ocrx_word' id='word_1_51' title='bbox 704 941 1118 999; x_wconf 86' lang='lat' dir='ltr'><strong>sanctificantur</strong></span> <span class='ocrx_word' id='word_1_52' title='bbox 1147 950 1510 1010; x_wconf 85' lang='lat' dir='ltr'><strong>sacramenta,</strong></span> <span class='ocrx_word' id='word_1_53' title='bbox 1539 943 1796 999; x_wconf 86' lang='lat' dir='ltr'><strong>dicuntur</strong></span> <span class='ocrx_word' id='word_1_54' title='bbox 1819 951 2288 1002; x_wconf 88' lang='lat' dir='ltr'><strong>sacramentorum</strong></span> 
     </span>
     <span class='ocr_line' id='line_1_7' title="bbox 273 1027 2282 1100; baseline 0.002 -17"><span class='ocrx_word' id='word_1_55' title='bbox 273 1027 467 1085; x_wconf 86' lang='lat' dir='ltr'><strong>formae</strong></span> <span class='ocrx_word' id='word_1_56' title='bbox 497 1045 513 1085; x_wconf 70' lang='grc' dir='ltr'><em>ε</em></span> <span class='ocrx_word' id='word_1_57' title='bbox 543 1045 631 1086; x_wconf 89' lang='lat' dir='ltr'><strong>res</strong></span> <span class='ocrx_word' id='word_1_58' title='bbox 660 1037 844 1086; x_wconf 90' lang='lat' dir='ltr'><strong>autem</strong></span> <span class='ocrx_word' id='word_1_59' title='bbox 874 1032 1231 1089; x_wconf 64' lang='lat' dir='ltr'><strong>sanctificatas</strong></span> <span class='ocrx_word' id='word_1_60' title='bbox 1256 1033 1513 1088; x_wconf 87' lang='lat' dir='ltr'><strong>dicuntur</strong></span> <span class='ocrx_word' id='word_1_61' title='bbox 1536 1037 2002 1090; x_wconf 87' lang='lat' dir='ltr'><strong>sacramentorum</strong></span> <span class='ocrx_word' id='word_1_62' title='bbox 2030 1033 2282 1100; x_wconf 87' lang='lat' dir='ltr'><strong>materia,</strong></span> 
     </span>
     <span class='ocr_line' id='line_1_8' title="bbox 272 1107 2288 1195; baseline 0.002 -23"><span class='ocrx_word' id='word_1_63' title='bbox 272 1118 419 1173; x_wconf 90' lang='lat' dir='ltr'><strong>sicut</strong></span> <span class='ocrx_word' id='word_1_64' title='bbox 445 1107 588 1191; x_wconf 78' lang='lat' dir='ltr'><strong>aqua</strong></span> <span class='ocrx_word' id='word_1_65' title='bbox 613 1125 697 1174; x_wconf 88' lang='lat' dir='ltr'><strong>est</strong></span> <span class='ocrx_word' id='word_1_66' title='bbox 719 1122 948 1176; x_wconf 90' lang='lat' dir='ltr'><strong>materia</strong></span> <span class='ocrx_word' id='word_1_67' title='bbox 978 1121 1253 1194; x_wconf 81' lang='lat' dir='ltr'>baptismi,</span> <span class='ocrx_word' id='word_1_68' title='bbox 1278 1128 1331 1177; x_wconf 89' lang='lat' dir='ltr'><strong>et</strong></span> <span class='ocrx_word' id='word_1_69' title='bbox 1348 1121 1585 1178; x_wconf 83' lang='lat' dir='ltr'><strong>chrisma</strong></span> <span class='ocrx_word' id='word_1_70' title='bbox 1601 1121 2051 1190; x_wconf 84' lang='lat' dir='ltr'><strong>confirmationis.</strong></span> <span class='ocrx_word' id='word_1_71' title='bbox 2076 1121 2288 1195; x_wconf 88' lang='lat' dir='ltr'><strong>Requi-</strong></span> 
     </span>
     <span class='ocr_line' id='line_1_9' title="bbox 273 1205 2287 1284; baseline 0.002 -23"><span class='ocrx_word' id='word_1_72' title='bbox 273 1205 416 1262; x_wconf 89' lang='lat' dir='ltr'><strong>ritur</strong></span> <span class='ocrx_word' id='word_1_73' title='bbox 444 1209 610 1263; x_wconf 88' lang='lat' dir='ltr'><strong>etiam</strong></span> <span class='ocrx_word' id='word_1_74' title='bbox 652 1209 706 1264; x_wconf 92' lang='lat' dir='ltr'><strong>in</strong></span> <span class='ocrx_word' id='word_1_75' title='bbox 744 1209 987 1282; x_wconf 88' lang='lat' dir='ltr'><strong>quolibet</strong></span> <span class='ocrx_word' id='word_1_76' title='bbox 1030 1217 1373 1268; x_wconf 90' lang='lat' dir='ltr'><strong>sacramento</strong></span> <span class='ocrx_word' id='word_1_77' title='bbox 1404 1225 1636 1284; x_wconf 89' lang='lat' dir='ltr'><strong>persona</strong></span> <span class='ocrx_word' id='word_1_78' title='bbox 1673 1208 1907 1265; x_wconf 89' lang='lat' dir='ltr'><strong>ministri</strong></span> <span class='ocrx_word' id='word_1_79' title='bbox 1955 1209 2287 1267; x_wconf 87' lang='lat' dir='ltr'><strong>conferentis</strong></span> 
     </span>
     <span class='ocr_line' id='line_1_10' title="bbox 273 1295 2286 1372; baseline 0.001 -22"><span class='ocrx_word' id='word_1_80' title='bbox 273 1303 677 1351; x_wconf 86' lang='lat' dir='ltr'><strong>sacramentum</strong></span> <span class='ocrx_word' id='word_1_81' title='bbox 713 1313 838 1353; x_wconf 89' lang='lat' dir='ltr'><strong>cum</strong></span> <span class='ocrx_word' id='word_1_82' title='bbox 883 1297 1184 1355; x_wconf 90' lang='lat' dir='ltr'><strong>intentione</strong></span> <span class='ocrx_word' id='word_1_83' title='bbox 1226 1297 1562 1372; x_wconf 77' lang='lat' dir='ltr'><strong>conferendi,</strong></span> <span class='ocrx_word' id='word_1_84' title='bbox 1595 1307 1649 1356; x_wconf 92' lang='lat' dir='ltr'><strong>et</strong></span> <span class='ocrx_word' id='word_1_85' title='bbox 1683 1297 1919 1354; x_wconf 81' lang='lat' dir='ltr'><strong>faciendi</strong></span> <span class='ocrx_word' id='word_1_86' title='bbox 1964 1295 2110 1371; x_wconf 87' lang='lat' dir='ltr'><strong>quod</strong></span> <span class='ocrx_word' id='word_1_87' title='bbox 2152 1298 2286 1355; x_wconf 83' lang='lat' dir='ltr'><strong>facit</strong></span> 
     </span>
     <span class='ocr_line' id='line_1_11' title="bbox 270 1384 2285 1460; baseline 0 -18"><span class='ocrx_word' id='word_1_88' title='bbox 270 1384 519 1442; x_wconf 79' lang='lat' dir='ltr'><strong>Ecclesia</strong></span> <span class='ocrx_word' id='word_1_89' title='bbox 546 1403 558 1442; x_wconf 72' lang='grc' dir='ltr'><strong><em>ε</em></strong></span> <span class='ocrx_word' id='word_1_90' title='bbox 592 1402 825 1459; x_wconf 87' lang='lat' dir='ltr'><strong>quorum</strong></span> <span class='ocrx_word' id='word_1_91' title='bbox 856 1388 1020 1443; x_wconf 90' lang='lat' dir='ltr'><strong>trium</strong></span> <span class='ocrx_word' id='word_1_92' title='bbox 1048 1386 1093 1442; x_wconf 92' lang='lat' dir='ltr'><strong>si</strong></span> <span class='ocrx_word' id='word_1_93' title='bbox 1120 1387 1325 1460; x_wconf 79' lang='lat' dir='ltr'><strong>aliquid</strong></span> <span class='ocrx_word' id='word_1_94' title='bbox 1356 1386 1516 1453; x_wconf 82' lang='lat' dir='ltr'><strong>desit,</strong></span> <span class='ocrx_word' id='word_1_95' title='bbox 1550 1385 1605 1442; x_wconf 90' lang='lat' dir='ltr'><strong>id</strong></span> <span class='ocrx_word' id='word_1_96' title='bbox 1636 1391 1740 1453; x_wconf 75' lang='lat' dir='ltr'><strong>est,</strong></span> <span class='ocrx_word' id='word_1_97' title='bbox 1779 1387 1827 1442; x_wconf 89' lang='lat' dir='ltr'><strong>si</strong></span> <span class='ocrx_word' id='word_1_98' title='bbox 1871 1388 2074 1443; x_wconf 87' lang='lat' dir='ltr'><strong>nonsit</strong></span> <span class='ocrx_word' id='word_1_99' title='bbox 2098 1386 2285 1443; x_wconf 83' lang='lat' dir='ltr'><strong>debita</strong></span> 
     </span>
     <span class='ocr_line' id='line_1_12' title="bbox 272 1474 2286 1542; baseline 0.002 -15"><span class='ocrx_word' id='word_1_100' title='bbox 272 1475 446 1529; x_wconf 78' lang='lat' dir='ltr'><strong>forma</strong></span> <span class='ocrx_word' id='word_1_101' title='bbox 476 1474 786 1541; x_wconf 89' lang='lat' dir='ltr'><strong>verborum,</strong></span> <span class='ocrx_word' id='word_1_102' title='bbox 820 1484 876 1532; x_wconf 91' lang='lat' dir='ltr'><strong>et</strong></span> <span class='ocrx_word' id='word_1_103' title='bbox 918 1477 963 1532; x_wconf 86' lang='lat' dir='ltr'><strong>si</strong></span> <span class='ocrx_word' id='word_1_104' title='bbox 992 1491 1097 1532; x_wconf 91' lang='lat' dir='ltr'><strong>non</strong></span> <span class='ocrx_word' id='word_1_105' title='bbox 1136 1477 1208 1532; x_wconf 87' lang='lat' dir='ltr'><strong>sit</strong></span> <span class='ocrx_word' id='word_1_106' title='bbox 1236 1476 1422 1533; x_wconf 86' lang='lat' dir='ltr'><strong>debita</strong></span> <span class='ocrx_word' id='word_1_107' title='bbox 1462 1475 1714 1542; x_wconf 82' lang='lat' dir='ltr'><strong>materia,</strong></span> <span class='ocrx_word' id='word_1_108' title='bbox 1743 1483 1800 1532; x_wconf 89' lang='lat' dir='ltr'><strong>et</strong></span> <span class='ocrx_word' id='word_1_109' title='bbox 1837 1475 1884 1531; x_wconf 93' lang='lat' dir='ltr'><strong>si</strong></span> <span class='ocrx_word' id='word_1_110' title='bbox 1916 1476 2162 1531; x_wconf 84' lang='lat' dir='ltr'>minister</span> <span class='ocrx_word' id='word_1_111' title='bbox 2190 1491 2286 1532; x_wconf 86' lang='lat' dir='ltr'><strong>sa-</strong></span> 
     </span>
     <span class='ocr_line' id='line_1_13' title="bbox 272 1563 2284 1638; baseline 0.002 -21"><span class='ocrx_word' id='word_1_112' title='bbox 272 1563 539 1618; x_wconf 90' lang='lat' dir='ltr'><strong>cramenti</strong></span> <span class='ocrx_word' id='word_1_113' title='bbox 581 1579 685 1619; x_wconf 88' lang='lat' dir='ltr'><strong>non</strong></span> <span class='ocrx_word' id='word_1_114' title='bbox 723 1565 955 1620; x_wconf 74' lang='lat' dir='ltr'>intendit</span> <span class='ocrx_word' id='word_1_115' title='bbox 982 1571 1384 1621; x_wconf 88' lang='lat' dir='ltr'><strong>sacramentum</strong></span> <span class='ocrx_word' id='word_1_116' title='bbox 1416 1565 1706 1631; x_wconf 83' lang='lat' dir='ltr'><strong>conficere,</strong></span> <span class='ocrx_word' id='word_1_117' title='bbox 1744 1580 1852 1620; x_wconf 89' lang='lat' dir='ltr'><strong>non</strong></span> <span class='ocrx_word' id='word_1_118' title='bbox 1881 1565 2161 1638; x_wconf 84' lang='lat' dir='ltr'><strong>perficitur</strong></span> <span class='ocrx_word' id='word_1_119' title='bbox 2190 1582 2284 1621; x_wconf 90' lang='lat' dir='ltr'><strong>sa-</strong></span> 
     </span>
     <span class='ocr_line' id='line_1_14' title="bbox 272 1653 2282 1726; baseline 0.002 -21"><span class='ocrx_word' id='word_1_120' title='bbox 272 1660 636 1707; x_wconf 89' lang='lat' dir='ltr'><strong>cramentum.</strong></span> <span class='ocrx_word' id='word_1_121' title='bbox 694 1653 996 1725; x_wconf 88' lang='lat' dir='ltr'><strong>Impeditur</strong></span> <span class='ocrx_word' id='word_1_122' title='bbox 1046 1653 1212 1709; x_wconf 88' lang='lat' dir='ltr'><strong>etiam</strong></span> <span class='ocrx_word' id='word_1_123' title='bbox 1273 1653 1501 1709; x_wconf 84' lang='lat' dir='ltr'><strong>effectus</strong></span> <span class='ocrx_word' id='word_1_124' title='bbox 1543 1653 1874 1708; x_wconf 74' lang='lat' dir='ltr'><strong>sacramenti</strong></span> <span class='ocrx_word' id='word_1_125' title='bbox 1923 1669 2021 1725; x_wconf 90' lang='lat' dir='ltr'><strong>per</strong></span> <span class='ocrx_word' id='word_1_126' title='bbox 2067 1653 2282 1726; x_wconf 88' lang='lat' dir='ltr'><strong>culpam</strong></span> 
     </span>
     <span class='ocr_line' id='line_1_15' title="bbox 270 1739 2285 1813; baseline 0.002 -19"><span class='ocrx_word' id='word_1_127' title='bbox 270 1739 607 1813; x_wconf 88' lang='lat' dir='ltr'><strong>recipientis,</strong></span> <span class='ocrx_word' id='word_1_128' title='bbox 645 1748 797 1813; x_wconf 90' lang='lat' dir='ltr'><strong>puta,</strong></span> <span class='ocrx_word' id='word_1_129' title='bbox 840 1742 888 1796; x_wconf 88' lang='lat' dir='ltr'><strong>si</strong></span> <span class='ocrx_word' id='word_1_130' title='bbox 913 1741 1072 1796; x_wconf 85' lang='lat' dir='ltr'><strong>fictus</strong></span> <span class='ocrx_word' id='word_1_131' title='bbox 1102 1741 1349 1810; x_wconf 83' lang='lat' dir='ltr'><strong>accedat,</strong></span> <span class='ocrx_word' id='word_1_132' title='bbox 1388 1749 1444 1796; x_wconf 89' lang='lat' dir='ltr'><strong>et</strong></span> <span class='ocrx_word' id='word_1_133' title='bbox 1475 1757 1578 1796; x_wconf 90' lang='lat' dir='ltr'><strong>non</strong></span> <span class='ocrx_word' id='word_1_134' title='bbox 1609 1742 1772 1797; x_wconf 91' lang='lat' dir='ltr'><strong>corde</strong></span> <span class='ocrx_word' id='word_1_135' title='bbox 1801 1748 1994 1812; x_wconf 88' lang='lat' dir='ltr'><strong>parato</strong></span> <span class='ocrx_word' id='word_1_136' title='bbox 2025 1742 2091 1798; x_wconf 85' lang='lat' dir='ltr'><strong>ad</strong></span> <span class='ocrx_word' id='word_1_137' title='bbox 2121 1744 2285 1798; x_wconf 89' lang='lat' dir='ltr'><strong>susci·</strong></span> 
     </span>
     <span class='ocr_line' id='line_1_16' title="bbox 270 1827 2280 1902; baseline 0.001 -19"><span class='ocrx_word' id='word_1_138' title='bbox 270 1828 531 1900; x_wconf 89' lang='lat' dir='ltr'><strong>piendum</strong></span> <span class='ocrx_word' id='word_1_139' title='bbox 572 1837 995 1885; x_wconf 87' lang='lat' dir='ltr'><strong>sacramentum.</strong></span> <span class='ocrx_word' id='word_1_140' title='bbox 1023 1829 1170 1885; x_wconf 85' lang='lat' dir='ltr'><strong>Talis</strong></span> <span class='ocrx_word' id='word_1_141' title='bbox 1209 1830 1353 1884; x_wconf 91' lang='lat' dir='ltr'><strong>enim</strong></span> <span class='ocrx_word' id='word_1_142' title='bbox 1398 1827 1526 1885; x_wconf 89' lang='lat' dir='ltr'><strong>licet</strong></span> <span class='ocrx_word' id='word_1_143' title='bbox 1565 1835 1968 1884; x_wconf 85' lang='lat' dir='ltr'><strong>sacramentum</strong></span> <span class='ocrx_word' id='word_1_144' title='bbox 1997 1831 2280 1902; x_wconf 88' lang='lat' dir='ltr'><strong>suscipiat,</strong></span> 
     </span>
     <span class='ocr_line' id='line_1_17' title="bbox 271 1915 2282 1989; baseline 0.001 -17"><span class='ocrx_word' id='word_1_145' title='bbox 271 1915 529 1973; x_wconf 82' lang='lat' dir='ltr'><strong>effectum</strong></span> <span class='ocrx_word' id='word_1_146' title='bbox 575 1927 753 1973; x_wconf 83' lang='lat' dir='ltr'><strong>tamen</strong></span> <span class='ocrx_word' id='word_1_147' title='bbox 784 1917 1134 1984; x_wconf 71' lang='lat' dir='ltr'><strong>sacramenti,</strong></span> <span class='ocrx_word' id='word_1_148' title='bbox 1180 1916 1234 1971; x_wconf 91' lang='lat' dir='ltr'><strong>id</strong></span> <span class='ocrx_word' id='word_1_149' title='bbox 1273 1924 1375 1984; x_wconf 85' lang='lat' dir='ltr'><strong>est,</strong></span> <span class='ocrx_word' id='word_1_150' title='bbox 1417 1917 1654 1987; x_wconf 78' lang='lat' dir='ltr'><strong>gratiam</strong></span> <span class='ocrx_word' id='word_1_151' title='bbox 1681 1917 1915 1989; x_wconf 81' lang='lat' dir='ltr'><strong>Spiritus</strong></span> <span class='ocrx_word' id='word_1_152' title='bbox 1958 1918 2142 1973; x_wconf 87' lang='lat' dir='ltr'><strong>Sancti</strong></span> <span class='ocrx_word' id='word_1_153' title='bbox 2176 1934 2282 1974; x_wconf 90' lang='lat' dir='ltr'><strong>non</strong></span> 
     </span>
     <span class='ocr_line' id='line_1_18' title="bbox 271 2005 2284 2080; baseline 0 -17"><span class='ocrx_word' id='word_1_154' title='bbox 271 2007 487 2080; x_wconf 82' lang='lat' dir='ltr'><strong>recipit,</strong></span> <span class='ocrx_word' id='word_1_155' title='bbox 516 2006 665 2078; x_wconf 88' lang='lat' dir='ltr'><strong>quia,</strong></span> <span class='ocrx_word' id='word_1_156' title='bbox 696 2014 755 2063; x_wconf 92' lang='lat' dir='ltr'><strong>ut</strong></span> <span class='ocrx_word' id='word_1_157' title='bbox 781 2006 983 2061; x_wconf 88' lang='lat' dir='ltr'><strong>dicitur</strong></span> <span class='ocrx_word' id='word_1_158' title='bbox 1006 2007 1133 2078; x_wconf 87' lang='lat' dir='ltr'><strong>Sap.</strong></span> <span class='ocrx_word' id='word_1_159' title='bbox 1164 2022 1183 2061; x_wconf 85' lang='grc' dir='ltr'><strong>ι</strong></span> <span class='ocrx_word' id='word_1_160' title='bbox 1210 2023 1221 2062; x_wconf 87' lang='lat'>:</span> <span class='ocrx_word' id='word_1_161' title='bbox 1250 2005 1489 2078; x_wconf 74' lang='lat' dir='ltr'><strong>Spiritus</strong></span> <span class='ocrx_word' id='word_1_162' title='bbox 1507 2005 1732 2061; x_wconf 75' lang='lat' dir='ltr'><strong>Sanctus</strong></span> <span class='ocrx_word' id='word_1_163' title='bbox 1757 2005 2052 2077; x_wconf 76' lang='lat' dir='ltr'><strong>disciplinae</strong></span> <span class='ocrx_word' id='word_1_164' title='bbox 2074 2007 2284 2078; x_wconf 72' lang='lat' dir='ltr'><strong>effiiyiet</strong></span> 
     </span>
    </p>
   </div>
   <div class='ocr_carea' id='block_1_4' title="bbox 269 2091 2294 2175">
    <p class='ocr_par' dir='ltr' id='par_1_4' title="bbox 269 2091 2294 2175">
     <span class='ocr_line' id='line_1_19' title="bbox 269 2091 2294 2175; baseline 0 -26"><span class='ocrx_word' id='word_1_165' title='bbox 269 2095 477 2165; x_wconf 77' lang='lat' dir='ltr'><strong>fictum.</strong></span> <span class='ocrx_word' id='word_1_166' title='bbox 514 2093 559 2148; x_wconf 93' lang='lat' dir='ltr'><strong>E</strong></span> <span class='ocrx_word' id='word_1_167' title='bbox 591 2093 867 2150; x_wconf 91' lang='lat' dir='ltr'><strong>contrario</strong></span> <span class='ocrx_word' id='word_1_168' title='bbox 911 2101 1093 2150; x_wconf 87' lang='lat' dir='ltr'><strong>autem</strong></span> <span class='ocrx_word' id='word_1_169' title='bbox 1123 2103 1247 2150; x_wconf 90' lang='lat' dir='ltr'><strong>sunt</strong></span> <span class='ocrx_word' id='word_1_170' title='bbox 1274 2094 1388 2161; x_wconf 87' lang='lat' dir='ltr'><strong>alii,</strong></span> <span class='ocrx_word' id='word_1_171' title='bbox 1435 2095 1850 2175; x_wconf 76' lang='lat' dir='ltr'><strong>quinunquam</strong></span> <span class='ocrx_word' id='word_1_172' title='bbox 1881 2094 2150 2165; x_wconf 89' lang='lat' dir='ltr'><strong>recipiunt</strong></span> <span class='ocrx_word' id='word_1_173' title='bbox 2189 2091 2294 2150; x_wconf 73' lang='lat' dir='ltr'><strong>sa-&#39;</strong></span> 
     </span>
    </p>
   </div>
   <div class='ocr_carea' id='block_1_5' title="bbox 268 2179 2286 2344">
    <p class='ocr_par' dir='ltr' id='par_1_5' title="bbox 268 2179 2286 2344">
     <span class='ocr_line' id='line_1_20' title="bbox 268 2179 2286 2262; baseline 0 -24"><span class='ocrx_word' id='word_1_174' title='bbox 268 2190 631 2247; x_wconf 83' lang='lat' dir='ltr'><strong>eramentum,</strong></span> <span class='ocrx_word' id='word_1_175' title='bbox 674 2183 765 2262; x_wconf 86' lang='lat' dir='ltr'><strong>qui</strong></span> <span class='ocrx_word' id='word_1_176' title='bbox 808 2189 988 2239; x_wconf 90' lang='lat' dir='ltr'><strong>tamen</strong></span> <span class='ocrx_word' id='word_1_177' title='bbox 1038 2183 1291 2238; x_wconf 80' lang='lat' dir='ltr'><strong>effectum</strong></span> <span class='ocrx_word' id='word_1_178' title='bbox 1332 2182 1661 2238; x_wconf 86' lang='lat' dir='ltr'><strong>sacramenti</strong></span> <span class='ocrx_word' id='word_1_179' title='bbox 1715 2179 2018 2254; x_wconf 84' lang='lat' dir='ltr'><strong>suscipiunt</strong></span> <span class='ocrx_word' id='word_1_180' title='bbox 2064 2187 2286 2255; x_wconf 90' lang='lat' dir='ltr'><strong>propter</strong></span> 
     </span>
     <span class='ocr_line' id='line_1_21' title="bbox 270 2263 2280 2344; baseline 0 -18"><span class='ocrx_word' id='word_1_181' title='bbox 270 2263 617 2327; x_wconf 79' lang='lat' dir='ltr'><strong>devotionem</strong></span> <span class='ocrx_word' id='word_1_182' title='bbox 642 2287 807 2344; x_wconf 88' lang='lat' dir='ltr'><strong>quam</strong></span> <span class='ocrx_word' id='word_1_183' title='bbox 838 2270 1039 2327; x_wconf 89' lang='lat' dir='ltr'><strong>habent</strong></span> <span class='ocrx_word' id='word_1_184' title='bbox 1073 2270 1141 2328; x_wconf 89' lang='lat' dir='ltr'><strong>ad</strong></span> <span class='ocrx_word' id='word_1_185' title='bbox 1168 2279 1591 2339; x_wconf 87' lang='lat' dir='ltr'><strong>sacramentum,</strong></span> <span class='ocrx_word' id='word_1_186' title='bbox 1633 2269 1776 2343; x_wconf 87' lang='lat' dir='ltr'><strong>quod</strong></span> <span class='ocrx_word' id='word_1_187' title='bbox 1821 2269 2064 2326; x_wconf 90' lang='lat' dir='ltr'><strong>habent</strong></span> <span class='ocrx_word' id='word_1_188' title='bbox 2051 2287 2104 2326; x_wconf 87' lang='grc' dir='ltr'><strong>ιιι</strong></span> <span class='ocrx_word' id='word_1_189' title='bbox 2135 2277 2280 2341; x_wconf 91' lang='lat' dir='ltr'><strong>voto,</strong></span> 
     </span>
    </p>
   </div>
   <div class='ocr_carea' id='block_1_6' title="bbox 269 2355 2296 2460">
    <p class='ocr_par' dir='ltr' id='par_1_6' title="bbox 269 2355 2296 2460">
     <span class='ocr_line' id='line_1_22' title="bbox 269 2355 2296 2460; baseline 0 -46"><span class='ocrx_word' id='word_1_190' title='bbox 269 2361 387 2416; x_wconf 84' lang='lat' dir='ltr'><strong>sive</strong></span> <span class='ocrx_word' id='word_1_191' title='bbox 422 2357 713 2414; x_wconf 82' lang='lat' dir='ltr'><strong>desiderio.</strong></span> <span class='ocrx_word' id='word_1_192' title='bbox 744 2360 881 2416; x_wconf 88' lang='lat' dir='ltr'><strong>Sunt</strong></span> <span class='ocrx_word' id='word_1_193' title='bbox 909 2368 1091 2416; x_wconf 89' lang='lat' dir='ltr'><strong>autem</strong></span> <span class='ocrx_word' id='word_1_194' title='bbox 1121 2368 1175 2416; x_wconf 91' lang='lat' dir='ltr'><strong>et</strong></span> <span class='ocrx_word' id='word_1_195' title='bbox 1218 2359 1471 2460; x_wconf 73' lang='lat' dir='ltr'><strong>quaedam</strong></span> <span class='ocrx_word' id='word_1_196' title='bbox 1513 2360 1729 2432; x_wconf 86' lang='lat' dir='ltr'><strong>propria</strong></span> <span class='ocrx_word' id='word_1_197' title='bbox 1764 2360 2126 2415; x_wconf 82' lang='lat' dir='ltr'><strong>sacramentis</strong></span> <span class='ocrx_word' id='word_1_198' title='bbox 2155 2355 2296 2432; x_wconf 61' lang='lat' dir='ltr'><strong>qui-2⁸</strong></span> 
     </span>
    </p>
   </div>
   <div class='ocr_carea' id='block_1_7' title="bbox 270 2437 2286 4122">
    <p class='ocr_par' dir='ltr' id='par_1_7' title="bbox 270 2437 2286 4122">
     <span class='ocr_line' id='line_1_23' title="bbox 270 2437 2281 2521; baseline -0.002 -15"><span class='ocrx_word' id='word_1_199' title='bbox 270 2445 525 2506; x_wconf 81' lang='lat' dir='ltr'><strong>busdam.</strong></span> <span class='ocrx_word' id='word_1_200' title='bbox 564 2449 703 2503; x_wconf 88' lang='lat' dir='ltr'><strong>Nam</strong></span> <span class='ocrx_word' id='word_1_201' title='bbox 748 2448 1003 2521; x_wconf 87' lang='lat' dir='ltr'><strong>quaedam</strong></span> <span class='ocrx_word' id='word_1_202' title='bbox 1047 2437 1242 2504; x_wconf 84' lang='lat' dir='ltr'><strong>horum</strong></span> <span class='ocrx_word' id='word_1_203' title='bbox 1282 2441 1607 2521; x_wconf 84' lang='lat' dir='ltr'><strong>imprimunt</strong></span> <span class='ocrx_word' id='word_1_204' title='bbox 1651 2448 2044 2516; x_wconf 81' lang='lat' dir='ltr'><strong>characterem,</strong></span> <span class='ocrx_word' id='word_1_205' title='bbox 2092 2448 2146 2505; x_wconf 91' lang='lat' dir='ltr'><strong>id</strong></span> <span class='ocrx_word' id='word_1_206' title='bbox 2175 2455 2281 2516; x_wconf 90' lang='lat' dir='ltr'><strong>est,</strong></span> 
     </span>
     <span class='ocr_line' id='line_1_24' title="bbox 271 2535 2284 2623; baseline 0.001 -31"><span class='ocrx_word' id='word_1_207' title='bbox 271 2535 557 2609; x_wconf 82' lang='lat' dir='ltr'><strong>spirituale</strong></span> <span class='ocrx_word' id='word_1_208' title='bbox 585 2537 859 2610; x_wconf 90' lang='lat' dir='ltr'><strong>quoddam</strong></span> <span class='ocrx_word' id='word_1_209' title='bbox 901 2537 1131 2623; x_wconf 83' lang='lat' dir='ltr'><strong>signum</strong></span> <span class='ocrx_word' id='word_1_210' title='bbox 1160 2536 1537 2592; x_wconf 86' lang='lat' dir='ltr'><strong>distinctivum</strong></span> <span class='ocrx_word' id='word_1_211' title='bbox 1581 2553 1612 2593; x_wconf 86' lang='lat' dir='ltr'><strong>a</strong></span> <span class='ocrx_word' id='word_1_212' title='bbox 1641 2537 1874 2604; x_wconf 82' lang='lat' dir='ltr'><strong>caeteris,</strong></span> <span class='ocrx_word' id='word_1_213' title='bbox 1913 2537 2054 2592; x_wconf 88' lang='lat' dir='ltr'><strong>sicut</strong></span> <span class='ocrx_word' id='word_1_214' title='bbox 2093 2537 2145 2592; x_wconf 90' lang='lat' dir='ltr'><strong>in</strong></span> <span class='ocrx_word' id='word_1_215' title='bbox 2188 2553 2284 2594; x_wconf 81' lang='lat' dir='ltr'><strong>sa-</strong></span> 
     </span>
     <span class='ocr_line' id='line_1_25' title="bbox 270 2624 2284 2696; baseline -0.001 -14"><span class='ocrx_word' id='word_1_216' title='bbox 270 2632 556 2682; x_wconf 90' lang='lat' dir='ltr'><strong>cramento</strong></span> <span class='ocrx_word' id='word_1_217' title='bbox 604 2625 828 2691; x_wconf 88' lang='lat' dir='ltr'><strong>ordinis,</strong></span> <span class='ocrx_word' id='word_1_218' title='bbox 876 2624 959 2681; x_wconf 90' lang='lat' dir='ltr'><strong>vel</strong></span> <span class='ocrx_word' id='word_1_219' title='bbox 1008 2633 1351 2680; x_wconf 83' lang='lat' dir='ltr'><strong>sacramento</strong></span> <span class='ocrx_word' id='word_1_220' title='bbox 1403 2625 1682 2696; x_wconf 84' lang='lat' dir='ltr'><strong>baptismi,</strong></span> <span class='ocrx_word' id='word_1_221' title='bbox 1735 2632 1790 2680; x_wconf 88' lang='lat' dir='ltr'><strong>et</strong></span> <span class='ocrx_word' id='word_1_222' title='bbox 1837 2627 1890 2679; x_wconf 91' lang='lat' dir='ltr'><strong>in</strong></span> <span class='ocrx_word' id='word_1_223' title='bbox 1941 2634 2284 2681; x_wconf 85' lang='lat' dir='ltr'><strong>sacramento</strong></span> 
     </span>
     <span class='ocr_line' id='line_1_26' title="bbox 270 2707 2286 2785; baseline -0.002 -13"><span class='ocrx_word' id='word_1_224' title='bbox 270 2714 702 2772; x_wconf 84' lang='lat' dir='ltr'><strong>confirmationis</strong></span> <span class='ocrx_word' id='word_1_225' title='bbox 750 2731 763 2769; x_wconf 73' lang='grc' dir='ltr'><strong>ε</strong></span> <span class='ocrx_word' id='word_1_226' title='bbox 812 2723 868 2777; x_wconf 84' lang='lat' dir='ltr'><strong>et</strong></span> <span class='ocrx_word' id='word_1_227' title='bbox 913 2709 1045 2770; x_wconf 76' lang='lat' dir='ltr'><strong>tatia</strong></span> <span class='ocrx_word' id='word_1_228' title='bbox 1090 2720 1434 2768; x_wconf 87' lang='lat' dir='ltr'><strong>sacramenta</strong></span> <span class='ocrx_word' id='word_1_229' title='bbox 1484 2707 1760 2784; x_wconf 72' lang='lat' dir='ltr'><strong>nunquam</strong></span> <span class='ocrx_word' id='word_1_230' title='bbox 1802 2713 2070 2768; x_wconf 88' lang='lat' dir='ltr'><strong>iterantur</strong></span> <span class='ocrx_word' id='word_1_231' title='bbox 2120 2725 2286 2785; x_wconf 78' lang='lat' dir='ltr'><strong>super·</strong></span> 
     </span>
     <span class='ocr_line' id='line_1_27' title="bbox 272 2797 2282 2875; baseline -0.001 -17"><span class='ocrx_word' id='word_1_232' title='bbox 272 2803 524 2860; x_wconf 86' lang='lat' dir='ltr'><strong>eamdem</strong></span> <span class='ocrx_word' id='word_1_233' title='bbox 568 2817 873 2875; x_wconf 83' lang='lat' dir='ltr'><strong>personam.</strong></span> <span class='ocrx_word' id='word_1_234' title='bbox 906 2798 1201 2875; x_wconf 88' lang='lat' dir='ltr'><strong>Nunquam</strong></span> <span class='ocrx_word' id='word_1_235' title='bbox 1228 2806 1372 2856; x_wconf 87' lang='lat' dir='ltr'><strong>enim</strong></span> <span class='ocrx_word' id='word_1_236' title='bbox 1404 2800 1495 2856; x_wconf 81' lang='lat' dir='ltr'><strong>ilie</strong></span> <span class='ocrx_word' id='word_1_237' title='bbox 1524 2801 1617 2872; x_wconf 89' lang='lat' dir='ltr'><strong>qui</strong></span> <span class='ocrx_word' id='word_1_238' title='bbox 1645 2810 1728 2856; x_wconf 89' lang='lat' dir='ltr'><strong>est</strong></span> <span class='ocrx_word' id='word_1_239' title='bbox 1755 2797 2084 2874; x_wconf 82' lang='lat' dir='ltr'><strong>baptizatuS,</strong></span> <span class='ocrx_word' id='word_1_240' title='bbox 2121 2801 2282 2858; x_wconf 82' lang='lat' dir='ltr'><strong>debet</strong></span> 
     </span>
     <span class='ocr_line' id='line_1_28' title="bbox 270 2876 2279 2966; baseline -0.002 -18"><span class='ocrx_word' id='word_1_241' title='bbox 270 2885 825 2966; x_wconf 81' lang='lat' dir='ltr'><strong>ulteriusbaptizari:</strong></span> <span class='ocrx_word' id='word_1_242' title='bbox 850 2907 1055 2964; x_wconf 89' lang='lat' dir='ltr'><strong>neque;</strong></span> <span class='ocrx_word' id='word_1_243' title='bbox 1079 2889 1451 2955; x_wconf 85' lang='lat' dir='ltr'><strong>confirmatus,</strong></span> <span class='ocrx_word' id='word_1_244' title='bbox 1476 2887 1673 2944; x_wconf 80' lang='lat' dir='ltr'><strong>iterum</strong></span> <span class='ocrx_word' id='word_1_245' title='bbox 1698 2876 2046 2944; x_wconf 81' lang='lat' dir='ltr'><strong>confirmari.</strong></span> <span class='ocrx_word' id='word_1_246' title='bbox 2077 2905 2279 2963; x_wconf 85' lang='lat' dir='ltr'><strong>neque;</strong></span> 
     </span>
     <span class='ocr_line' id='line_1_29' title="bbox 272 2964 2281 3051; baseline -0.001 -15"><span class='ocrx_word' id='word_1_247' title='bbox 272 2983 577 3048; x_wconf 88' lang='lat' dir='ltr'><strong>ordinatus,</strong></span> <span class='ocrx_word' id='word_1_248' title='bbox 632 2981 827 3036; x_wconf 88' lang='lat' dir='ltr'><strong>iterum</strong></span> <span class='ocrx_word' id='word_1_249' title='bbox 879 2979 1140 3045; x_wconf 86' lang='lat' dir='ltr'><strong>ordinari,</strong></span> <span class='ocrx_word' id='word_1_250' title='bbox 1192 2979 1322 3051; x_wconf 90' lang='lat' dir='ltr'><strong>quia</strong></span> <span class='ocrx_word' id='word_1_251' title='bbox 1369 2977 1674 3042; x_wconf 85' lang='lat' dir='ltr'><strong>character</strong></span> <span class='ocrx_word' id='word_1_252' title='bbox 1722 2979 1816 3050; x_wconf 88' lang='lat' dir='ltr'><strong>qui</strong></span> <span class='ocrx_word' id='word_1_253' title='bbox 1864 2977 1918 3031; x_wconf 90' lang='lat' dir='ltr'><strong>in</strong></span> <span class='ocrx_word' id='word_1_254' title='bbox 1973 2964 2281 3049; x_wconf 76' lang='lat' dir='ltr'><strong>hujusmodi</strong></span> 
     </span>
     <span class='ocr_line' id='line_1_30' title="bbox 272 3057 2283 3140; baseline -0.002 -14"><span class='ocrx_word' id='word_1_255' title='bbox 272 3069 633 3126; x_wconf 88' lang='lat' dir='ltr'><strong>sacramentis</strong></span> <span class='ocrx_word' id='word_1_256' title='bbox 671 3070 1017 3140; x_wconf 89' lang='lat' dir='ltr'><strong>imprimitur,</strong></span> <span class='ocrx_word' id='word_1_257' title='bbox 1050 3057 1355 3122; x_wconf 84' lang='lat' dir='ltr'><strong>indelebilis</strong></span> <span class='ocrx_word' id='word_1_258' title='bbox 1384 3074 1488 3122; x_wconf 88' lang='lat' dir='ltr'><strong>est.</strong></span> <span class='ocrx_word' id='word_1_259' title='bbox 1521 3067 1582 3122; x_wconf 87' lang='lat' dir='ltr'><strong>ln</strong></span> <span class='ocrx_word' id='word_1_260' title='bbox 1620 3065 1741 3121; x_wconf 90' lang='lat' dir='ltr'><strong>aliis</strong></span> <span class='ocrx_word' id='word_1_261' title='bbox 1766 3082 1896 3122; x_wconf 88' lang='lat' dir='ltr'><strong>vero</strong></span> <span class='ocrx_word' id='word_1_262' title='bbox 1925 3068 2283 3122; x_wconf 86' lang='lat' dir='ltr'><strong>sacramentis</strong></span> 
     </span>
     <span class='ocr_line' id='line_1_31' title="bbox 274 3153 2284 3231; baseline -0.001 -17"><span class='ocrx_word' id='word_1_263' title='bbox 274 3176 381 3215; x_wconf 90' lang='lat' dir='ltr'><strong>non</strong></span> <span class='ocrx_word' id='word_1_264' title='bbox 424 3153 752 3231; x_wconf 85' lang='lat' dir='ltr'><strong>imprimitur</strong></span> <span class='ocrx_word' id='word_1_265' title='bbox 784 3157 1068 3214; x_wconf 84' lang='lat' dir='ltr'><strong>character</strong></span> <span class='ocrx_word' id='word_1_266' title='bbox 1108 3155 1428 3229; x_wconf 82' lang='lat' dir='ltr'><strong>suscipienti</strong></span> <span class='ocrx_word' id='word_1_267' title='bbox 1467 3171 1549 3222; x_wconf 90' lang='lat' dir='ltr'><strong>ea,</strong></span> <span class='ocrx_word' id='word_1_268' title='bbox 1585 3162 1642 3212; x_wconf 89' lang='lat' dir='ltr'><strong>et</strong></span> <span class='ocrx_word' id='word_1_269' title='bbox 1676 3155 1798 3214; x_wconf 87' lang='lat' dir='ltr'><strong>ideo</strong></span> <span class='ocrx_word' id='word_1_270' title='bbox 1828 3161 2054 3228; x_wconf 86' lang='lat' dir='ltr'><strong>possunt</strong></span> <span class='ocrx_word' id='word_1_271' title='bbox 2094 3156 2284 3212; x_wconf 87' lang='lat' dir='ltr'><strong>iterari</strong></span> 
     </span>
     <span class='ocr_line' id='line_1_32' title="bbox 273 3244 2276 3321; baseline -0.003 -16"><span class='ocrx_word' id='word_1_272' title='bbox 273 3247 351 3305; x_wconf 61' lang='lat' dir='ltr'><strong>ad*</strong></span> <span class='ocrx_word' id='word_1_273' title='bbox 390 3263 678 3321; x_wconf 86' lang='lat' dir='ltr'><strong>personam</strong></span> <span class='ocrx_word' id='word_1_274' title='bbox 722 3246 1127 3318; x_wconf 89' lang='lat' dir='ltr'><strong>suscipientem,</strong></span> <span class='ocrx_word' id='word_1_275' title='bbox 1181 3262 1286 3302; x_wconf 90' lang='lat' dir='ltr'><strong>non</strong></span> <span class='ocrx_word' id='word_1_276' title='bbox 1335 3251 1518 3302; x_wconf 91' lang='lat' dir='ltr'><strong>tamen</strong></span> <span class='ocrx_word' id='word_1_277' title='bbox 1561 3252 1826 3318; x_wconf 86' lang='lat' dir='ltr'><strong>quantum</strong></span> <span class='ocrx_word' id='word_1_278' title='bbox 1858 3244 1928 3299; x_wconf 89' lang='lat' dir='ltr'><strong>ad</strong></span> <span class='ocrx_word' id='word_1_279' title='bbox 1970 3247 2276 3302; x_wconf 86' lang='lat' dir='ltr'><strong>materiam.</strong></span> 
     </span>
     <span class='ocr_line' id='line_1_33' title="bbox 277 3322 2281 3408; baseline -0.001 -16"><span class='ocrx_word' id='word_1_280' title='bbox 277 3322 462 3392; x_wconf 67' lang='lat' dir='ltr'><strong>Potest</strong></span> <span class='ocrx_word' id='word_1_281' title='bbox 498 3336 644 3391; x_wconf 89' lang='lat' dir='ltr'><strong>enim</strong></span> <span class='ocrx_word' id='word_1_282' title='bbox 688 3352 826 3391; x_wconf 89' lang='lat' dir='ltr'><strong>unus</strong></span> <span class='ocrx_word' id='word_1_283' title='bbox 866 3333 1026 3392; x_wconf 90' lang='lat' dir='ltr'><strong>homo</strong></span> <span class='ocrx_word' id='word_1_284' title='bbox 1069 3333 1379 3408; x_wconf 81' lang='lat' dir='ltr'><strong>frequenter</strong></span> <span class='ocrx_word' id='word_1_285' title='bbox 1411 3335 1694 3408; x_wconf 85' lang='lat' dir='ltr'><strong>poenitere,</strong></span> <span class='ocrx_word' id='word_1_286' title='bbox 1739 3332 2048 3406; x_wconf 82' lang='lat' dir='ltr'><strong>frequenter</strong></span> <span class='ocrx_word' id='word_1_287' title='bbox 2076 3334 2281 3390; x_wconf 86' lang='lat' dir='ltr'><strong>eucha-</strong></span> 
     </span>
     <span class='ocr_line' id='line_1_34' title="bbox 275 3422 2282 3501; baseline -0.002 -21"><span class='ocrx_word' id='word_1_288' title='bbox 275 3426 487 3501; x_wconf 84' lang='lat' dir='ltr'><strong>ristiam</strong></span> <span class='ocrx_word' id='word_1_289' title='bbox 528 3439 762 3492; x_wconf 87' lang='lat' dir='ltr'><strong>sumere,</strong></span> <span class='ocrx_word' id='word_1_290' title='bbox 794 3423 1107 3497; x_wconf 81' lang='lat' dir='ltr'><strong>frequenter</strong></span> <span class='ocrx_word' id='word_1_291' title='bbox 1144 3433 1446 3482; x_wconf 82' lang='lat' dir='ltr'><strong>extremam</strong></span> <span class='ocrx_word' id='word_1_292' title='bbox 1478 3424 1785 3483; x_wconf 88' lang='lat' dir='ltr'><strong>unctionem</strong></span> <span class='ocrx_word' id='word_1_293' title='bbox 1827 3422 2123 3494; x_wconf 84' lang='lat' dir='ltr'><strong>suscipere,</strong></span> <span class='ocrx_word' id='word_1_294' title='bbox 2168 3423 2282 3476; x_wconf 84' lang='lat' dir='ltr'><strong>fre-</strong></span> 
     </span>
     <span class='ocr_line' id='line_1_35' title="bbox 274 3509 2282 3586; baseline -0.002 -18"><span class='ocrx_word' id='word_1_295' title='bbox 274 3519 507 3586; x_wconf 83' lang='lat' dir='ltr'><strong>quenter</strong></span> <span class='ocrx_word' id='word_1_296' title='bbox 533 3513 939 3569; x_wconf 89' lang='lat' dir='ltr'><strong>matrimonium</strong></span> <span class='ocrx_word' id='word_1_297' title='bbox 974 3512 1312 3578; x_wconf 88' lang='lat' dir='ltr'><strong>contrahere,</strong></span> <span class='ocrx_word' id='word_1_298' title='bbox 1348 3527 1453 3568; x_wconf 89' lang='lat' dir='ltr'><strong>non</strong></span> <span class='ocrx_word' id='word_1_299' title='bbox 1486 3521 1668 3568; x_wconf 85' lang='lat' dir='ltr'><strong>tamen</strong></span> <span class='ocrx_word' id='word_1_300' title='bbox 1694 3511 1885 3568; x_wconf 83' lang='lat' dir='ltr'><strong>eadem</strong></span> <span class='ocrx_word' id='word_1_301' title='bbox 1915 3509 2094 3566; x_wconf 90' lang='lat' dir='ltr'><strong>hostia</strong></span> <span class='ocrx_word' id='word_1_302' title='bbox 2119 3510 2282 3565; x_wconf 78' lang='lat' dir='ltr'><strong>debet</strong></span> 
     </span>
     <span class='ocr_line' id='line_1_36' title="bbox 274 3598 2280 3676; baseline -0.001 -18"><span class='ocrx_word' id='word_1_303' title='bbox 274 3603 955 3676; x_wconf 16' lang='lat' dir='ltr'><strong>frequenterqconsecrarh</strong></span> <span class='ocrx_word' id='word_1_304' title='bbox 1008 3617 1107 3656; x_wconf 91' lang='lat' dir='ltr'><strong>nec</strong></span> <span class='ocrx_word' id='word_1_305' title='bbox 1168 3601 1312 3656; x_wconf 88' lang='lat' dir='ltr'><strong>idem</strong></span> <span class='ocrx_word' id='word_1_306' title='bbox 1358 3601 1539 3656; x_wconf 83' lang='lat' dir='ltr'><strong>oleum</strong></span> <span class='ocrx_word' id='word_1_307' title='bbox 1587 3601 1922 3656; x_wconf 85' lang='lat' dir='ltr'><strong>infirmorum</strong></span> <span class='ocrx_word' id='word_1_308' title='bbox 1964 3598 2126 3654; x_wconf 91' lang='lat' dir='ltr'><strong>debet</strong></span> <span class='ocrx_word' id='word_1_309' title='bbox 2167 3599 2280 3655; x_wconf 84' lang='lat' dir='ltr'><strong>fre-</strong></span> 
     </span>
     <span class='ocr_line' id='line_1_37' title="bbox 274 3688 2280 3766; baseline -0.001 -20"><span class='ocrx_word' id='word_1_310' title='bbox 274 3698 508 3766; x_wconf 85' lang='lat' dir='ltr'><strong>quenter</strong></span> <span class='ocrx_word' id='word_1_311' title='bbox 535 3689 804 3748; x_wconf 88' lang='lat' dir='ltr'><strong>benedici.</strong></span> <span class='ocrx_word' id='word_1_312' title='bbox 834 3691 929 3750; x_wconf 80' lang='lat' dir='ltr'><strong>Est</strong></span> <span class='ocrx_word' id='word_1_313' title='bbox 958 3692 1124 3746; x_wconf 88' lang='lat' dir='ltr'><strong>etiam</strong></span> <span class='ocrx_word' id='word_1_314' title='bbox 1150 3689 1255 3746; x_wconf 88' lang='lat' dir='ltr'><strong>alia</strong></span> <span class='ocrx_word' id='word_1_315' title='bbox 1286 3689 1611 3755; x_wconf 83' lang='lat' dir='ltr'><strong>differentia,</strong></span> <span class='ocrx_word' id='word_1_316' title='bbox 1644 3691 1774 3762; x_wconf 88' lang='lat' dir='ltr'><strong>quia</strong></span> <span class='ocrx_word' id='word_1_317' title='bbox 1800 3688 2052 3762; x_wconf 86' lang='lat' dir='ltr'><strong>quaedam</strong></span> <span class='ocrx_word' id='word_1_318' title='bbox 2089 3703 2280 3744; x_wconf 87' lang='lat' dir='ltr'><strong>sacra-</strong></span> 
     </span>
     <span class='ocr_line' id='line_1_38' title="bbox 276 3774 2274 3852; baseline -0.002 -16"><span class='ocrx_word' id='word_1_319' title='bbox 276 3787 461 3836; x_wconf 88' lang='lat' dir='ltr'><strong>menta</strong></span> <span class='ocrx_word' id='word_1_320' title='bbox 489 3790 616 3836; x_wconf 90' lang='lat' dir='ltr'><strong>sunt</strong></span> <span class='ocrx_word' id='word_1_321' title='bbox 643 3781 712 3836; x_wconf 90' lang='lat' dir='ltr'><strong>de</strong></span> <span class='ocrx_word' id='word_1_322' title='bbox 735 3781 1058 3837; x_wconf 86' lang='lat' dir='ltr'><strong>necessitate</strong></span> <span class='ocrx_word' id='word_1_323' title='bbox 1096 3778 1309 3848; x_wconf 77' lang='lat' dir='ltr'><strong>salutiS,</strong></span> <span class='ocrx_word' id='word_1_324' title='bbox 1344 3779 1486 3833; x_wconf 89' lang='lat' dir='ltr'><strong>sicut</strong></span> <span class='ocrx_word' id='word_1_325' title='bbox 1515 3774 1819 3852; x_wconf 88' lang='lat' dir='ltr'><strong>baptismus</strong></span> <span class='ocrx_word' id='word_1_326' title='bbox 1851 3784 1905 3833; x_wconf 90' lang='lat' dir='ltr'><strong>et</strong></span> <span class='ocrx_word' id='word_1_327' title='bbox 1937 3777 2274 3849; x_wconf 85' lang='lat' dir='ltr'><strong>poenitentia,</strong></span> 
     </span>
     <span class='ocr_line' id='line_1_39' title="bbox 276 3865 2282 3945; baseline -0.001 -20"><span class='ocrx_word' id='word_1_328' title='bbox 276 3871 477 3945; x_wconf 90' lang='lat' dir='ltr'><strong>quibus</strong></span> <span class='ocrx_word' id='word_1_329' title='bbox 504 3886 612 3926; x_wconf 92' lang='lat' dir='ltr'><strong>non</strong></span> <span class='ocrx_word' id='word_1_330' title='bbox 647 3870 1023 3937; x_wconf 84' lang='lat' dir='ltr'><strong>existentibus,</strong></span> <span class='ocrx_word' id='word_1_331' title='bbox 1056 3884 1162 3925; x_wconf 84' lang='lat' dir='ltr'><strong>non</strong></span> <span class='ocrx_word' id='word_1_332' title='bbox 1203 3875 1380 3940; x_wconf 88' lang='lat' dir='ltr'><strong>potest</strong></span> <span class='ocrx_word' id='word_1_333' title='bbox 1421 3866 1581 3922; x_wconf 90' lang='lat' dir='ltr'><strong>homo</strong></span> <span class='ocrx_word' id='word_1_334' title='bbox 1617 3867 1836 3923; x_wconf 80' lang='lat' dir='ltr'><strong>saivari.</strong></span> <span class='ocrx_word' id='word_1_335' title='bbox 1869 3865 1990 3931; x_wconf 78' lang='lat' dir='ltr'><strong>Alia</strong></span> <span class='ocrx_word' id='word_1_336' title='bbox 2020 3881 2148 3922; x_wconf 86' lang='lat' dir='ltr'><strong>vero</strong></span> <span class='ocrx_word' id='word_1_337' title='bbox 2185 3882 2282 3922; x_wconf 89' lang='lat' dir='ltr'><strong>sa·-</strong></span> 
     </span>
     <span class='ocr_line' id='line_1_40' title="bbox 276 3953 2280 4028; baseline -0.003 -11"><span class='ocrx_word' id='word_1_338' title='bbox 276 3966 561 4017; x_wconf 89' lang='lat' dir='ltr'><strong>cramen-ta</strong></span> <span class='ocrx_word' id='word_1_339' title='bbox 606 3975 715 4016; x_wconf 87' lang='lat' dir='ltr'><strong>non</strong></span> <span class='ocrx_word' id='word_1_340' title='bbox 754 3966 882 4016; x_wconf 85' lang='lat' dir='ltr'><strong>sunt</strong></span> <span class='ocrx_word' id='word_1_341' title='bbox 923 3959 991 4015; x_wconf 89' lang='lat' dir='ltr'><strong>‹le</strong></span> <span class='ocrx_word' id='word_1_342' title='bbox 1033 3958 1357 4014; x_wconf 86' lang='lat' dir='ltr'><strong>necessitate</strong></span> <span class='ocrx_word' id='word_1_343' title='bbox 1399 3956 1616 4021; x_wconf 84' lang='lat' dir='ltr'><strong>salutiS,</strong></span> <span class='ocrx_word' id='word_1_344' title='bbox 1657 3955 1786 4028; x_wconf 83' lang='lat' dir='ltr'><strong>quia</strong></span> <span class='ocrx_word' id='word_1_345' title='bbox 1815 3953 1930 4012; x_wconf 87' lang='lat' dir='ltr'><strong>sine</strong></span> <span class='ocrx_word' id='word_1_346' title='bbox 1977 3955 2056 4010; x_wconf 87' lang='lat' dir='ltr'><strong>eis</strong></span> <span class='ocrx_word' id='word_1_347' title='bbox 2099 3964 2280 4027; x_wconf 89' lang='lat' dir='ltr'><strong>potest</strong></span> 
     </span>
     <span class='ocr_line' id='line_1_41' title="bbox 276 4035 2279 4122; baseline -0.004 -15"><span class='ocrx_word' id='word_1_348' title='bbox 276 4065 399 4108; x_wconf 81' lang='lat' dir='ltr'><strong>esse</strong></span> <span class='ocrx_word' id='word_1_349' title='bbox 449 4049 617 4116; x_wconf 73' lang='lat' dir='ltr'><strong>satus,</strong></span> <span class='ocrx_word' id='word_1_350' title='bbox 670 4035 774 4108; x_wconf 84' lang='lat' dir='ltr'><strong>nisi</strong></span> <span class='ocrx_word' id='word_1_351' title='bbox 821 4054 1041 4122; x_wconf 87' lang='lat' dir='ltr'><strong>propter</strong></span> <span class='ocrx_word' id='word_1_352' title='bbox 1087 4052 1458 4120; x_wconf 86' lang='lat' dir='ltr'><strong>contemptum</strong></span> <span class='ocrx_word' id='word_1_353' title='bbox 1507 4044 1856 4102; x_wconf 85' lang='lat' dir='ltr'><strong>sacramenti.</strong></span> <span class='ocrx_word' id='word_1_354' title='bbox 1905 4044 2001 4100; x_wconf 87' lang='lat' dir='ltr'><strong>His</strong></span> <span class='ocrx_word' id='word_1_355' title='bbox 2049 4043 2279 4115; x_wconf 75' lang='lat' dir='ltr'><strong>visisin</strong></span> 
     </span>
    </p>
   </div>
  </div>
 </body>
</html>
