2850 4517
762 398 830 443 x.
862 413 942 426 —
967 394 1207 441 commi
1247 396 1529 441 canones
1570 395 1925 442 caaeconun
2219 379 2341 440 505

337 513 568 572 Actibus
614 510 1000 586 apostolorum.
1042 509 1197 567 Unde
1246 509 1381 566 dicit
1432 508 1658 583 Chryso.
1708 524 1871 582 super
1921 509 2115 566 Matth.
2174 525 2339 582 super

340 603 473 658 illud
499 618 516 656 ι
542 622 570 654 α
599 601 948 667 Accesserant
985 597 1233 670 discipuli
1270 597 1342 652 ad
1367 599 1547 654 ,Iesum
1573 598 1801 655 dicentes
1828 615 1847 655 .·
1881 597 2011 664 Quis
2040 599 2218 670 mnjor
2257 603 2339 654 est·

339 690 398 746 in
420 705 584 762 rayno
605 687 892 744 coelorum?
912 686 1051 757 Quia
1080 685 1356 758 quoddam
1383 685 1680 742 humanum
1704 686 2024 743 scandalum
2060 698 2333 759 concepe—

339 785 485 848 runt,
510 777 657 850 quod
687 784 742 833 et
772 777 826 830 in
853 791 912 831 se
942 773 1218 830 occultare
1235 774 1352 844 jam
1379 788 1490 854 non
1512 782 1785 845 poterant,
1812 783 1867 831 et
1906 780 2175 831 tumorem
2204 789 2335 832 cor-

338 867 424 923 dis
445 882 552 922 uon
574 862 938 931 sustinebant,
969 863 1026 919 in
1053 877 1120 919 eo
1145 862 1292 936 quod
1322 861 1581 918 videbant
1611 864 1833 919 Petrum
1862 863 1965 920 sibi
2004 863 2249 936 praeferri
2280 873 2337 920 et

341 953 726 1027 praehouorari.
756 971 784 1005 n
2120 939 2125 946 ’

347 1125 524 1200 Quod
539 1123 695 1188 idem
714 1123 1007 1201 Pontifem
1023 1124 1092 1187 in
1110 1114 1298 1186 totam
1319 1122 1661 1185 Ecclesiam
1684 1121 1919 1186 christi
1940 1076 2339 1196 uitivorsalem

1007 1211 1430 1291 praelationem
1456 1210 1650 1273 habet.

347 1416 352 1421 ,
409 1353 728 1412 ostenditur
771 1352 960 1419 etiam,
1000 1351 1148 1425 quod
1187 1351 1487 1424 praedictus
1532 1350 1730 1407 Christi
1780 1351 2029 1409 vicarius
2070 1351 2124 1406 in
2162 1356 2333 1407 totam

340 1443 635 1498 Ecclesiam
655 1440 854 1498 Christi
877 1439 1238 1496 universalem
1263 1439 1637 1512 praelationem
1661 1438 1927 1497 obtineat.
1949 1440 2173 1512 Legitur
2194 1441 2340 1494 enim

340 1531 396 1586 in
447 1530 869 1587 chalcedonensi
909 1528 1160 1597 concilio,
1204 1528 1352 1602 quod
1405 1535 1522 1586 tota
1572 1528 1823 1600 Synodus
1860 1526 2121 1584 clamavit
2171 1526 2339 1583 Leoni

339 1619 499 1690 Papae
530 1634 543 1672 τ
577 1637 602 1670 α
637 1619 744 1672 Leo
767 1617 1144 1672 sanctissimus
1169 1615 1517 1688 Apostolicus
1544 1621 1600 1669 et
1630 1615 2026 1670 OEcumeuicus
2060 1633 2109 1680 n,
2139 1613 2191 1668 id
2210 1621 2336 1679 ·est‚

340 1705 662 1762 universalis
683 1702 1018 1769 Batriarcha,
1033 1722 1060 1754 α
1079 1719 1175 1775 per
1190 1702 1392 1758 multos
1415 1716 1587 1757 annos
1604 1701 1774 1756 vivat.
1799 1720 1825 1753 »
1841 1700 1911 1757 Et
1928 1701 2157 1774 Chryso.
2178 1716 2339 1771 super

339 1793 531 1849 Matth.
567 1810 580 1847 ε
609 1813 635 1844 α
668 1791 855 1861 Filius„
887 1806 1013 1864 quae
1041 1791 1218 1846 Patris
1245 1795 1330 1846 est
1357 1783 1413 1844 et
1444 1789 1614 1860 ipsius
1642 1788 1783 1854 Filii,
1812 1794 2141 1860 potestatem
2179 1791 2341 1844 Petro

336 1880 538 1952 ubique
583 1886 850 1934 terrarum
889 1878 1178 1942 concessit,
1209 1885 1266 1933 et
1302 1876 1509 1932 homini
1548 1875 1764 1932 mortali
1804 1875 2048 1933 omnium
2099 1876 2246 1948 quod
2283 1876 2340 1932 in

336 1968 644 2030 coelosunt,
677 1966 831 2022 dedit
873 1967 1282 2034 auctoritatem,
1323 1965 1504 2021 dando
1550 1964 1727 2020 eidem
1774 1967 1958 2020 claves
2006 1964 2072 2020 ad
2129 1965 2247 2028 hoc,
2280 1972 2339 2018 ut

337 2054 635 2112 Ecclesiam
667 2054 870 2127 ubique
895 2063 1161 2110 terrarum
1186 2053 1503 2127 amplificet.
1534 2073 1560 2104 n
1579 2051 1647 2109 Et
1671 2068 1834 2125 super
1857 2053 2014 2109 Joan.
2043 2053 2097 2108 in
2126 2050 2337 2108 Homel.

338 2158 535 2201 cxxxv
593 2160 607 2196 ε
657 2163 684 2196 α
716 2142 979 2199 Jacobum
1021 2141 1268 2198 localiter
1311 2143 1366 2198 in
1409 2141 1529 2198 loco
1578 2141 1855 2206 terminat,
1882 2142 2102 2196 Petrum
2149 2148 2336 2198 autem

338 2234 508 2290 totius
537 2231 684 2287 orbis
718 2231 934 2288 ordinat
967 2232 1290 2304 magistrum
1321 2237 1377 2286 et
1405 2231 1767 2287 doctorem.·»
1798 2231 1936 2286 Item
1968 2244 2131 2303 super
2172 2234 2342 2286 Actus

337 2319 717 2392 Apostolorum
746 2336 759 2373 ε
789 2339 816 2372 α
837 2321 1029 2375 Petrus
1057 2336 1090 2377 a
1113 2319 1251 2376 Filio
1273 2334 1438 2392 super
1458 2334 1647 2374 omnes
1669 2319 1763 2393 qui
1794 2317 1891 2373 filii
1920 2325 2069 2387 sunt,
2086 2325 2339 2390 potesta·-

339 2417 452 2466 tem
479 2409 711 2480 accepit,
743 2423 848 2464 non
866 2415 940 2464 ¹ut
965 2408 1182 2481 Moyses
1207 2408 1265 2463 in
1288 2416 1451 2480 gente
1479 2423 1605 2472 una,
1635 2407 1808 2463 sedin
1842 2409 2096 2462 universo
2122 2405 2273 2460 orbe.
2304 2424 2332 2456 n

335 2495 452 2550 Hoc
477 2495 647 2550 etiam
689 2493 925 2550 trahitur
961 2510 1025 2550 ex
1073 2494 1408 2552 auctoritate
1443 2509 1617 2550 sacrae
1654 2493 1972 2564 Scripturae.
1997 2493 2152 2549 Nam·
2178 2493 2339 2548 Petro

337 2583 654 2640 indistincto
693 2597 823 2636 oves
862 2597 996 2638 suas
1031 2581 1279 2638 Christus
1311 2583 1589 2638 commisit
1630 2581 1837 2647 dicenS,
1881 2581 2039 2638 Joan.
2092 2579 2283 2637 ultimo
2322 2595 2337 2634 ε

335 2671 496 2729 Pasce
517 2685 633 2727 oves
661 2683 822 2724 meus.
846 2667 917 2723 Et
939 2668 1097 2724 Joau.
1123 2685 1165 2724 x
1197 2685 1210 2722 :
1239 2669 1309 2726 Ut
1333 2668 1408 2723 sit
1432 2683 1597 2723 unum
1620 2669 1777 2733 ovile,
1806 2675 1860 2724 et
1886 2684 2028 2723 unus
2042 2675 2249 2739 pastor.

453 2839 631 2938 Quod
654 2838 810 2900 idem
837 2835 1010 2900 habet
1034 2837 1104 2900 in
1127 2835 1411 2900 Ecclesia
1423 2843 1427 2848 ’
1428 2837 1754 2938 potestatis
1767 2837 2231 2917 plenitudinem.

407 2979 649 3036 Habetur
677 2979 844 3034 etiam
873 2993 938 3033 ex
976 2977 1360 3050 praedictorum
1403 2975 1692 3034 doctorum
1723 2976 2161 3044 auctoritatibus,
2194 2976 2339 3049 quod

337 3067 614 3122 Romanus
665 3064 912 3120 Pontifex
956 3062 1156 3119 habeat
1199 3063 1254 3119 in
1301 3063 1546 3120 Ecclesia
1585 3063 1979 3136 plenitudinem
2025 3062 2342 3136 potestatis.

338 3154 486 3211 Dicit
519 3151 756 3226 Cyrillus
793 3152 1107 3210 Patriarcha
1148 3151 1547 3221 Alexandrinus
1588 3153 1644 3209 iu
1699 3151 1837 3208 libro
1875 3150 2277 3208 'thesaurorum
2323 3164 2338 3204 ε

340 3262 369 3296 ι
401 3242 554 3300 Sicut
594 3241 842 3298 Christus
879 3241 1092 3316 accepit
1130 3257 1162 3298 a
1202 3242 1362 3299 Patre
1391 3240 1525 3297 'dux
1564 3246 1841 3313 sceptrum
1892 3240 2155 3296 Ecclesiae
2200 3255 2341 3311 geu-

339 3332 476 3388 tium
513 3348 582 3386 ex
603 3329 768 3387 lsrael
799 3330 1084 3403 egrediens
1121 3345 1288 3403 super
1324 3345 1540 3387 omnem
1579 3329 1964 3401 principatum,
1994 3334 2048 3384 et
2090 3334 2341 3402 potesta-

339 3426 452 3476 tem
478 3435 642 3493 super
669 3434 828 3475 omne
856 3419 1241 3493 quodcumque
1269 3428 1374 3486 est,
1403 3426 1468 3475 ut
1490 3417 1543 3474 ei
1566 3425 1763 3474 cuncta
1788 3423 2101 3481 curventur,
2132 3414 2342 3488 plenis-

337 3509 532 3566 simam
564 3513 911 3577 potestatem,
939 3507 1020 3565 sic
1053 3517 1109 3564 et
1149 3509 1308 3564 Petro
1337 3515 1392 3563 et
1416 3509 1536 3581 ejus
1576 3504 1983 3562 successoribus
2025 3503 2341 3578 plenissime

337 3595 630 3654 commisit.
677 3617 702 3649 n
746 3596 816 3652 Et
855 3597 1023 3653 etiam
1052 3612 1064 3651 :
1097 3616 1124 3649 α
1163 3596 1307 3652 Nulli
1350 3594 1443 3652 alii
1486 3611 1653 3669 quam
1698 3596 1857 3650 Petro
1899 3593 2147 3651 Christus
2194 3590 2343 3664 quod

337 3701 497 3744 suum
523 3691 608 3742 est
632 3684 872 3758 plenum,
899 3685 994 3741 sed
1031 3685 1134 3757 ipsi
1163 3685 1262 3740 soli
1292 3683 1467 3740 dedit.
1498 3703 1525 3736 »
1552 3683 1621 3740 Et
1658 3682 1797 3739 infra
1830 3699 1843 3737 ε
1879 3702 1904 3734 α
1940 3680 2111 3737 Pedes
2138 3679 2342 3737 Christi

337 3773 650 3830 humanitas
677 3779 781 3839 est,
813 3772 1028 3829 scilicet
1049 3773 1165 3846 ipse
1187 3772 1368 3838 homo,
1398 3772 1487 3829 cui
1515 3777 1633 3828 tota
1658 3766 1941 3828 aeteruit'as
1971 3768 2344 3841 plenissimam

339 3858 492 3917 dedit
520 3865 870 3932 potestatem,
887 3873 1051 3933 quem
1081 3874 1219 3915 unus
1232 3857 1400 3914 trium
1420 3857 1717 3928 assumpsit
1746 3855 1805 3913 in
1832 3855 2043 3912 unitate
2072 3867 2341 3928 personoe,

339 3946 643 4004 transvexit
667 3947 737 4004 ad
774 3950 991 4005 Patrem
1037 3962 1199 4019 super
1236 3961 1452 4004 omnem
1490 3944 1879 4018 principatum,
1905 3949 1961 3999 et
1989 3948 2341 4018 potestatem,
