2850 4517
81 4171 102 4464 p--ff--m
82 3993 85 4080 -
82 3907 85 3966 -.,,
82 3869 84 3878 -

743 355 788 400 1·
807 353 898 382 ⁴-
925 352 1328 398 oournnmuu
1378 353 1743 400 Trmomalffl
2162 339 2251 404 57
2328 375 2330 377 ·

264 469 630 545 perfectionem
671 466 967 542 superioris
989 469 1212 541 gradus,
1244 469 1478 527 sumitur
1506 469 1575 527 ab
1602 487 1668 529 ea
1694 470 2021 528 differentia.
2062 471 2133 530 Et
2170 473 2251 531 sic

239 565 416 633 patet,
458 559 601 632 quod
643 558 898 632 quamvis
925 557 1126 615 animal
1167 557 1239 615 sit
1280 573 1453 629 genus
1481 557 1734 627 hominis,
1784 566 1840 616 et
1867 554 2135 618 rationale
2176 562 2251 620 sit

263 645 546 704 differentia
591 647 952 704 constitutiva
980 648 1116 719 eJuS,
1159 661 1264 702 non
1303 652 1485 703 tamen
1516 655 1735 720 oportet
1774 649 1917 720 quod
1946 649 2102 706 sitin
2146 650 2250 709 ho-

263 737 389 792 mine
411 735 514 794 alia
552 736 736 792 anima
771 735 1139 802 sensitiva,>et
1166 735 1273 792 alia
1301 735 1657 804 intellectiva,
1690 743 1753 793 ut
1775 738 1949 810 prima
1979 738 2119 796 ratio
2146 741 2249 796 ob-

257 826 462 898 jiciebat
499 843 516 882 z
563 841 660 899 per
711 825 904 882 eadem
954 830 1140 882 antem
1191 832 1421 897 apparet
1470 823 1671 882 solutio
1700 826 1957 884 secundae
2000 829 2247 888 rationis.

263 914 457 972 Dictum
482 922 568 972 est
596 914 744 970 enim
771 913 918 987 quod
947 913 1121 970 forma
1149 913 1447 986 superioris
1488 913 1734 986 speciei‚·
1756 915 2169 988 comprehendit
2196 919 2250 974 in

263 1019 313 1061 se
350 1019 530 1061 omnes
572 1003 889 1059 inferiorum
927 1003 1196 1074 graduum
1225 1003 1607 1077 perfectione&
1647 1004 2118 1062 Considerandum
2168 1013 2252 1064 est

262 1103 440 1161 autem,
468 1093 616 1167 quod
668 1097 818 1148 tanto
855 1091 1068 1163 species
1113 1091 1414 1148 materialis
1458 1097 1542 1148 est
1588 1091 1770 1163 altior,
1820 1099 2029 1166 quanto
2072 1097 2251 1154 minus

262 1183 405 1240 fuerit
425 1182 674 1240 materiae
701 1181 968 1252 subjecta,
995 1187 1052 1236 et
1075 1181 1159 1237 sic
1189 1186 1406 1253 oportet
1431 1181 1579 1254 quod
1616 1187 1825 1255 quanto
1864 1183 2049 1255 aliqua
2076 1185 2251 1242 forma

261 1277 332 1326 est
367 1271 616 1338 nobilior,
655 1269 1012 1341 tantomagis
1052 1285 1218 1343 super
1259 1270 1546 1326 materiam
1576 1269 1820 1326 elevetur
1851 1287 1865 1326 ι
1897 1271 2042 1328 unde
2069 1273 2250 1331 anima

260 1361 471 1417 humana
495 1367 728 1434 quaeest
753 1357 1089 1415 nobilissima
1115 1357 1485 1416 materialium
1512 1358 1830 1426 formarum,
1876 1360 1946 1417 ad
1974 1376 2250 1420 summum

258 1447 814 1520 elevationisgradum
840 1443 1122 1520 pertingit,
1156 1455 1214 1504 ut
1243 1446 1453 1504 scilicet
1494 1446 1695 1518 habeat
1722 1449 2093 1521 operationem
2134 1451 2251 1507 abs·

258 1554 349 1611 qne
362 1537 852 1596 communicatione
865 1535 1114 1593 materiae
1126 1535 1458 1608 corporalis:
1476 1544 1679 1604 tamen,
1696 1537 1827 1610 quia
1854 1537 2045 1594 eadem
2066 1539 2249 1596 anima

257 1625 552 1683 inferiorum
599 1627 867 1698 graduum
911 1624 1274 1699 perfectiones
1319 1625 1783 1698 compraehendit,
1834 1625 2000 1683 habet
2048 1627 2249 1685 nihilo·

256 1715 414 1771 minus
440 1723 498 1772 et
540 1715 901 1789 operationes,
936 1715 994 1770 in
1029 1712 1229 1787 quibus
1257 1715 1627 1770 communicat
1653 1714 1887 1771 materia
1928 1715 2245 1788 corporalis.

255 1803 582 1862 Manifestum
611 1812 694 1861 est
714 1808 916 1870 autem,
939 1803 1084 1876 quod
1107 1803 1356 1875 operatio
1382 1803 1631 1877 procedit
1660 1820 1693 1860 a
1720 1820 1778 1859 re
1806 1803 2106 1861 secundum
2131 1807 2248 1878 ejus

256 1892 521 1950 virtutem.
543 1892 772 1965 Oportet
794 1891 961 1963 igitur
986 1890 1132 1964 quod
1157 1891 1340 1947 anima
1365 1891 1607 1947 humana
1631 1892 1829 1948 habeat
1850 1893 2063 1967 aliquas
2081 1895 2245 1961 vireS‚

256 1980 351 2036 sive
378 1980 680 2054 potentias,
713 1993 838 2050 qnae
877 1984 1004 2034 sunt
1031 1976 1301 2050 principia
1343 1978 1724 2050 operationum
1765 1994 1890 2050 quae
1930 1990 2249 2037 exercentur

256 2085 334 2140 per
355 2083 577 2142 corpus,
610 2075 666 2123 et
695 2065 793 2122 has
818 2071 1032 2139 oportet
1054 2081 1176 2121 esse
1201 2074 1358 2137 actus
1386 2063 1696 2138 aliquarum
1723 2065 1961 2137 partium
1987 2068 2248 2139 corporis,

257 2163 304 2212 et
319 2155 626 2231 hujusmodi
655 2161 784 2210 sunt
813 2155 1075 2227 potentiae
1104 2153 1433 2224 vegetativae
1462 2159 1518 2208 et
1546 2154 1825 2210 sensitivae
1850 2154 2044 2226 partis..
2076 2155 2253 2212 Habet

257 2247 402 2302 etiam
445 2246 666 2318 aliquas
714 2242 990 2317 potentias
1031 2257 1158 2317 quae
1201 2249 1328 2298 sunt
1376 2241 1643 2315 principia
1680 2243 2080 2321 operationum,
2126 2261 2253 2318 quae

258 2333 358 2390 sine
392 2349 622 2407 corpore
660 2337 1004 2399 exercentur,
1055 2338 1110 2387 et
1153 2330 1465 2403 huiusmodi
1512 2337 1640 2387 sunt
1687 2331 2037 2391 intellectivae
2079 2336 2251 2406 partis

258 2424 515 2493 potentiae,
549 2437 678 2496 quae
702 2438 810 2478 non
831 2426 961 2477 sunt
1002 2429 1160 2477 actus
1188 2421 1497 2494 aliquorum
1539 2436 1886 2493 organorum.
1915 2421 1983 2479 Et
2011 2422 2135 2480 ideo
2164 2423 2251 2480 in-

259 2509 486 2569 tellec-tus
516 2521 633 2569 tam
678 2509 971 2586 possibilis,
1003 2525 1172 2582 quam
1199 2525 1366 2582 agens
1395 2509 1599 2566 dicitur
1633 2517 1941 2585 separatus,
1972 2513 2105 2585 quia
2145 2529 2251 2570 non

259 2597 436 2660 habent
462 2616 673 2675 organa
702 2616 934 2674 quorum
978 2607 1107 2656 sunt
1155 2606 1331 2668 actus,
1363 2599 1510 2657 sicut
1550 2600 1721 2668 visuS,
1766 2610 1823 2657 et
1866 2600 2109 2663 auditus.
2150 2601 2253 2657 sed

261 2696 369 2744 sunt
393 2699 612 2748 tantum
635 2689 690 2745 in
719 2689 922 2756 anima,
946 2705 1073 2763 quae
1099 2697 1186 2746 est
1222 2688 1469 2761 corporis
1493 2687 1692 2745 forma.
1722 2689 1878 2746 Unde
1906 2705 2015 2746 non
2038 2694 2255 2763 oportet

259 2784 457 2852 propter
485 2780 594 2836 hoc
622 2778 765 2852 quod
807 2777 1120 2835 intellectus
1159 2777 1362 2834 dicitur
1407 2783 1713 2848 separatuS,
1768 2783 1825 2832 et
1869 2786 2021 2834 caret
2049 2793 2253 2849 organo

261 2868 526 2940 corporali,
559 2883 668 2924 non
698 2875 882 2925 autem
929 2881 1140 2933 sensae,
1175 2863 1322 2938 quod
1365 2863 1475 2918 alia
1512 2863 1585 2917 sit
1614 2863 1796 2918 anima
1824 2863 2161 2920 intellectiva
2198 2873 2257 2921 et

261 2956 496 3016 sensitiva
521 2959 582 3014 in
622 2955 861 3013 homine.
889 2955 971 3012 Ex
998 2970 1108 3028 quo
1136 2951 1304 3009 etiam
1334 2955 1506 3023 patet,
1549 2948 1697 3022 quod
1736 2965 1839 3005 nec
1862 2966 1927 3005 ex
1971 2949 2075 3006 hoc
2103 2953 2258 3024 cogi-

261 3057 365 3100 mur
400 3062 600 3120 ponere
628 3047 792 3104 aliam
833 3047 1072 3103 animam
1102 3041 1517 3108 intellectivam,
1565 3046 1621 3096 et
1658 3037 1823 3096 aliam
1852 3037 2173 3096 sensitivam
2202 3041 2257 3096 in

262 3129 473 3201 homine,
519 3134 654 3209 quia
697 3133 882 3192 anima
921 3133 1184 3191 sensitiva
1235 3136 1322 3188 est
1358 3127 1749 3202 corruptibiliS‚
1792 3119 2127 3186 intellectiva
2171 3129 2259 3188 in·-

263 3223 630 3296 corruptibilis‚
665 3229 727 3280 ut
764 3223 874 3281 alia
913 3222 1054 3280 ratio
1084 3219 1436 3296 procedebat.
1466 3219 1609 3277 Esse
1633 3218 1779 3275 enim
1821 3217 2254 3293 incorruptibile,

263 3315 500 3385 competit
517 3312 872 3388 intellectivae
892 3312 1032 3386 parti
1050 3311 1389 3386 inquantum
1405 3315 1490 3366 est
1504 3314 1780 3383 separata.
1806 3307 1959 3365 Sicut
1982 3308 2038 3364 in
2063 3308 2256 3366 eadem

265 3401 479 3459 essentia
509 3403 710 3460 animae
734 3402 1029 3459 fundantur
1059 3400 1322 3474 potentiae
1340 3415 1468 3473 quae
1494 3402 1623 3455 sunt
1646 3403 1935 3472 separatae,
1960 3404 2023 3454 ut
2049 3397 2259 3457 dictum

265 3493 354 3558 est,
381 3497 436 3546 et
478 3509 588 3554 non
629 3499 899 3567 separatae
949 3509 964 3548 z
1010 3491 1090 3548 ita
1117 3490 1250 3547 nihil
1294 3488 1544 3562 prohibet
1581 3487 1849 3563 quasdam
1892 3487 2260 3562 potentiarum

265 3578 444 3638 animae
482 3582 644 3638 simul
687 3597 815 3638 cum
841 3595 1072 3655 corpore
1097 3579 1351 3646 deficere,
1384 3577 1655 3651 quasdam
1693 3583 1878 3634 autem
1920 3574 2258 3651 incorrupti-

265 3662 385 3724 biles
404 3685 545 3727 esse.
571 3672 880 3728 Secundum
905 3670 1070 3732 etiam
1100 3667 1368 3744 praedicta
1398 3672 1551 3741 patet
1587 3666 1786 3723 solutio
1814 3674 2030 3739 quartae
2069 3665 2259 3740 objec-

265 3752 430 3821 tionis.
481 3759 622 3816 Nam
666 3760 846 3816 omnis
881 3764 1063 3816 motus
1112 3757 1380 3816 naturalis
1418 3756 1687 3829 paulatim
1714 3772 1783 3814 ex
1829 3755 2150 3829 imperfecto
2188 3753 2259 3810 ad

265 3838 548 3912 perlectum
587 3845 855 3920 procedit,
899 3846 1046 3921 quod
1093 3851 1279 3904 tamen
1307 3843 1467 3902 aliter
1508 3844 1715 3902 accidit
1755 3843 1811 3900 in
1840 3835 2166 3903 alt‘eratione
2204 3847 2263 3899 et

265 3933 616 4000 generatione.
661 3936 805 3995 Nam
841 3935 1034 3996 eadem
1074 3935 1316 4010 qualitas
1357 3933 1589 4006 suscipit
1626 3933 1809 4006 magis
1833 3940 1892 3988 et
1932 3930 2113 3988 minus
2157 3945 2171 3986 ε
2202 3935 2263 3988 et
