2850 4517
483 276 601 336 462
957 296 1010 340 s.
1054 296 1289 341 1·quAE
1327 296 1657 347 sommus
1699 297 2009 341 oruscuut

484 414 581 465 aut
603 408 928 482 abjicienda,
956 410 1051 468 sed
1083 425 1183 468 nec
1213 411 1381 470 etiam
1410 428 1475 469 ea
1504 411 1799 469 extendere
1825 415 2061 484 oportet,
2093 410 2191 467 sed
2219 424 2495 483 exponere

486 502 817 554 reverenter.
830 498 1101 567 Secundo,
1114 498 1245 573 quia
1268 500 1443 558 multa
1465 515 1592 573 quae
1617 498 1754 557 bene
1771 506 1969 557 sonant
1997 498 2052 557 in
2080 498 2266 572 lingua
2285 513 2493 573 graeca,

486 588 539 643 in
564 586 731 643 latina
756 586 1005 645 fortassis
1046 587 1184 644 bene
1231 606 1338 646 non
1385 596 1603 657 sonant,
1629 592 1855 665 propter
1896 588 2043 662 quod
2087 588 2339 646 eamdem
2365 588 2494 643 fidoi

487 677 777 732 veritatem
798 676 922 734 aliis
959 676 1140 735 verbis
1167 679 1344 735 Latini
1393 679 1731 736 confitentur
1774 685 1830 735 et
1871 678 2073 736 Graeci.
2099 677 2316 735 Dicitur
2350 676 2496 733 enim

488 765 632 842 apud
654 767 880 825 Graecos
905 774 1053 824 recte
1073 773 1129 823 et
1152 767 1443 835 catholice,
1471 768 1616 844 quod
1641 769 1822 837 Pater,
1853 773 1909 825 et
1936 767 2127 834 Filius,
2161 773 2216 823 et
2260 766 2498 839 Spiritus

488 862 711 911 sanctus
732 864 860 913 sunt
891 863 1003 913 tres
1017 855 1343 931 hypostases
1371 874 1385 913 ε
1412 856 1557 931 apud
1583 857 1809 914 Latinos
1833 863 2018 913 autem
2059 868 2166 912 non
2215 863 2364 913 recte
2403 870 2499 911 so-

490 952 603 1009 nat,
638 943 682 999 si
710 944 835 1018 quis
858 944 1007 1001 dicat
1035 944 1187 1019 quod
1216 951 1344 1003 sunt
1382 952 1495 1002 tres
1521 944 1864 1013 substantias,
1892 944 2021 1001 licet
2066 944 2381 1019 hypostasis
2425 945 2499 1001 sit

493 1031 636 1089 idem
681 1032 826 1105 apud
879 1033 1124 1101 GraecoS‚
1153 1034 1300 1107 quod
1342 1033 1650 1092 substantia
1697 1033 1843 1107 apud
1879 1034 2124 1101 Latinos,
2184 1032 2497 1089 substantia

494 1120 748 1177 usitatius
774 1138 872 1195 pro
899 1124 1137 1180 essentia
1180 1123 1355 1197 accipi
1402 1123 1564 1190 solet,
1588 1138 1776 1197 quam,
1813 1129 1928 1179 tatu
1968 1138 2068 1177 nos
2110 1136 2280 1195 quam
2315 1121 2497 1179 Graeci

494 1223 659 1264 tinam
684 1208 737 1264 in
767 1208 970 1267 divinis
996 1211 1339 1275 confitemur.
1361 1212 1586 1285 Propter
1613 1209 1781 1286 quod,
1801 1209 1943 1287 sicut
1961 1209 2144 1269 Graeci
2167 1208 2360 1267 dicunt
2388 1216 2501 1265 tres

494 1298 836 1371 hypostases„
866 1313 965 1355 nos
993 1297 1227 1355 dicimus
1249 1306 1361 1356 tres
1389 1314 1670 1374 personas,
1703 1305 1764 1356 ut
1791 1299 1958 1355 etiam
1990 1302 2225 1370 August.
2252 1298 2415 1355 docet
2445 1298 2502 1353 in

496 1399 579 1440 vu
608 1385 676 1441 de
704 1384 994 1443 Trinitate.
1024 1386 1140 1443 Nec
1176 1393 1260 1442 est
1304 1386 1534 1444 dubium
1573 1386 1705 1460 quin
1747 1387 1914 1445 etiam
1945 1386 2141 1444 -simile
2178 1387 2251 1443 sit
2292 1386 2349 1445 iu
2379 1384 2502 1442 aliis

496 1471 701 1528 multis.
740 1473 898 1529 Unde
936 1474 1285 1545 adofficium
1333 1474 1463 1533 boni
1503 1476 1849 1533 translatoris
1884 1474 2136 1550 pertinet,
2168 1470 2228 1531 u't
2265 1489 2331 1531 ea
2368 1488 2502 1546 quoe

496 1566 625 1615 sunt
648 1558 935 1619 catholicae
962 1560 1088 1617 fidei
1118 1561 1470 1633 transferens,
1499 1568 1682 1619 servet
1712 1562 2061 1629 sententiam,
2089 1567 2266 1623 mutet
2309 1566 2497 1617 autem

497 1648 718 1706 modum
741 1647 996 1723 loquendi
1036 1650 1335 1707 secundum
1372 1652 1767 1725 proprietatem
1795 1652 1996 1725 linguae
2023 1650 2077 1707 in
2105 1666 2274 1724 quam
2307 1655 2498 1707 trans·-

499 1737 623 1793 i'ert.
648 1740 890 1813 Apparet
918 1740 1064 1796 enim
1090 1739 1235 1813 quod
1271 1740 1317 1797 si
1347 1756 1411 1798 ea
1441 1756 1566 1815 qnae
1595 1739 1649 1797 in
1682 1740 1876 1798 Latino
1903 1739 2191 1809 literaliter
2219 1739 2500 1804 dicuntur,

501 1826 800 1899 vulgariter
825 1836 1183 1902 exponantur,
1215 1827 1476 1886 indecens
1503 1830 1608 1886 erit
1637 1829 1924 1903 expositio,
1952 1829 1998 1885 si
2031 1842 2249 1901 semper
2282 1826 2505 1883 verbum

506 1931 569 1973 ex
589 1916 756 1975 verbo
776 1926 1047 1975 sumatur.
1060 1917 1227 1974 Multo
1247 1917 1414 1991 igitur
1437 1919 1609 1991 magis
1632 1917 1851 1991 quando
1875 1933 1940 1975 ea
1959 1930 2086 1991 quae
2104 1916 2164 1974 in
2189 1932 2300 1974 una
2323 1916 2505 1989 lingua

502 2002 775 2069 dicuntur,
809 2004 1208 2063 transferuntur
1252 2004 1305 2060 in
1350 2004 1535 2074 aliam,
1567 2004 1645 2062 ita
1689 2005 1834 2078 quod
1881 2003 2108 2061 verbum
2152 2011 2406 2060 sumatur
2441 2018 2506 2057 ex

504 2090 689 2158 verbo,
716 2106 822 2147 non
852 2099 936 2148 est
963 2092 1161 2148 mirum
1184 2092 1229 2149 si
1258 2090 1442 2166 aliqua
1471 2091 1723 2151 dubietas
1751 2090 2113 2165 relinquatur.

1304 2226 1588 2331 CAPUT
1651 2264 1705 2331 1.

552 2400 855 2475 Quomodo
883 2403 1259 2483 incelliyitur
1284 2403 1392 2465 hoc
1418 2404 1581 2483 quod
1602 2403 1856 2479 dicitur,
1881 2403 2046 2483 quod
2069 2402 2276 2467 Filius
2293 2402 2470 2465 habet

884 2506 1003 2553 osse
1029 2508 1067 2552 a
1095 2485 1289 2553 Patre
1312 2492 1476 2553 sicut
1503 2496 1819 2555 causatum
1845 2509 1886 2553 a
1912 2506 2122 2555 causa.

572 2622 757 2677 Potest
806 2628 990 2678 autem
1042 2623 1186 2695 apud
1234 2621 1450 2697 aliquos
1499 2639 1618 2682 esse
1659 2606 1906 2693 dubium,
1949 2623 2098 2698 quod
2141 2624 2195 2681 in
2233 2622 2510 2698 plerisque

504 2707 638 2766 locis
675 2708 870 2767 harum
910 2710 1302 2766 auctoritatum
1346 2709 1569 2778 dic-itur,
1598 2712 1815 2770 Patrem
1853 2726 1973 2768 esse
2017 2726 2241 2768 causam
2281 2707 2426 2774 Filii,
2453 2714 2511 2765 et

510 2800 723 2853 Patrem
751 2796 836 2854 vel
869 2796 1063 2854 Filium
1090 2814 1208 2856 esse
1250 2812 1474 2879 causam
1518 2800 1754 2875 Spiritus
1794 2798 1993 2858 sancti.
2022 2800 2092 2855 Bt
2135 2799 2239 2857 hoc
2284 2798 2510 2873 quidem

510 2885 737 2943 habetur
758 2885 935 2959 primo
968 2887 1025 2943 in
1050 2887 1231 2943 verbis
1253 2887 1538 2956 Athenaei,
1565 2904 1692 2961 quae
1717 2888 1774 2945 in
1804 2888 2012 2947 Nicena
2053 2888 2264 2963 synodo
2304 2886 2510 2944 dixisse

510 2974 763 3043 refertur,
793 2974 885 3030 ubi
914 2975 1087 3032 dicitz
1116 2996 1141 3029 α
1175 2976 1452 3051 Quidquid
1481 2976 1645 3034 habet
1680 2976 1850 3035 Filius
1887 2993 1920 3035 a
1961 2978 2140 3044 Patre,
2173 2975 2338 3034 habet
2367 2976 2512 3031 sicut

510 3062 734 3121 verbum
763 3080 794 3119 a
817 3064 1003 3134 corde,
1034 3064 1288 3138 splendor
1312 3081 1344 3123 a
1378 3064 1522 3133 Sole,
1555 3072 1610 3123 et
1638 3064 1838 3123 fluvius
1883 3082 1916 3123 a
1955 3052 2126 3133 fonte,
2155 3074 2211 3121 et
2257 3080 2290 3121 a
2337 3079 2507 3120 causa

507 3166 666 3208 omne
704 3160 1013 3214 causatum.
1060 3171 1087 3204 ιο
1114 3152 1218 3231 Qui
1266 3143 1806 3227 au'teminjuriatur,
1842 3153 1939 3234 'vel
1985 3160 2151 3225 negat
2197 3159 2507 3217 causatum,

506 3239 760 3312 equidem
791 3246 847 3297 et
890 3257 1113 3299 causam
1161 3244 1280 3317 ejus
1320 3249 1505 3315 negat.
1537 3244 1686 3300 Dicit
1723 3251 1984 3301 causatus
2027 3242 2248 3315 genitus
2291 3241 2508 3299 Filius:

508 3328 613 3397 Qui
632 3344 715 3385 me
738 3330 965 3405 spernit,
987 3331 1197 3411 spernit
1232 3346 1349 3389 sum
1372 3329 1470 3406 qui
1499 3346 1581 3388 me
1603 3330 1768 3388 misit.
1797 3333 1866 3388 Et
1893 3330 2022 3387 alibi
2052 3347 2067 3387 ε
2096 3350 2124 3383 α
2155 3330 2279 3387 Non
2305 3335 2394 3385 est
2423 3330 2514 3385 in⁴

504 3417 861 3491 principiatus
890 3420 1115 3491 spiritus
1141 3438 1189 3488 ιο,
1205 3420 1307 3478 hoc
1332 3426 1436 3486 est,
1469 3419 1586 3477 sine
1613 3420 1881 3493 principio
1904 3424 1963 3475 et
1983 3434 2172 3486 causa,
2197 3417 2296 3474 sed
2325 3416 2514 3490 potius

505 3505 684 3580 ipsum
710 3506 1047 3564 demonstrat
1073 3508 1246 3564 Deum
1276 3524 1486 3583 verum,
1514 3509 1902 3583 principiatum
1929 3515 2115 3565 tamen
2136 3522 2245 3563 non
2275 3521 2343 3562 ex
2365 3514 2518 3562 teru-

506 3612 656 3670 pore,
688 3594 784 3651 sed
812 3612 879 3653 ex
906 3612 1072 3653 causa
1095 3612 1225 3655 vera
1248 3598 1655 3671 originis.1tem
1688 3597 1922 3655 Basilius
1949 3596 2287 3671 Episcopus:
2322 3614 2350 3647 α
2381 3595 2520 3679 {pi-

507 3684 645 3739 ritus
681 3689 905 3741 sanctus
943 3683 1161 3757 abipso
1206 3685 1319 3742 Deo
1366 3687 1587 3753 missus,
1619 3702 1843 3745 causam
1886 3684 2052 3743 habet
2094 3685 2348 3759 ipsemet.
2383 3700 2413 3735 ι
2445 3682 2518 3741 Bt

507 3772 708 3827 iterum
749 3770 1118 3829 Theudoricus
1160 3790 1324 3850 super
1358 3774 1659 3850 Epistolam
1701 3776 1771 3833 ad
1825 3773 1995 3832 Hebr.
2039 3790 2052 3830 t
2089 3792 2117 3828 α
2161 3773 2342 3830 Causa
2387 3770 2516 3829 Filii

510 3858 671 3919 Pater
698 3864 803 3915 est.
833 3878 861 3911 ιι
888 3860 1045 3934 Apud
1074 3862 1294 3920 Latinos
1314 3871 1498 3923 autem
1537 3878 1642 3923 non
1683 3872 1768 3923 est
1794 3870 2140 3932 consuetum,
2172 3860 2318 3938 quod
2349 3860 2520 3921 Pater
