2850 4517
430 282 550 340 334
912 299 966 341 s.
1010 291 1245 340 ‘moiun
1284 299 1614 347 Aoumurs
1655 296 1966 338 opuscum

432 413 503 469 ad
526 413 866 486 praelationis
894 413 1134 470 officium
1158 431 1260 470 nec
1286 415 1509 468 omnino
1539 413 1778 479 resistat,
1812 427 1914 466 nec
1939 411 2012 466 ad
2050 409 2232 488 ipsum
2269 410 2449 466 anhe-

432 501 526 567 let,
554 503 659 558 nisi
702 518 763 557 se
804 501 955 574 prius
996 511 1291 574 purgatum
1336 503 1540 568 videat,
1575 518 1642 556 ne
1690 507 1787 555 aut
1834 516 1943 554 non
1985 505 2254 572 purgatus
2293 499 2451 554 adire

430 591 724 663 quisquam
752 607 912 647 sacra
936 591 1201 663 mysteria
1224 590 1447 655 audeat,
1465 595 1562 644 aut
1586 605 1752 662 quem
1777 605 2016 661 superna
2043 589 2228 660 gratia
2255 588 2446 660 elegit,

431 678 534 734 sub
560 677 889 734 humilitatis
912 679 1095 750 specie
1118 678 1354 750 superbe
1378 678 1741 734 contradicat.
1773 678 1914 747 Quia
1943 693 2076 748 ergo
2104 677 2268 734 valde
2296 677 2450 732 diffi-

430 765 534 822 cile
574 773 661 821 est
706 773 1003 840 purgatum
1042 782 1104 822 se
1149 766 1451 839 quemlibet
1495 783 1656 838 posse
1711 781 2063 838 cognoscere,
2104 765 2448 839 praelationis

430 854 669 912 officium
694 855 869 911 tulius
893 854 1328 912 declinaturAEst
1352 861 1537 910 autem
1566 863 1622 910 et
1649 854 1796 910 aliud
1822 854 2302 916 considerandum.
2329 855 2448 910 sci-

430 943 561 1000 licet
597 945 744 1017 quod
784 951 992 1001 statum
1032 945 1311 1016 religionis
1348 960 1532 998 rerum
1573 943 1955 1016 temporalium
1991 944 2230 1016 abjectio
2265 943 2447 1000 comi-

432 1039 602 1100 tatur,
635 1051 667 1088 e
704 1034 983 1090 contrario
1012 1049 1141 1089 vero
1170 1034 1342 1089 statui
1374 1032 1715 1109 praelationis·
1746 1033 1920 1088 multa
1944 1033 2090 1088 bona
2117 1032 2445 1105 temporalia

432 1123 822 1194 adjunguntur.
850 1123 953 1192 Qui
984 1139 1116 1194 ergo
1145 1121 1424 1192 religionis
1453 1129 1658 1178 statum
1685 1128 1994 1188 assumunt,
2024 1122 2312 1178 manifeste
2340 1121 2445 1178 de-

431 1219 739 1271 monstrant
776 1229 835 1268 se
870 1211 1191 1282 temporalia
1222 1212 1364 1266 bona
1392 1227 1498 1266 non
1530 1226 1796 1282 quaerere,
1826 1211 1924 1266 sed
1955 1211 2104 1283 quod
2127 1199 2224 1283 per
2251 1227 2442 1266 eorum

433 1299 794 1370 abjectionem
832 1300 900 1355 ad
944 1299 1085 1354 bona
1132 1299 1441 1372 spiritualia
1481 1299 1732 1356 tendunt.
1763 1299 1870 1368 Qui
1913 1316 2045 1354 vero
2071 1299 2444 1372 pontificalem

432 1388 755 1460 dignitatem
797 1395 1102 1454 assumunt,
1126 1389 1446 1461 plerumque
1495 1389 1670 1459 magis
1709 1388 2032 1466 temporalia
2071 1389 2210 1442 bona
2251 1387 2444 1442 consi-

432 1477 627 1534 derant
664 1493 830 1551 quam
854 1483 1083 1533 aeterna.
1113 1477 1268 1533 Unde
1306 1477 1607 1548 Gregorius
1643 1477 1778 1532 dicit
1805 1477 1861 1531 in
1894 1475 2189 1533 Pastorali:
2225 1495 2250 1527 α
2281 1476 2440 1531 Tunc

433 1563 537 1619 suit
561 1564 833 1620 laudabile
862 1564 1249 1637 Episcopatum
1278 1581 1544 1638 quaerere,
1578 1565 1796 1636 quando
1840 1581 1933 1636 per
1970 1563 2113 1618 hunc
2157 1577 2436 1634 quemque

432 1653 661 1709 dubium
687 1670 793 1708 non
824 1660 944 1710 erat
970 1654 1037 1708 ad
1068 1653 1333 1728 supplicia
1360 1654 1614 1725 graviora
1637 1652 2071 1733 perveniremEt
2095 1658 2284 1724 postea
2317 1651 2444 1708 sub·

434 1741 518 1797 dit
550 1760 563 1798 :
594 1763 619 1796 α
642 1744 903 1799 Sanctum
932 1744 1132 1816 quippe
1152 1743 1392 1798 officium
1422 1758 1528 1798 non
1546 1742 1726 1812 diligit
1745 1742 1984 1806 omnino,
2017 1741 2114 1797 sed
2142 1740 2316 1796 nescit
2345 1742 2444 1813 qui

434 1829 504 1886 ad
528 1831 741 1887 culmen
772 1831 1053 1903 regiminis
1078 1830 1338 1887 anhelans
1366 1833 1421 1887 in
1451 1831 1666 1886 occulta
1693 1830 2051 1886 meditatione
2087 1829 2444 1901 cogitationis

432 1923 763 1973 coeterorum
796 1918 1137 1990 subjectione
1177 1919 1442 1990 pascitur,
1467 1917 1626 1974 laude
1651 1918 1870 1988 propria
1900 1917 2142 1982 laetatur,
2171 1915 2240 1971 ad
2263 1915 2446 1971 hono-

433 2021 547 2060 rem
574 2021 667 2062 cor
682 2006 879 2075 elevat,
898 2022 1078 2063 rerum
1093 1993 1433 2062 affluentium
1458 2005 1790 2062 abundantia
1805 2005 2018 2060 exultat
2039 2003 2441 2074 ».Mundi-ergo

433 2087 644 2149 lucrum
668 2097 933 2167 quaerit‘ur
961 2095 1064 2151 sub
1084 2097 1199 2167 ejus
1223 2096 1446 2151 honoris
1474 2096 1674 2166 specie,
1699 2109 1807 2166 quo
1835 2093 2026 2148 mundi
2051 2091 2258 2148 destrui
2288 2092 2442 2146 lucra

434 2182 757 2240 debuerunt.
784 2183 883 2240 Est
911 2188 967 2240 et
994 2183 1143 2240 aliud
1175 2183 1593 2249 advertendum,
1625 2183 1773 2259 quod
1816 2181 1912 2254 qui
1959 2179 2298 2252 praelationis
2321 2188 2448 2236 sta-

436 2279 552 2328 tum
580 2273 828 2339 assumit,
865 2272 1051 2327 multis
1074 2272 1329 2342 periculis
1372 2288 1433 2328 se
1469 2273 1711 2344 exponit.
1745 2270 1892 2326 Dicit
1925 2272 2071 2326 enim
2119 2269 2354 2340 Gregor.
2388 2270 2446 2324 in

438 2357 730 2414 Pastorali:
755 2380 779 2410 α
800 2359 1123 2432 Plerumque
1148 2361 1205 2414 in
1229 2349 1586 2432 occupatione
1603 2358 1901 2432 regimini3‚
1931 2353 2056 2432 ipse'
2072 2373 2294 2432 quoque
2314 2358 2444 2414 boni

433 2448 615 2516 operis
644 2463 772 2503 usus
804 2447 1066 2520 perditur,
1095 2449 1269 2520 quiin
1296 2450 1694 2522 tranquillitate
1726 2449 2013 2506 tenebatur
2039 2467 2052 2505 ε
2087 2450 2216 2522 quia
2255 2449 2444 2521 quieto

434 2535 573 2591 mari
604 2542 754 2591 recte
781 2537 965 2592 navim
990 2537 1157 2592 etiam
1180 2537 1468 2610 imperitus
1495 2538 1702 2611 dirigit,
1735 2538 2055 2611 perturbato
2083 2545 2270 2594 autem
2300 2547 2444 2593 tem-

435 2624 663 2696 pestatis
681 2624 937 2682 fluctibus
952 2626 1119 2682 etiam
1142 2628 1348 2699 peritus
1378 2642 1437 2682 se
1465 2635 1632 2684 nauta
1662 2621 2174 2708 confundit».'Quid
2205 2641 2441 2699 namque

434 2719 517 2768 est
544 2721 791 2786 potestas
813 2714 1084 2796 culminis,
1112 2714 1220 2771 nisi
1246 2721 1544 2789 tempestas
1569 2716 1788 2782 mentis,
1818 2717 1872 2770 in
1899 2731 2008 2788 qua
2044 2715 2442 2788 cogitationum

433 2817 647 2875 semper
672 2802 924 2876 procellis
952 2804 1108 2860 navis
1130 2805 1315 2860 cordis
1332 2803 1599 2878 quatitur,
1614 2814 1670 2860 et
1697 2803 1806 2860 huc
1835 2795 2072 2877 illucque
2103 2805 2442 2860 incessanter

434 2890 749 2964 impellitur,
777 2898 839 2949 ut
874 2908 972 2965 per
1016 2894 1331 2966 repentinos
1376 2909 1634 2950 excessus
1677 2894 1789 2949 oris
1818 2901 1873 2949 et
1921 2893 2117 2966 operis,
2143 2894 2302 2966 quasi
2348 2909 2441 2965 per

404 2997 409 3002 ·
434 2980 713 3036 obviant-ia
767 2997 902 3039 saxa
951 2981 1273 3053 frangatur?
1311 2983 1470 3054 cujus
1514 2982 1744 3054 periculi
1791 2983 2100 3054 exemplum
2155 2983 2212 3038 in
2263 2981 2441 3038 David

436 3076 679 3140 apparet,
711 3063 861 3142 quia,
899 3075 959 3125 ut
1004 3071 1138 3126 dicit
1173 3071 1494 3142 Gregorius,
1526 3070 1700 3126 David
1733 3073 1936 3126 actoris
1967 3070 2179 3142 judicio
2218 3086 2358 3143 pene
2385 3071 2440 3126 in

434 3157 647 3211 cunctis
674 3156 889 3213 actibus
919 3156 1155 3230 placens,
1184 3165 1247 3214 ut
1281 3159 1622 3232 principatus
1648 3159 1888 3231 pondere
1915 3157 2134 3228 claruit,
2171 3157 2223 3214 in
2255 3157 2446 3214 tumn-i

433 3258 552 3326 rem
581 3242 821 3300 vulneris
840 3247 1040 3318 erupit,
1059 3246 1345 3320 factusque
1360 3255 1445 3303 est
1473 3249 1527 3302 in
1560 3257 1734 3303 morte
1757 3248 1856 3304 viri
1885 3243 2181 3304 creduliter
2203 3247 2434 3320 rigiduS,

435 3333 527 3405 qui
558 3323 613 3388 in
638 3333 886 3406 appetitu
916 3333 1155 3392 foeminae
1183 3335 1285 3392 suit
1322 3338 1599 3395 enerviter
1644 3336 1841 3404 fluxuS,
1870 3338 2025 3410 prius
2071 3336 2235 3394 ferire
2280 3352 2436 3394 com·-

436 3421 763 3494 prehensum
804 3431 1207 3495 persecutorem
1239 3425 1436 3494 noluit,
1478 3435 1535 3484 et
1580 3433 1704 3500 post
1738 3443 1864 3484 cum
1910 3426 2110 3482 damno
2164 3427 2437 3484 exercitus

434 3510 695 3570 devotum
721 3512 954 3569 militem
981 3507 1085 3570 sub
1110 3514 1292 3570 studio
1325 3514 1536 3572 fraudis
1579 3517 1828 3572 extinxit.
1861 3514 1963 3585 Qui
2007 3521 2193 3572 autem
2231 3523 2438 3572 statum

436 3598 714 3671 religionis
754 3601 999 3663 assumit.
1022 3601 1263 3674 pericula
1305 3605 1518 3678 peccati
1565 3605 1723 3661 vitat.
1765 3603 1922 3662 Unde
1961 3605 2329 3678 Hieronymus
2371 3618 2438 3660 ex

437 3703 670 3759 persona
704 3690 953 3746 monachi
980 3690 1209 3763 loquens
1238 3693 1295 3749 in
1336 3692 1580 3767 Epistola
1621 3691 2229 3765 contra'Vigilantium,
2259 3692 2432 3750 dicit:

440 3793 466 3825 «
491 3773 601 3845 Ego
628 3790 754 3832 cum
786 3778 974 3850 fugero
1004 3780 1213 3836 scil-ieet
1246 3774 1526 3850 mundum,
1555 3797 1664 3840 non
1687 3782 1875 3840 vincor
1905 3782 1958 3837 in
1989 3798 2055 3838 eo
2079 3781 2226 3856 quod
2267 3780 2432 3854 fugio,

440 3858 533 3918 sed
566 3859 687 3920 ideo
724 3861 873 3938 fugio
916 3881 985 3922 ne
1024 3866 1230 3925 vincar.
1260 3867 1425 3928 Nulla
1467 3867 1736 3930 securitas
1777 3885 1905 3928 cum
1932 3868 2132 3930 'vicino
2189 3875 2438 3945 serpente
