2850 4517
1260 511 1363 584 v.1

313 693 765 773 oFFlquM
838 693 967 769 DE
1042 689 1341 771 FESTo
1408 637 1870 778 conpoms
1938 694 2308 777 cumsrl

1074 884 1110 923 A
1121 885 1155 923 D
1198 884 1550 925 MANDATUM

457 1016 707 1081 URBANI
750 1015 942 1077 PAPAE
984 1014 1054 1077 IV
1097 1015 1343 1080 DIGTUH
1386 1018 1425 1077 F
1430 1016 1651 1079 ESTUH
1692 1016 2165 1081 INSTITUENTIS

926 1159 1029 1221 (aa.
1062 1161 1191 1207 nom.
1230 1163 1511 1219 Opuscuzum
1540 1158 1702 1221 zm.)
1969 1121 1976 1127 ’

354 1416 461 1477 Em
487 1414 766 1477 chronica
794 1432 921 1494 quae
950 1414 1295 1492 appellatur
1320 1414 1796 1493 supplementum
1829 1416 2298 1480 chronicarum..

379 1563 594 1611 Urbanus
628 1562 754 1621 Papa
782 1560 857 1619 tv,
899 1559 1174 1608 Pontificatu
1212 1566 1448 1619 suscepto,
1481 1558 1683 1612 instituit
1725 1560 2066 1609 solemnitatem
2107 1565 2316 1625 corporis

319 1643 489 1693 Christi
528 1655 635 1689 cum
674 1639 1074 1701 processionibuS,
1116 1645 1162 1687 et
1196 1639 1372 1685 oetavis
1399 1652 1428 1685 a
1455 1638 1638 1686 cunctis
1682 1638 1898 1688 fidelibus
1939 1641 2185 1703 celebrari,
2230 1657 2316 1704 pro

317 1722 487 1783 quibus
511 1720 828 1781 indulgentias
865 1717 1090 1765 maximas
1131 1718 1379 1773 concessit,
1421 1719 1617 1778 ejusque
1654 1718 1855 1765 officium
1887 1733 1942 1767 ex
1969 1722 2139 1769 veteris
2172 1730 2316 1770 testa-

316 1801 458 1848 menti
498 1800 659 1861 figuris
684 1812 767 1859 per
790 1798 954 1844 Divum
980 1798 1205 1845 Thomam
1229 1797 1449 1857 Aquinat.
1480 1797 1665 1844 censuit
1693 1810 1797 1845 esse
1820 1798 2041 1848 fiendum.
2069 1803 2165 1849 Hoc
2193 1802 2316 1850 idem

317 1880 514 1928 habetur
537 1881 586 1928 in
625 1879 835 1940 ejusdem
872 1878 998 1925 Beati
1036 1877 1225 1925 ‘l'homoe
1253 1876 1469 1937 legenda,
1495 1877 1618 1923 etin
1655 1876 1873 1937 pluribus
1913 1878 2022 1925 aliis
2060 1881 2314 1939 chronieiS‚

314 1959 549 2017 videlieet,
585 1958 820 2007 Ptolomaei
865 1957 1106 2013 Lucensis,
1154 1956 1276 2003 Beati
1319 1956 1545 2003 Antonini
1582 1956 1932 2018 Archiepiseopi
1974 1958 2227 2018 florentini,
2273 1968 2319 2009 et

315 2040 446 2087 alibi.
476 2042 569 2087 Hoc
594 2039 733 2085 etiam
759 2038 1001 2099 probatum
1031 2035 1120 2082 fuit
1144 2037 1191 2081 in
1216 2035 1481 2095 Apostolieo
1506 2035 1810 2095 Consistorio‚
1836 2036 1885 2082 in
1910 2038 2156 2097 praesentia
2181 2040 2312 2087 Dom.

316 2120 452 2179 Papae
492 2119 668 2167 Urbani
710 2120 747 2164 V
786 2118 895 2165 dum
920 2117 977 2163 de
1002 2114 1324 2162 Translutione
1351 2114 1563 2174 corporis
1587 2114 1790 2175 ejusdem
1825 2116 2032 2163 Doctoris
2056 2118 2102 2165 S.
2129 2118 2316 2167 Thomae

318 2207 611 2258 tractaretur,
636 2197 761 2259 quod
785 2196 874 2244 fuit
897 2209 1021 2243 anno
1049 2196 1228 2242 Domini
1259 2193 1394 2241 1379.
1424 2194 1478 2240 Et
1503 2202 1610 2241 tuuc
1635 2195 1736 2255 ejus
1761 2208 1930 2255 eorpus
1969 2196 2317 2245 sanctissimum

315 2282 375 2329 ad
404 2286 681 2327 conventum
706 2277 989 2324 Tolosanum
1033 2275 1211 2323 ordinis
1250 2274 1612 2322 praedicatorum
1649 2275 1924 2321 translatum
1957 2276 2064 2324 fuit.
2104 2277 2221 2325 Nam
2259 2281 2318 2327 ab

316 2361 418 2421 ejus
446 2358 575 2406 obitu
597 2357 718 2404 felici
745 2369 892 2416 usque
918 2355 975 2403 ad
1000 2355 1115 2403 illud
1142 2362 1341 2415 tempus,
1370 2355 1418 2401 in
1444 2356 1728 2401 monasterio
1759 2355 2082 2404 Fossae-Novae
2119 2358 2204 2405 sub
2233 2358 2318 2406 de-

316 2442 469 2503 posito
488 2439 717 2499 jacuerat.
744 2440 799 2484 Et
823 2436 933 2497 quia
957 2435 1016 2483 ad
1041 2434 1309 2483 instantiam
1336 2434 1533 2482 Romani
1573 2434 1811 2482 pontificis
1835 2434 1952 2482 illud
1976 2434 2179 2485 ofticium
2205 2437 2317 2485 dic-

317 2521 452 2580 tavit,
477 2519 584 2566 ideo
609 2516 864 2564 secundum
894 2527 1071 2562 morem
1099 2517 1319 2562 Romanae
1342 2515 1493 2562 Curiae
1513 2515 1668 2575 ipsum
1694 2516 1971 2575 composuit.
2217 2525 2224 2531 ·

568 2676 623 2721 ΙΝ
659 2673 837 2719 FESTO
868 2672 1151 2719 CORPORIS
1183 2671 1407 2718 eflRtSTt
1442 2672 1519 2720 ΑΙ)
1555 2672 1768 2720 PRtMAS
1803 2672 2098 2723 VESPERAS

388 2798 615 2869 Antiph.
668 2794 932 2851 Sacerdos
984 2793 1036 2846 in
1091 2797 1359 2847 aeternum
1404 2792 1652 2848 Christus
1701 2794 1965 2849 Dominus
2013 2767 2808 2889 secundum

318 2890 567 2949 ordinem
594 2880 1007 2947 Melchisedech,
1043 2895 1236 2953 panem
1268 2886 1321 2934 et.
1350 2880 1537 2934 vinum
1567 2878 1784 2936 obtulit.

390 2976 534 3031 Psol.
565 2972 715 3028 Dixit
743 2972 1023 3024 Dominus.

390 3063 616 3124 Antivh.
650 3059 934 3114 Miserator
963 3064 1019 3113 et.
1048 3054 1358 3112 misericors
1404 3054 1667 3109 Dominus
1709 3068 1890 3118 escam
1924 3056 2074 3113 dedit
2113 3057 2314 3116 timen-

321 3154 469 3210 tibus
497 3166 555 3205 se
584 3150 636 3204 in
668 3148 989 3204 memoriam
1018 3160 1239 3203 suorum
1269 3143 1621 3199 mirabilium.

391 3240 586 3296 Psalm.
615 3237 945 3293 Confitebor.

390 3328 617 3399 Autiph.
632 3324 869 3381 Calicem
885 3323 1139 3380 salutaris
1155 3322 1440 3393 accipiam,
1460 3328 1515 3376 et
1529 3321 1848 3379 sacrificabo
1863 3322 2098 3382 hostiam
2115 3327 2308 3384 laudis.

396 3419 539 3475 Psul.
567 3413 808 3471 Credidi.

391 3506 619 3578 Antiph.
657 3503 811 3559 Sicut
854 3499 1081 3558 novellae
1124 3498 1409 3572 olivarum}
1438 3497 1685 3555 ecclesiae
1715 3499 1812 3555 filii
1855 3499 1966 3556 sint
2003 3501 2316 3561 incircuitu

324 3610 525 3652 mensae
550 3591 790 3647 Domini.

392 3683 592 3740 Psalm.
618 3679 771 3735 Beati
796 3692 1004 3734 omnes.
2260 3733 2267 3739 ι

393 3771 585 3841 Antip.
619 3767 724 3838 Qui
764 3782 955 3839 pacem
996 3762 1147 3837 ponit
1193 3762 1325 3819 fines
1366 3762 1634 3835 ecclesias,
1661 3763 1916 3823 frumenti
1960 3768 2121 3841 adipe
2152 3770 2317 3827 satiat

325 3876 421 3917 nos
444 3858 728 3914 Dominus.

393 3948 594 4005 Psatm.
628 3942 813 3998 Lauda
839 3939 1161 3996 Jerusalem.
