2850 4517
538 424 655 485 454
830 471 848 487 .
1015 442 1067 485 s.
1110 440 1346 487 ‘rnomn
1378 425 1716 491 'souma-ns
1755 440 2066 484 orusouna

536 555 699 614 docet
724 562 913 628 petere
939 558 1421 629 praeservationem
1444 571 1478 614 a
1499 555 1680 625 malis,
1707 561 1763 613 et
1788 556 1910 613 haee
1933 555 2130 629 petitio
2153 562 2240 613 est
2277 552 2552 629 generalis

538 651 731 702 contra
766 643 949 702 omnia
988 646 1153 716 mala,
1175 646 1387 703 scilicet
1433 654 1681 720 peccata,
1709 646 2079 713 infirmitates,
2111 652 2168 702 et
2201 644 2550 714 afflictiones,

536 734 683 789 sicut
711 732 847 794 dicit
874 738 1108 806 August.
1138 734 1245 791 Sed
1270 736 1401 808 quia
1429 735 1498 791 de
1525 741 1753 809 peccato
1781 742 1838 791 et
1867 736 2174 791 tentatione
2201 734 2414 792 dictum
2442 739 2546 797 est,

538 817 833 879 dicendum
856 829 941 880 est
968 822 1039 879 de
1066 824 1190 881 aliis
1212 823 1392 891 malis,
1416 823 1635 880 'scilicet
1672 822 2101 879 adversitatibus
2130 830 2186 880 et
2221 822 2550 879 'afflictioni-

539 905 645 968 bu's
670 911 922 969 omnibus
955 910 1119 986 hujus
1161 912 1367 979 mundi,
1402 929 1436 970 a
1472 912 1672 986 quibus
1695 913 1842 967 Deus
1866 910 2064 968 liberat
2091 911 2550 985 quadrupliciter.

538 996 741 1068 ‘Pi-imo,
770 1015 837 1056 ne
868 1003 1221 1074 superveniat
1262 1001 1505 1069 afflictio,
1532 1002 1636 1058 sed·
1667 1001 1772 1056 hoo
1801 1015 1927 1056 raro
1971 1000 2247 1072 contingit
2289 1002 2554 1073 quoniam

541 1089 717 1146 saneti
760 1088 817 1145 in
850 1088 1054 1147 mundo
1095 1089 1203 1146 isto
1240 1090 1579 1161 affliguntur,
1609 1090 1742 1162 quia
1783 1095 1849 1144 ut
1885 1087 2094 1145 dicitur
2132 1089 2182 1145 11
2218 1087 2396 1144 Timo.
2431 1104 2498 1145 ιιι
2533 1106 2548 1144 z

541 1174 733 1230 Omnes
759 1174 851 1247 qui
871 1174 961 1247 pie
986 1176 1172 1233 volunt
1194 1176 1373 1231 vivere
1395 1176 1456 1232 in
1477 1175 1694 1233 Christo
1715 1175 1863 1240 Iesu,
1892 1174 2309 1245 persecutionem
2327 1176 2556 1247 patien-

540 1270 657 1318 tur.
680 1264 787 1320 Sed
824 1270 1008 1321 tamen
1037 1263 1199 1321 alicui
1230 1266 1377 1321 Deus
1404 1264 1657 1321 concedit
1686 1263 2002 1337 aliquando,
2033 1271 2095 1319 ut
2129 1277 2239 1319 non
2278 1262 2554 1335 affligatur

544 1367 577 1407 a
600 1350 764 1418 malo,
791 1352 1012 1424 quando
1030 1352 1251 1409 scilicet
1276 1353 1559 1425 cognoscit
1582 1368 1706 1409 eum
1732 1353 2110 1425 impotentem,
2138 1360 2195 1407 et
2241 1366 2349 1407 non
2394 1366 2554 1425 posse

542 1439 800 1495 resistere
831 1456 846 1494 ε
876 1440 1022 1497 sicut
1047 1441 1291 1497 medicus
1333 1441 1550 1500 infirmo
1588 1440 1753 1496 debili
1776 1450 1907 1496 ‘non
1946 1440 2042 1497 dat
2069 1439 2339 1497 violentas
2371 1440 2556 1495 medi-

545 1528 717 1583 cinas.
742 1532 912 1601 Apoc.
942 1544 1010 1584 m
1038 1546 1053 1583 ε
1080 1527 1215 1585 Ecce
1242 1528 1363 1584 dedi
1398 1546 1580 1585 eoram
1619 1533 1669 1587 te
1704 1529 1896 1585 ostium
1932 1536 2193 1601 apertum,
2225 1527 2364 1599 quod
2399 1544 2554 1584 nemo

542 1620 712 1688 potest
736 1616 1001 1683 claudere,
1016 1617 1143 1689 quia
1170 1617 1428 1674 modicam
1457 1610 1612 1673 habes
1631 1618 1910 1674 virtutem.
1939 1618 1998 1673 In
2019 1616 2195 1690 patria
2224 1622 2416 1672 autem
2439 1617 2552 1672 erit

545 1704 799 1777 generale
823 1704 945 1774 boc,
975 1707 1107 1779 quia
1123 1705 1310 1763 nullus
1334 1706 1606 1779 affligetur
1635 1706 1731 1762 ibi.
1760 1706 1884 1765 Job.
1911 1722 1948 1762 v
1975 1722 1988 1760 ε
2012 1704 2080 1761 In
2113 1720 2204 1761 secr
2230 1703 2553 1762 tribulatio-

544 1793 720 1860 nibus,
750 1793 963 1851 seilicet
1004 1796 1291 1866 praesentis
1328 1794 1477 1861 vitae,
1510 1810 1636 1867 quae
1680 1810 1779 1867 per
1821 1811 1918 1850 sex
1950 1799 2148 1850 aetates
2171 1792 2550 1865 distinguitur,

548 1882 797 1940 liberabit
818 1890 888 1951 te,
914 1882 975 1939 in
1000 1885 1224 1957 septima
1250 1901 1355 1939 non
1384 1890 1564 1957 tanqet
1591 1890 1640 1941 te
1667 1884 1883 1953 malum.
1917 1887 2086 1956 Apoc.
2111 1896 2195 1940 vu
2223 1898 2238 1938 ε
2264 1882 2391 1940 Non
2429 1898 2555 1939 esu·

548 1973 714 2038 rieul,
742 1988 905 2045 neque
925 1973 1110 2030 sitient
1138 1972 1403 2045 amplius„
1422 1973 1693 2047 Secundo,
1728 1972 1924 2028 liberat
1951 1972 2175 2045 quando
2209 1973 2267 2027 in
2295 1970 2554 2028 afflictio-

552 2062 713 2118 nibus
740 2060 1082 2128 ·consolatur,
1110 2077 1235 2117 nam
1271 2062 1375 2117 nisi
1417 2062 1565 2117 Deus
1591 2059 1985 2125 consolaretur,
2014 2076 2124 2116 non
2165 2068 2351 2132 posset
2391 2061 2554 2117 homo

550 2150 868 2221 subsistere.
899 2150 948 2205 11
970 2150 1151 2207 Corin.
1178 2166 1199 2209 ι
1227 2168 1239 2203 :
1264 2150 1446 2223 Supra
1473 2149 1682 2207 modum
1705 2149 1924 2223 ,qraeati
1949 2165 2152 2215 sumus,
2177 2166 2346 2221 supra
2369 2148 2554 2205 virtu-

552 2247 653 2296 tem
674 2244 937 2294 nostram.
964 2239 1011 2293 11
1036 2238 1220 2295 Corin.
1242 2254 1325 2295 vn
1354 2237 1493 2294 :Sed
1519 2238 1612 2311 qui
1641 2238 1943 2313 consolatur
1983 2238 2228 2304 humiles,
2257 2239 2554 2295 consolatus

544 2334 623 2383 est
638 2343 734 2383 nos
751 2327 910 2382 Deus.
937 2326 1136 2383 Psalm.
1166 2342 1312 2384 xum
1342 2346 1355 2383 z
1382 2327 1675 2384 Secundum
1698 2326 2097 2385 multitudinem
2127 2327 2373 2383 dolorum
2399 2324 2552 2382 ineo-

545 2429 673 2474 rum
697 2414 755 2468 in
774 2413 931 2468 eorde
954 2430 1065 2469 meo
1084 2415 1462 2472 consolationes
1496 2423 1604 2472 tuce
1630 2416 2042 2487 testificaverunt
2079 2414 2318 2472 animam
2352 2432 2550 2471 meam.

547 2502 753 2565 Tertio,
778 2501 905 2573 quia
931 2500 1149 2555 afflictis
1184 2509 1266 2558 tot
1294 2503 1436 2559 bona
1465 2504 1616 2569 facit,
1648 2511 1783 2578 quot
1827 2506 2056 2561 tradunt
2083 2504 2221 2559 mala
2257 2502 2552 2560 oblivioni.

547 2588 684 2645 Tob.
716 2604 785 2645 ιιι
802 2605 815 2643 z
833 2588 959 2645 Post
988 2596 1341 2661 tempestatem
1366 2593 1718 2670 tranquillum
1732 2592 1900 2664 facis.
1925 2592 2017 2650 Sic
2042 2608 2168 2665 ergo
2199 2590 2552 2663 afflictioneS,

548 2686 605 2735 et
630 2677 1012 2736 tribulationes
1036 2677 1198 2751 hujus
1224 2679 1411 2737 mundi
1443 2698 1548 2740 non
1573 2690 1702 2739 sunt
1731 2682 2006 2749 timendae,
2033 2682 2166 2756 quia
2205 2680 2368 2737 facile
2405 2682 2560 2738 tole-

548 2774 740 2825 rantur
765 2772 823 2824 et
844 2774 1066 2841 propter
1088 2767 1518 2827 consolationem
1543 2771 1925 2841 admistam,et
1950 2780 2175 2847 propter
2199 2770 2553 2827 brevitatem.

548 2860 739 2929 Apost.
771 2856 820 2911 11
846 2856 1029 2912 Corin.
1060 2871 1119 2913 ιν
1144 2872 1160 2911 z
1193 2855 1261 2913 Id
1277 2857 1417 2930 quod
1449 2859 1508 2914 in
1532 2861 1793 2933 praesenti
1825 2867 1902 2918 est
1923 2863 2344 2917 momentaneum
2369 2864 2418 2913 et
2445 2858 2558 2915 leve

551 2943 917 3003 tribulationis
942 2951 1161 3011 nostra,
1190 2962 1358 3019 supra
1384 2948 1599 3004 modum
1624 2950 1682 3003 in
1716 2947 2038 3004 sublimitate
2061 2954 2328 3003 oeternum
2363 2945 2560 3019 ylario

549 3034 754 3107 pondus
778 3040 1037 3105 operatur
1062 3033 1123 3089 in
1154 3034 1325 3101 nobis,
1350 3036 1480 3109 quia
1515 3054 1580 3093 ea>
1605 3036 1690 3091 his
1709 3035 2030 3108 pervenitur
2065 3036 2138 3091 ad
2177 3035 2350 3093 vitam
2389 3041 2560 3091 oeter-

550 3139 697 3182 nam.
726 3120 953 3191 Quarto,
980 3123 1109 3196 quia
1131 3126 1366 3181 tentatio
1390 3133 1448 3181 et
1477 3125 1756 3181 tribulatio
1789 3108 2128 3181 convertitur
2157 3124 2212 3180 in
2243 3124 2469 3189 bonum,
2497 3129 2560 3179 et

550 3211 675 3271 ideo
698 3226 805 3267 nou
832 3211 969 3267 dicit
994 3228 1009 3267 ι
1040 3212 1235 3270 Libera
1260 3228 1360 3270 nos
1384 3229 1416 3271 a
1440 3213 1808 3283 tribulatione,
1835 3214 1932 3270 sed
1957 3228 1992 3270 a
2021 3212 2185 3279 malo,
2213 3212 2348 3285 quia
2371 3210 2562 3267 tribu-

548 3298 779 3358 lationes
800 3303 931 3354 sunt
960 3302 1167 3357 sanctis
1194 3300 1267 3356 ad
1302 3300 1578 3368 coronam,
1607 3306 1663 3357 et
1693 3302 1818 3358 inde
1845 3307 1931 3357 est
1953 3300 2101 3373 quod
2148 3298 2458 3371 gloriantur
2485 3299 2560 3355 de

548 3386 1010 3449 tribulationibus.
1054 3387 1302 3461 Apostol.
1346 3388 1579 3445 Roman.
1627 3406 1664 3445 v
1708 3406 1722 3443 ε
1755 3389 1882 3448 Non
1915 3390 2083 3446 solum
2119 3394 2316 3453 autem,
2366 3386 2460 3443 sed
2503 3392 2560 3443 et

544 3475 849 3557 9loriamur
894 3475 957 3531 in
994 3475 1450 3541 tribulationibus,
1478 3480 1698 3535 scientes
1737 3478 1877 3551 quod
1911 3478 2192 3535 tribulatio
2225 3476 2560 3549 patientiam

545 3570 824 3636 operatur.
857 3563 993 3619 Tob.
1026 3579 1093 3621 ιιι
1123 3582 1137 3620 z
1164 3563 1233 3620 In
1256 3571 1486 3637 tempore
1524 3565 1892 3624 tribulationis
1923 3574 2140 3640 peccata
2176 3566 2434 3623 dimittis.
2457 3566 2564 3622 Li-

546 3652 701 3709 berat
730 3656 859 3724 ergo
889 3652 1033 3708 Deus
1051 3651 1323 3710 bominem
1348 3670 1379 3710 a
1403 3654 1548 3710 malo
1577 3662 1632 3709 et
1658 3655 2120 3721 tribulationibus,
2147 3670 2244 3712 eas
2265 3654 2319 3710 in
2344 3653 2562 3710 bonum

545 3740 934 3809 convertendo,
966 3741 1111 3814 quod
1138 3747 1224 3799 est
1245 3743 1462 3815 signum
1492 3744 1745 3803 maximae
1769 3744 2077 3817 sapientiae,
2104 3744 2236 3818 quia
2283 3743 2560 3816 sapientis

547 3837 629 3885 est
668 3830 872 3886 malum
911 3830 1163 3887 ordinare
1206 3832 1262 3888 in
1306 3831 1509 3889 bonum
1540 3852 1551 3887 ε
1585 3839 1640 3889 et
1680 3834 1784 3893 hoo
1823 3834 1884 3891 fit
1919 3850 2013 3907 per
2051 3832 2395 3919 patientiam,
2424 3848 2558 3906 quae

546 3916 779 3973 babetur
812 3918 866 3973 in
890 3917 1366 3977 tribulationibus.
1393 3922 1622 3979 Caeterae
1654 3938 1784 3980 vero
1829 3923 2063 3979 virtutes
2099 3922 2258 3979 bonis
2295 3918 2552 3991 utuntur,

548 4000 651 4057 sed·
674 4002 942 4070 patientia
969 4004 1147 4070 malis,
1175 4014 1229 4062 et
1258 4008 1384 4063 ideo
1410 4009 1464 4063 in
1492 4008 1668 4076 malis,
1695 4010 1754 4069 id
1779 4016 1863 4067 est
1892 4009 1947 4066 in
1979 4008 2432 4075 adversitatibus,
2464 4015 2556 4065 eet
