2850 4517
22 4153 39 4301 w-p‘

521 321 642 380 496
999 339 1049 381 s.
1096 337 1328 379 'monas
1369 335 1697 386 sommus
1739 335 2048 378 croscum

522 453 788 508 immensa
816 450 1054 508 essentia
1087 466 1194 507 non
1237 457 1394 507 extra
1438 467 1516 516 se,
1549 449 1645 506 sed
1688 448 1834 506 intra
1874 465 1953 516 se,
1986 449 2313 505 immensum
2354 451 2534 506 Deum

521 541 695 613 spirat
729 530 1292 617 Spiritumsanctum.
1338 559 1364 591 ι)
1403 540 1547 608 Item
1590 538 1829 611 cyrillus
1874 537 2011 594 dicit
2054 539 2109 594 in
2153 538 2535 597 exhortatorio

520 641 770 682 sermone
797 626 868 682 ad
897 625 1260 683 Theodosium
1287 629 1679 700 Imperatorem
1710 643 1725 682 ε
1760 647 1786 680 α
1818 625 2069 683 Salvator
2098 627 2165 684 de
2190 627 2371 701 seipso
2402 644 2537 701 pro-

517 715 672 773 ducit
697 716 971 789 spiritum,
995 725 1050 774 et
1078 715 1269 789 spirat,
1298 717 1443 772 sicut
1470 723 1527 772 et
1554 715 1671 788 ipse
1696 717 1879 775 Pater.·
1910 734 1937 768 a

610 881 787 957 Quod
811 880 920 944 hoo
943 879 1106 962 quod
1125 879 1346 961 spirat,
1377 895 1451 944 aaz
1476 895 1591 943 sua
1604 878 1989 960 proprietate
2014 877 2189 942 habet
2212 878 2450 944 Filius.

588 1017 672 1073 Ne
695 1023 880 1075 autem
908 1013 1109 1087 aliquis
1131 1014 1298 1082 dicat,
1325 1011 1475 1086 quod
1499 1012 1671 1070 Filius
1694 1029 1801 1070 non
1820 1013 2039 1087 proprie
2068 1013 2242 1086 spirat
2266 1014 2540 1087 Spiritum

521 1112 789 1172 sanctum,
825 1105 1140 1162 nominatur
1168 1120 1200 1161 a
1226 1102 1505 1176 praedictis
1532 1102 1863 1159 Doctoribus
1890 1102 2059 1159 Filius
2086 1102 2327 1174 Spiritus
2354 1103 2541 1164 sancti

521 1195 778 1268 spirator,
811 1201 1075 1267 tanquam
1109 1192 1184 1249 sit
1220 1207 1296 1248 ex.
1327 1206 1429 1249 sua
1456 1192 1792 1266 proprietate
1830 1191 2035 1248 habens
2083 1191 2231 1264 quod
2268 1192 2541 1264 Spiritum

521 1289 772 1338 sanctum
801 1280 1159 1354 spiret.Dicit
1176 1280 1322 1336 enim
1350 1278 1684 1336 Athanasius
1712 1279 1767 1336 in
1783 1277 2017 1353 epistola
2042 1278 2114 1336 ad
2136 1279 2536 1353 Serapionem:

524 1391 550 1424 <t
585 1371 840 1428 Haeretici
871 1371 1048 1443 ipsum
1077 1369 1272 1426 Filium
1301 1369 1627 1442 spiratorem
1660 1367 1778 1425 veri
1825 1368 2051 1441 spiritus
2087 1368 2345 1443 paracliti
2381 1368 2540 1426 blas-

524 1460 802 1534 phemant,
837 1467 892 1515 et
920 1455 1187 1531 negant,›'›
1217 1467 1273 1515 et
1303 1457 1357 1513 in
1381 1457 1575 1514 eadem
1600 1457 1834 1530 epistola
1867 1475 1880 1512 ε
1910 1477 1937 1510 α
1969 1457 2075 1528 Qui
2107 1457 2457 1530 blasphemat
2477 1459 2539 1515 in

521 1546 775 1619 spiritum
816 1546 1102 1619 spiratum,
1149 1544 1493 1617 blasphemat
1536 1545 1792 1616 equidem
1830 1544 1886 1599 in
1922 1545 2249 1618 spiratorem
2292 1561 2431 1617 eJuS,
2477 1543 2539 1602 id

521 1643 625 1702 est,
677 1635 730 1690 in
778 1635 957 1708 ipsum
999 1633 1216 1701 Filium,
1261 1640 1318 1689 et
1361 1650 1457 1707 per
1498 1632 1695 1689 Filium
1739 1632 2084 1706 blasphemat
2128 1633 2185 1689 in
2226 1634 2539 1705 genitorem

523 1725 662 1797 ejus.
693 1743 720 1776 n
747 1725 882 1780 Item
922 1723 1155 1780 Basilius
1194 1723 1331 1778 dicit
1369 1711 1563 1778 contra
1596 1722 1923 1778 Eunomium
1956 1739 1974 1777 :⁴
1996 1741 2023 1775 α
2054 1714 2256 1777 Filium
2293 1721 2537 1794 Spiritus

524 1813 700 1871 sancti
729 1814 1053 1888 spiratorem
1082 1820 1137 1869 et
1163 1812 1414 1868 datorem
1440 1811 1559 1867 sine
1584 1809 1770 1885 aliquo
1795 1810 1962 1867 dubio
1989 1810 2286 1868 credimus·
2324 1830 2352 1865 n

758 1974 934 2050 Quod
960 1975 1158 2038 eadem
1183 1973 1418 2040 ratione
1438 1972 1720 2054 spiratur
1745 1991 1785 2037 a
1810 1973 2003 2038 Patre
2028 1977 2087 2037 et
2110 1973 2303 2037 Filio.

595 2107 668 2165 Ut
692 2115 878 2164 autem
903 2107 1245 2174 ostendatur,
1272 2105 1419 2180 quod
1448 2105 1613 2163 simul
1656 2113 1713 2163 et
1740 2106 1933 2163 eadem
1960 2105 2261 2180 spiratione
2299 2105 2540 2180 Spiritus

526 2204 748 2253 sanctus
775 2213 808 2252 a
842 2198 1002 2253 Patre
1039 2195 1281 2270 spiratur
1320 2200 1378 2252 et
1415 2211 1457 2253 a
1500 2192 1657 2263 Filio,
1689 2195 1825 2252 dicit
1866 2195 2134 2252 Athanas.
2162 2195 2219 2252 in
2266 2195 2537 2270 praedicta

496 2285 688 2358 epist.
719 2286 790 2341 ad
820 2283 1172 2362 Serapionem
1202 2301 1216 2339 ι
1248 2282 1395 2359 quod
1419 2283 1590 2342 Filius
1632 2292 1716 2341 est
1758 2283 2079 2356 conspirans
2118 2284 2290 2362 Patri,
2322 2284 2403 2340 sic
2446 2285 2540 2340 in·-

523 2373 718 2448 quiens
749 2389 762 2426 :
797 2393 823 2426 a
857 2374 1002 2429 Deus
1029 2374 1189 2428 Pater
1211 2389 1305 2446 per
1333 2374 1512 2430 Deum
1539 2372 1787 2439 verbum,
1816 2388 1922 2429 non
1936 2379 2210 2446 ‚tanquam
2241 2389 2339 2446 per
2363 2389 2539 2445 orga-

525 2475 674 2522 num,
699 2459 844 2529 quod
869 2458 1030 2525 absit,
1049 2459 1146 2515 sed
1176 2476 1271 2531 per
1298 2461 1713 2519 coessentialem
1738 2478 1852 2520 suae
1874 2463 2125 2520 essentiae
2152 2477 2279 2517 vere
2318 2462 2539 2520 viventi

525 2547 928 2618 conspirantem
949 2547 1134 2605 vivum
1164 2557 1220 2606 et
1247 2548 1505 2607 deificum
1528 2550 1803 2625 spiramen
1823 2551 2017 2625 spirat,
2042 2551 2215 2608 Deum
2226 2549 2454 2624 plenum
2478 2557 2539 2609 et

527 2636 769 2704 beatum,
797 2636 1062 2710 Spiritum
1097 2645 1369 2697 sanctum.
2036 2640 2043 2646 ’

831 2765 834 2768 .
892 2797 1071 2874 Quod
1095 2804 1183 2864 est
1218 2799 1587 2866 aeternaliter
1612 2817 1654 2864 a
1678 2800 1847 2864 Filio
1876 2801 2173 2882 spiratus.

597 2921 679 2978 Ne
707 2920 831 2996 quis
869 2929 1054 2980 autem
1088 2924 1256 2992 dicat,
1297 2925 1441 2998 quod
1486 2923 1715 2997 spiratio
1750 2925 1822 2982 ad
1861 2925 2267 2998 processionem
2304 2926 2543 3002 pertinet

528 3009 904 3082 temporalem,
933 3012 1242 3084 exprimunt
1271 3012 1519 3084 praedicti
1558 3015 1841 3082 Doctores,
1875 3013 2023 3089 quod
2049 3013 2289 3087 Spiritus
2315 3025 2541 3071 sanctus

527 3100 599 3154 sit
623 3099 1017 3169 aeternalitera
1040 3099 1174 3155 Filio
1199 3100 1457 3171 spiratus.
1490 3101 1637 3157 Dicit
1663 3089 1808 3161 enim
1834 3102 2168 3168 Athanasius
2202 3103 2258 3158 in
2288 3118 2540 3160 sermone

527 3186 737 3242 Nicaeni
766 3185 983 3242 concilii
1021 3202 1088 3242 ex
1117 3201 1346 3260 persona
1386 3187 1510 3247 Filii
1537 3188 1765 3262 loquens
1796 3206 1810 3244 ε
1852 3209 1880 3243 α
1912 3190 1985 3246 Ut
2013 3190 2205 3246 credat
2242 3190 2481 3248 mundus
2508 3207 2541 3247 a

529 3290 616 3330 me
655 3267 1021 3330 essentialiter
1055 3275 1306 3347 spiritum
1345 3275 1691 3349 paraclitum,
1726 3285 1782 3333 et
1811 3276 2148 3336 aeternaliter
2183 3277 2478 3351 spiratum.
2511 3296 2540 3331 »

526 3363 664 3418 Item
696 3362 931 3436 cyrillus
954 3363 1008 3418 in
1033 3362 1126 3419 lib.
1159 3365 1563 3422 Thesaurorum
1590 3382 1603 3421 ε
1638 3386 1665 3428 α,
1691 3366 1957 3440 Spiritum
1982 3374 2236 3438 sanctum
2260 3381 2295 3424 a
2322 3365 2541 3424 Christo

526 3451 861 3509 aeternaliter
889 3457 944 3510 et
971 3452 1338 3511 essentialiter
1365 3454 1638 3512 credimus
1663 3461 1719 3512 et
1746 3457 2073 3513 confitemur
2091 3455 2364 3529 spiratum
2392 3456 2543 3514 exis-

527 3545 644 3597 tere
669 3539 862 3598 Deum.
899 3559 926 3594 ιο

717 3700 896 3776 Quod
921 3701 992 3764 de
1017 3701 1272 3766 essentia
1297 3703 1462 3768 Filii
1479 3702 1763 3784 spiratur
1783 3671 2359 3786 Spiritus'sanotus.

597 3825 681 3882 Ad
717 3825 823 3883 hoc
849 3826 1016 3888 etiam
1058 3827 1190 3886 facit
1219 3830 1364 3903 quod
1407 3830 1462 3886 in
1506 3830 1715 3900 eisdem
1754 3825 2182 3889 auctoritatibus
2208 3831 2539 3899 continetur,

526 3913 676 3985 quod
698 3915 768 3972 de
793 3916 1031 3975 essentia
1057 3914 1180 3975 Filii
1209 3918 1453 3991 spiratur
1480 3919 1717 3993 Spiritus
1739 3927 1983 3980 sanctus.
2012 3920 2163 3980 Dicit
2184 3921 2333 3978 enim
2366 3920 2543 3979 Atha-
