<?xml version="1.0" encoding="UTF-8"?>
<!DOCTYPE html PUBLIC "-//W3C//DTD XHTML 1.0 Transitional//EN"
    "http://www.w3.org/TR/xhtml1/DTD/xhtml1-transitional.dtd">
<html xmlns="http://www.w3.org/1999/xhtml" xml:lang="en" lang="en">
 <head>
  <title>
</title>
<meta http-equiv="Content-Type" content="text/html;charset=utf-8" />
  <meta name='ocr-system' content='tesseract 3.04.00' />
  <meta name='ocr-capabilities' content='ocr_page ocr_carea ocr_par ocr_line ocrx_word'/>
</head>
<body>
  <div class='ocr_page' id='page_1' title='image "./sthomaquinatisd02thomgoog_0074.png"; bbox 0 0 2850 4517; ppageno 0'>
   <div class='ocr_carea' id='block_1_1' title="bbox 489 305 2021 384">
    <p class='ocr_par' dir='ltr' id='par_1_1' title="bbox 489 305 2021 384">
     <span class='ocr_line' id='line_1_1' title="bbox 489 305 2021 384; baseline -0.007 -14"><span class='ocrx_word' id='word_1_1' title='bbox 489 309 574 370; x_wconf 88' lang='lat'>60</span> <span class='ocrx_word' id='word_1_2' title='bbox 701 362 714 384; x_wconf 81' lang='grc'><em>,</em></span> <span class='ocrx_word' id='word_1_3' title='bbox 970 321 1022 364; x_wconf 88' lang='lat' dir='ltr'>s.</span> <span class='ocrx_word' id='word_1_4' title='bbox 1066 317 1302 364; x_wconf 63' lang='lat' dir='ltr'>moue.</span> <span class='ocrx_word' id='word_1_5' title='bbox 1338 315 1670 368; x_wconf 59' lang='lat' dir='ltr'>nooman-is</span> <span class='ocrx_word' id='word_1_6' title='bbox 1709 305 2021 362; x_wconf 63' lang='lat' dir='ltr'>causeum</span> 
     </span>
    </p>
   </div>
   <div class='ocr_carea' id='block_1_2' title="bbox 407 431 2513 1568">
    <p class='ocr_par' dir='ltr' id='par_1_2' title="bbox 407 431 2513 1568">
     <span class='ocr_line' id='line_1_2' title="bbox 493 431 2507 507; baseline -0.003 -9"><span class='ocrx_word' id='word_1_7' title='bbox 493 439 645 498; x_wconf 82' lang='lat' dir='ltr'>aliud</span> <span class='ocrx_word' id='word_1_8' title='bbox 682 437 754 500; x_wconf 90' lang='lat' dir='ltr'>ab</span> <span class='ocrx_word' id='word_1_9' title='bbox 778 436 1060 494; x_wconf 86' lang='lat' dir='ltr'>elementis</span> <span class='ocrx_word' id='word_1_10' title='bbox 1085 439 1230 492; x_wconf 88' lang='lat' dir='ltr'>esset</span> <span class='ocrx_word' id='word_1_11' title='bbox 1257 433 1410 507; x_wconf 88' lang='lat' dir='ltr'>prius</span> <span class='ocrx_word' id='word_1_12' title='bbox 1436 433 1517 490; x_wconf 90' lang='lat' dir='ltr'>eis</span> <span class='ocrx_word' id='word_1_13' title='bbox 1544 433 1601 489; x_wconf 91' lang='lat' dir='ltr'>in</span> <span class='ocrx_word' id='word_1_14' title='bbox 1640 431 1833 490; x_wconf 87' lang='lat' dir='ltr'>ordine</span> <span class='ocrx_word' id='word_1_15' title='bbox 1860 447 2045 490; x_wconf 78' lang='lat' dir='ltr'>causas</span> <span class='ocrx_word' id='word_1_16' title='bbox 2089 431 2413 492; x_wconf 87' lang='lat' dir='ltr'>materialis.</span> <span class='ocrx_word' id='word_1_17' title='bbox 2442 433 2507 492; x_wconf 81' lang='lat' dir='ltr'>Si</span> 
     </span>
     <span class='ocr_line' id='line_1_3' title="bbox 407 520 2503 599; baseline -0.005 -13"><span class='ocrx_word' id='word_1_18' title='bbox 407 548 411 555; x_wconf 92' lang='lat'><em>·</em></span> <span class='ocrx_word' id='word_1_19' title='bbox 494 538 678 586; x_wconf 89' lang='lat' dir='ltr'>tamen</span> <span class='ocrx_word' id='word_1_20' title='bbox 724 526 951 584; x_wconf 88' lang='lat' dir='ltr'>materia</span> <span class='ocrx_word' id='word_1_21' title='bbox 1004 524 1361 599; x_wconf 83' lang='lat' dir='ltr'>praeexistens</span> <span class='ocrx_word' id='word_1_22' title='bbox 1407 521 1694 579; x_wconf 88' lang='lat' dir='ltr'>elementis</span> <span class='ocrx_word' id='word_1_23' title='bbox 1736 520 1971 579; x_wconf 88' lang='lat' dir='ltr'>haberet</span> <span class='ocrx_word' id='word_1_24' title='bbox 2026 521 2258 583; x_wconf 78' lang='lat' dir='ltr'>formam</span> <span class='ocrx_word' id='word_1_25' title='bbox 2302 522 2503 589; x_wconf 61' lang='lat' dir='ltr'>aliam,</span> 
     </span>
     <span class='ocr_line' id='line_1_4' title="bbox 491 601 2505 692; baseline -0.004 -19"><span class='ocrx_word' id='word_1_26' title='bbox 491 622 767 692; x_wconf 88' lang='lat' dir='ltr'>oporteret</span> <span class='ocrx_word' id='word_1_27' title='bbox 800 613 942 689; x_wconf 89' lang='lat' dir='ltr'>quod</span> <span class='ocrx_word' id='word_1_28' title='bbox 972 629 1141 670; x_wconf 87' lang='lat' dir='ltr'>unum</span> <span class='ocrx_word' id='word_1_29' title='bbox 1165 625 1355 670; x_wconf 86' lang='lat' dir='ltr'>eorum</span> <span class='ocrx_word' id='word_1_30' title='bbox 1381 617 1529 668; x_wconf 88' lang='lat' dir='ltr'>esse-t</span> <span class='ocrx_word' id='word_1_31' title='bbox 1572 601 1693 666; x_wconf 76' lang='lat' dir='ltr'>aliis</span> <span class='ocrx_word' id='word_1_32' title='bbox 1717 610 1871 684; x_wconf 89' lang='lat' dir='ltr'>prius</span> <span class='ocrx_word' id='word_1_33' title='bbox 1898 610 1953 666; x_wconf 89' lang='lat' dir='ltr'>in</span> <span class='ocrx_word' id='word_1_34' title='bbox 1988 610 2183 666; x_wconf 88' lang='lat' dir='ltr'>eodem</span> <span class='ocrx_word' id='word_1_35' title='bbox 2210 610 2422 679; x_wconf 82' lang='lat' dir='ltr'>ordine,</span> <span class='ocrx_word' id='word_1_36' title='bbox 2456 611 2505 665; x_wconf 42' lang='lat' dir='ltr'>ni</span> 
     </span>
     <span class='ocr_line' id='line_1_5' title="bbox 485 698 2507 777; baseline -0.002 -15"><span class='ocrx_word' id='word_1_37' title='bbox 485 704 724 762; x_wconf 84' lang='lat' dir='ltr'>materia</span> <span class='ocrx_word' id='word_1_38' title='bbox 747 701 1062 777; x_wconf 83' lang='lat' dir='ltr'>praecedens</span> <span class='ocrx_word' id='word_1_39' title='bbox 1084 701 1316 758; x_wconf 84' lang='lat' dir='ltr'>formam</span> <span class='ocrx_word' id='word_1_40' title='bbox 1336 698 1592 756; x_wconf 86' lang='lat' dir='ltr'>elementi</span> <span class='ocrx_word' id='word_1_41' title='bbox 1612 698 1857 756; x_wconf 85' lang='lat' dir='ltr'>baberet.</span> <span class='ocrx_word' id='word_1_42' title='bbox 1886 698 2115 771; x_wconf 86' lang='lat' dir='ltr'>Oportet</span> <span class='ocrx_word' id='word_1_43' title='bbox 2142 698 2310 771; x_wconf 86' lang='lat' dir='ltr'>igitur</span> <span class='ocrx_word' id='word_1_44' title='bbox 2334 700 2507 757; x_wconf 86' lang='lat' dir='ltr'>etiam</span> 
     </span>
     <span class='ocr_line' id='line_1_6' title="bbox 493 786 2507 868; baseline -0.002 -18"><span class='ocrx_word' id='word_1_45' title='bbox 493 792 612 868; x_wconf 88' lang='lat' dir='ltr'>ipsa</span> <span class='ocrx_word' id='word_1_46' title='bbox 639 792 908 849; x_wconf 88' lang='lat' dir='ltr'>elementa</span> <span class='ocrx_word' id='word_1_47' title='bbox 936 789 1250 847; x_wconf 88' lang='lat' dir='ltr'>immediate</span> <span class='ocrx_word' id='word_1_48' title='bbox 1272 803 1393 845; x_wconf 89' lang='lat' dir='ltr'>esse</span> <span class='ocrx_word' id='word_1_49' title='bbox 1421 803 1454 844; x_wconf 87' lang='lat' dir='ltr'>a</span> <span class='ocrx_word' id='word_1_50' title='bbox 1484 788 1596 843; x_wconf 89' lang='lat' dir='ltr'>Deo</span> <span class='ocrx_word' id='word_1_51' title='bbox 1627 787 1914 860; x_wconf 83' lang='lat' dir='ltr'>producta.</span> <span class='ocrx_word' id='word_1_52' title='bbox 1940 786 2108 844; x_wconf 85' lang='lat' dir='ltr'>Multo</span> <span class='ocrx_word' id='word_1_53' title='bbox 2136 787 2303 860; x_wconf 88' lang='lat' dir='ltr'>igitur</span> <span class='ocrx_word' id='word_1_54' title='bbox 2328 789 2507 860; x_wconf 85' lang='lat' dir='ltr'>magis</span> 
     </span>
     <span class='ocr_line' id='line_1_7' title="bbox 493 876 2507 956; baseline -0.002 -17"><span class='ocrx_word' id='word_1_55' title='bbox 493 881 827 956; x_wconf 84' lang='lat' dir='ltr'>impossibile</span> <span class='ocrx_word' id='word_1_56' title='bbox 871 887 956 936; x_wconf 91' lang='lat' dir='ltr'>est</span> <span class='ocrx_word' id='word_1_57' title='bbox 998 877 1333 935; x_wconf 85' lang='lat' dir='ltr'>substantias</span> <span class='ocrx_word' id='word_1_58' title='bbox 1377 876 1727 950; x_wconf 80' lang='lat' dir='ltr'>incorporeas</span> <span class='ocrx_word' id='word_1_59' title='bbox 1765 884 1823 934; x_wconf 89' lang='lat' dir='ltr'>et</span> <span class='ocrx_word' id='word_1_60' title='bbox 1866 876 2167 932; x_wconf 79' lang='lat' dir='ltr'>invisibiles</span> <span class='ocrx_word' id='word_1_61' title='bbox 2210 877 2283 934; x_wconf 87' lang='lat' dir='ltr'>ab</span> <span class='ocrx_word' id='word_1_62' title='bbox 2318 876 2507 951; x_wconf 87' lang='lat' dir='ltr'>aliquo</span> 
     </span>
     <span class='ocr_line' id='line_1_8' title="bbox 441 959 2503 1043; baseline -0.003 -15"><span class='ocrx_word' id='word_1_63' title='bbox 441 959 446 962; x_wconf 41' lang='lat'>¹</span> <span class='ocrx_word' id='word_1_64' title='bbox 493 970 601 1028; x_wconf 91' lang='lat' dir='ltr'>alio</span> <span class='ocrx_word' id='word_1_65' title='bbox 630 970 842 1026; x_wconf 83' lang='lat' dir='ltr'>creari:</span> <span class='ocrx_word' id='word_1_66' title='bbox 874 981 1062 1043; x_wconf 78' lang='lat' dir='ltr'>omnes</span> <span class='ocrx_word' id='word_1_67' title='bbox 1089 965 1233 1022; x_wconf 88' lang='lat' dir='ltr'>enim</span> <span class='ocrx_word' id='word_1_68' title='bbox 1266 965 1575 1038; x_wconf 86' lang='lat' dir='ltr'>hujusmodi</span> <span class='ocrx_word' id='word_1_69' title='bbox 1610 965 1907 1024; x_wconf 79' lang='lat' dir='ltr'>subtantiae</span> <span class='ocrx_word' id='word_1_70' title='bbox 1934 965 2327 1022; x_wconf 82' lang='lat' dir='ltr'><strong>immateriales</strong></span> <span class='ocrx_word' id='word_1_71' title='bbox 2352 973 2503 1022; x_wconf 89' lang='lat' dir='ltr'>sunt.</span> 
     </span>
     <span class='ocr_line' id='line_1_9' title="bbox 491 1053 2509 1138; baseline -0.002 -21"><span class='ocrx_word' id='word_1_72' title='bbox 491 1061 614 1117; x_wconf 89' lang='lat' dir='ltr'>Non</span> <span class='ocrx_word' id='word_1_73' title='bbox 642 1059 786 1114; x_wconf 89' lang='lat' dir='ltr'>enim</span> <span class='ocrx_word' id='word_1_74' title='bbox 815 1063 994 1131; x_wconf 83' lang='lat' dir='ltr'>potest</span> <span class='ocrx_word' id='word_1_75' title='bbox 1021 1071 1140 1112; x_wconf 88' lang='lat' dir='ltr'>esse</span> <span class='ocrx_word' id='word_1_76' title='bbox 1171 1054 1401 1138; x_wconf 78' lang='lat' dir='ltr'>materia</span> <span class='ocrx_word' id='word_1_77' title='bbox 1425 1053 1532 1110; x_wconf 89' lang='lat' dir='ltr'>nisi</span> <span class='ocrx_word' id='word_1_78' title='bbox 1560 1055 1883 1110; x_wconf 81' lang='lat' dir='ltr'>dimensioni</span> <span class='ocrx_word' id='word_1_79' title='bbox 1909 1054 2176 1126; x_wconf 87' lang='lat' dir='ltr'>subjecta,</span> <span class='ocrx_word' id='word_1_80' title='bbox 2204 1054 2509 1112; x_wconf 84' lang='lat' dir='ltr'>secundum</span> 
     </span>
     <span class='ocr_line' id='line_1_10' title="bbox 493 1143 2509 1222; baseline -0.001 -18"><span class='ocrx_word' id='word_1_81' title='bbox 493 1161 658 1222; x_wconf 87' lang='lat' dir='ltr'>quam</span> <span class='ocrx_word' id='word_1_82' title='bbox 681 1146 913 1203; x_wconf 87' lang='lat' dir='ltr'>materia</span> <span class='ocrx_word' id='word_1_83' title='bbox 937 1145 1310 1216; x_wconf 85' lang='lat' dir='ltr'>distinguitur,</span> <span class='ocrx_word' id='word_1_84' title='bbox 1342 1149 1402 1198; x_wconf 86' lang='lat' dir='ltr'>ut</span> <span class='ocrx_word' id='word_1_85' title='bbox 1432 1159 1497 1199; x_wconf 86' lang='lat' dir='ltr'>ex</span> <span class='ocrx_word' id='word_1_86' title='bbox 1524 1159 1634 1200; x_wconf 89' lang='lat' dir='ltr'>una</span> <span class='ocrx_word' id='word_1_87' title='bbox 1661 1144 1890 1200; x_wconf 86' lang='lat' dir='ltr'>materia</span> <span class='ocrx_word' id='word_1_88' title='bbox 1921 1143 2038 1200; x_wconf 84' lang='lat' dir='ltr'>fieri</span> <span class='ocrx_word' id='word_1_89' title='bbox 2070 1152 2315 1216; x_wconf 82' lang='lat' dir='ltr'><strong>possunt.</strong></span> <span class='ocrx_word' id='word_1_90' title='bbox 2346 1144 2509 1202; x_wconf 83' lang='lat' dir='ltr'>Unde</span> 
     </span>
     <span class='ocr_line' id='line_1_11' title="bbox 492 1230 2510 1310; baseline -0.002 -18"><span class='ocrx_word' id='word_1_91' title='bbox 492 1233 828 1310; x_wconf 88' lang='lat' dir='ltr'>impossibile</span> <span class='ocrx_word' id='word_1_92' title='bbox 851 1238 936 1290; x_wconf 89' lang='lat' dir='ltr'>est</span> <span class='ocrx_word' id='word_1_93' title='bbox 961 1233 1108 1306; x_wconf 88' lang='lat' dir='ltr'>quod</span> <span class='ocrx_word' id='word_1_94' title='bbox 1133 1249 1200 1289; x_wconf 86' lang='lat' dir='ltr'>ex</span> <span class='ocrx_word' id='word_1_95' title='bbox 1229 1230 1459 1290; x_wconf 87' lang='lat' dir='ltr'>materia</span> <span class='ocrx_word' id='word_1_96' title='bbox 1485 1233 1799 1306; x_wconf 83' lang='lat' dir='ltr'>praejacenti</span> <span class='ocrx_word' id='word_1_97' title='bbox 1827 1240 2143 1300; x_wconf 75' lang='lat' dir='ltr'><strong>causentur,</strong></span> <span class='ocrx_word' id='word_1_98' title='bbox 2178 1231 2510 1306; x_wconf 73' lang='lat' dir='ltr'>relinquitur</span> 
     </span>
     <span class='ocr_line' id='line_1_12' title="bbox 493 1320 2511 1396; baseline -0.001 -16"><span class='ocrx_word' id='word_1_99' title='bbox 493 1325 662 1396; x_wconf 82' lang='lat' dir='ltr'>igitur</span> <span class='ocrx_word' id='word_1_100' title='bbox 686 1321 831 1396; x_wconf 88' lang='lat' dir='ltr'>quod</span> <span class='ocrx_word' id='word_1_101' title='bbox 857 1337 954 1396; x_wconf 87' lang='lat' dir='ltr'>per</span> <span class='ocrx_word' id='word_1_102' title='bbox 979 1321 1315 1384; x_wconf 73' lang='lat' dir='ltr'>creationem</span> <span class='ocrx_word' id='word_1_103' title='bbox 1350 1320 1529 1378; x_wconf 88' lang='lat' dir='ltr'>solum</span> <span class='ocrx_word' id='word_1_104' title='bbox 1553 1337 1584 1377; x_wconf 89' lang='lat' dir='ltr'>a</span> <span class='ocrx_word' id='word_1_105' title='bbox 1628 1322 1742 1378; x_wconf 89' lang='lat' dir='ltr'>Deo</span> <span class='ocrx_word' id='word_1_106' title='bbox 1785 1320 2158 1394; x_wconf 79' lang='lat' dir='ltr'>producantur</span> <span class='ocrx_word' id='word_1_107' title='bbox 2186 1322 2239 1377; x_wconf 89' lang='lat' dir='ltr'>in</span> <span class='ocrx_word' id='word_1_108' title='bbox 2270 1337 2411 1378; x_wconf 88' lang='lat' dir='ltr'>esse.</span> <span class='ocrx_word' id='word_1_109' title='bbox 2438 1323 2511 1378; x_wconf 89' lang='lat' dir='ltr'>Et</span> 
     </span>
     <span class='ocr_line' id='line_1_13' title="bbox 493 1409 2513 1487; baseline 0 -18"><span class='ocrx_word' id='word_1_110' title='bbox 493 1418 716 1487; x_wconf 86' lang='lat' dir='ltr'>propter</span> <span class='ocrx_word' id='word_1_111' title='bbox 749 1411 853 1467; x_wconf 85' lang='lat' dir='ltr'>hoc</span> <span class='ocrx_word' id='word_1_112' title='bbox 889 1410 1025 1467; x_wconf 86' lang='lat' dir='ltr'>fides</span> <span class='ocrx_word' id='word_1_113' title='bbox 1065 1410 1334 1467; x_wconf 86' lang='lat' dir='ltr'>catholica</span> <span class='ocrx_word' id='word_1_114' title='bbox 1373 1409 1667 1467; x_wconf 82' lang='lat' dir='ltr'>confitetur</span> <span class='ocrx_word' id='word_1_115' title='bbox 1698 1411 1872 1467; x_wconf 87' lang='lat' dir='ltr'>Deum</span> <span class='ocrx_word' id='word_1_116' title='bbox 1917 1425 2039 1467; x_wconf 86' lang='lat' dir='ltr'>esse</span> <span class='ocrx_word' id='word_1_117' title='bbox 2066 1417 2365 1468; x_wconf 73' lang='lat' dir='ltr'>creatorem</span> <span class='ocrx_word' id='word_1_118' title='bbox 2390 1412 2513 1470; x_wconf 81' lang='lat' dir='ltr'>coeli</span> 
     </span>
     <span class='ocr_line' id='line_1_14' title="bbox 492 1497 2311 1568; baseline -0.002 -9"><span class='ocrx_word' id='word_1_119' title='bbox 492 1509 546 1560; x_wconf 78' lang='lat' dir='ltr'>et</span> <span class='ocrx_word' id='word_1_120' title='bbox 571 1507 758 1568; x_wconf 64' lang='lat' dir='ltr'>terrai,</span> <span class='ocrx_word' id='word_1_121' title='bbox 786 1505 844 1557; x_wconf 88' lang='lat' dir='ltr'>et</span> <span class='ocrx_word' id='word_1_122' title='bbox 871 1497 1114 1556; x_wconf 89' lang='lat' dir='ltr'>omnium</span> <span class='ocrx_word' id='word_1_123' title='bbox 1140 1497 1454 1566; x_wconf 76' lang='lat' dir='ltr'>visibilium,</span> <span class='ocrx_word' id='word_1_124' title='bbox 1485 1514 1586 1556; x_wconf 90' lang='lat' dir='ltr'>nec</span> <span class='ocrx_word' id='word_1_125' title='bbox 1608 1514 1716 1556; x_wconf 84' lang='lat' dir='ltr'>non</span> <span class='ocrx_word' id='word_1_126' title='bbox 1741 1498 1912 1556; x_wconf 88' lang='lat' dir='ltr'>etiarn</span> <span class='ocrx_word' id='word_1_127' title='bbox 1936 1497 2311 1556; x_wconf 73' lang='lat' dir='ltr'>invisibilium.</span> 
     </span>
    </p>
   </div>
   <div class='ocr_carea' id='block_1_3' title="bbox 542 1666 2466 1888">
    <p class='ocr_par' dir='ltr' id='par_1_3' title="bbox 542 1666 2466 1888">
     <span class='ocr_line' id='line_1_15' title="bbox 1203 1666 1796 1734; baseline 0 0"><span class='ocrx_word' id='word_1_128' title='bbox 1203 1666 1487 1734; x_wconf 84' lang='lat' dir='ltr'>CAPUT</span> <span class='ocrx_word' id='word_1_129' title='bbox 1558 1666 1796 1734; x_wconf 87' lang='lat' dir='ltr'>XCVI.</span> 
     </span>
     <span class='ocr_line' id='line_1_16' title="bbox 542 1805 2466 1888; baseline -0.003 -13"><span class='ocrx_word' id='word_1_130' title='bbox 542 1806 723 1888; x_wconf 72' lang='lat' dir='ltr'>Quod</span> <span class='ocrx_word' id='word_1_131' title='bbox 746 1810 915 1874; x_wconf 75' lang='lat' dir='ltr'>Deus</span> <span class='ocrx_word' id='word_1_132' title='bbox 940 1825 1061 1872; x_wconf 77' lang='lat' dir='ltr'>non</span> <span class='ocrx_word' id='word_1_133' title='bbox 1084 1807 1220 1888; x_wconf 73' lang='lat' dir='ltr'>ayit</span> <span class='ocrx_word' id='word_1_134' title='bbox 1245 1806 1916 1884; x_wconf 71' lang='lat' dir='ltr'>naturali&#39;neoessitate,</span> <span class='ocrx_word' id='word_1_135' title='bbox 1942 1807 2046 1872; x_wconf 75' lang='lat' dir='ltr'>sed</span> <span class='ocrx_word' id='word_1_136' title='bbox 2068 1825 2107 1871; x_wconf 84' lang='lat' dir='ltr'>a</span> <span class='ocrx_word' id='word_1_137' title='bbox 2130 1805 2466 1872; x_wconf 77' lang='lat' dir='ltr'>voluntate.</span> 
     </span>
    </p>
   </div>
   <div class='ocr_carea' id='block_1_4' title="bbox 497 1941 2520 3970">
    <p class='ocr_par' dir='ltr' id='par_1_4' title="bbox 497 1941 2520 3970">
     <span class='ocr_line' id='line_1_17' title="bbox 565 1941 2513 2017; baseline -0.002 -15"><span class='ocrx_word' id='word_1_138' title='bbox 565 1944 647 2002; x_wconf 84' lang='lat' dir='ltr'>Ex</span> <span class='ocrx_word' id='word_1_139' title='bbox 669 1944 774 2002; x_wconf 87' lang='lat' dir='ltr'>hoc</span> <span class='ocrx_word' id='word_1_140' title='bbox 797 1949 980 2001; x_wconf 88' lang='lat' dir='ltr'>autem</span> <span class='ocrx_word' id='word_1_141' title='bbox 1008 1941 1332 2008; x_wconf 87' lang='lat' dir='ltr'>ostenditur,</span> <span class='ocrx_word' id='word_1_142' title='bbox 1360 1941 1509 2015; x_wconf 86' lang='lat' dir='ltr'>quod</span> <span class='ocrx_word' id='word_1_143' title='bbox 1538 1941 1685 1998; x_wconf 88' lang='lat' dir='ltr'>Deus</span> <span class='ocrx_word' id='word_1_144' title='bbox 1708 1958 1796 1998; x_wconf 90' lang='lat' dir='ltr'>res</span> <span class='ocrx_word' id='word_1_145' title='bbox 1822 1941 1877 1998; x_wconf 91' lang='lat' dir='ltr'>in</span> <span class='ocrx_word' id='word_1_146' title='bbox 1906 1958 2028 1999; x_wconf 85' lang='lat' dir='ltr'>esse</span> <span class='ocrx_word' id='word_1_147' title='bbox 2051 1941 2372 2017; x_wconf 85' lang='lat' dir='ltr'>produxerit</span> <span class='ocrx_word' id='word_1_148' title='bbox 2399 1955 2513 1998; x_wconf 87' lang='lat' dir='ltr'>non</span> 
     </span>
     <span class='ocr_line' id='line_1_18' title="bbox 498 2029 2513 2102; baseline -0.002 -10"><span class='ocrx_word' id='word_1_149' title='bbox 498 2033 733 2092; x_wconf 87' lang='lat' dir='ltr'>naturali</span> <span class='ocrx_word' id='word_1_150' title='bbox 763 2032 1110 2099; x_wconf 81' lang='lat' dir='ltr'>necessitate,</span> <span class='ocrx_word' id='word_1_151' title='bbox 1137 2031 1233 2089; x_wconf 87' lang='lat' dir='ltr'>sed</span> <span class='ocrx_word' id='word_1_152' title='bbox 1262 2029 1565 2089; x_wconf 85' lang='lat' dir='ltr'>voluntate.</span> <span class='ocrx_word' id='word_1_153' title='bbox 1597 2032 1683 2088; x_wconf 87' lang='lat' dir='ltr'>Ab</span> <span class='ocrx_word' id='word_1_154' title='bbox 1710 2046 1817 2086; x_wconf 89' lang='lat' dir='ltr'>uno</span> <span class='ocrx_word' id='word_1_155' title='bbox 1853 2029 1999 2088; x_wconf 89' lang='lat' dir='ltr'>enim</span> <span class='ocrx_word' id='word_1_156' title='bbox 2027 2029 2264 2088; x_wconf 86' lang='lat' dir='ltr'>naturali</span> <span class='ocrx_word' id='word_1_157' title='bbox 2311 2035 2513 2102; x_wconf 83' lang='lat' dir='ltr'>agento</span> 
     </span>
     <span class='ocr_line' id='line_1_19' title="bbox 497 2116 2509 2190; baseline -0.002 -11"><span class='ocrx_word' id='word_1_158' title='bbox 497 2116 604 2181; x_wconf 86' lang='lat' dir='ltr'>non</span> <span class='ocrx_word' id='word_1_159' title='bbox 629 2128 714 2179; x_wconf 88' lang='lat' dir='ltr'>est</span> <span class='ocrx_word' id='word_1_160' title='bbox 754 2120 1071 2178; x_wconf 79' lang='lat' dir='ltr'>immediate</span> <span class='ocrx_word' id='word_1_161' title='bbox 1099 2120 1202 2175; x_wconf 88' lang='lat' dir='ltr'>nisi</span> <span class='ocrx_word' id='word_1_162' title='bbox 1227 2134 1396 2174; x_wconf 89' lang='lat' dir='ltr'>unum</span> <span class='ocrx_word' id='word_1_163' title='bbox 1430 2135 1444 2173; x_wconf 74' lang='grc' dir='ltr'><strong>ε</strong></span> <span class='ocrx_word' id='word_1_164' title='bbox 1486 2127 1865 2190; x_wconf 85' lang='lat' dir='ltr'>agensautem</span> <span class='ocrx_word' id='word_1_165' title='bbox 1894 2119 2263 2177; x_wconf 86' lang='lat' dir='ltr'>voluntarium</span> <span class='ocrx_word' id='word_1_166' title='bbox 2289 2119 2509 2176; x_wconf 84' lang='lat' dir='ltr'>diversa</span> 
     </span>
     <span class='ocr_line' id='line_1_20' title="bbox 499 2206 2511 2284; baseline 0 -18"><span class='ocrx_word' id='word_1_167' title='bbox 499 2211 798 2284; x_wconf 85' lang='lat' dir='ltr'>producere</span> <span class='ocrx_word' id='word_1_168' title='bbox 828 2215 1027 2282; x_wconf 70' lang='lat' dir='ltr'>potest,</span> <span class='ocrx_word' id='word_1_169' title='bbox 1061 2207 1208 2280; x_wconf 89' lang='lat' dir='ltr'>quod</span> <span class='ocrx_word' id='word_1_170' title='bbox 1251 2206 1372 2263; x_wconf 90' lang='lat' dir='ltr'>ideo</span> <span class='ocrx_word' id='word_1_171' title='bbox 1401 2214 1505 2273; x_wconf 81' lang='lat' dir='ltr'>est,</span> <span class='ocrx_word' id='word_1_172' title='bbox 1534 2209 1665 2280; x_wconf 89' lang='lat' dir='ltr'>quia</span> <span class='ocrx_word' id='word_1_173' title='bbox 1695 2223 1856 2265; x_wconf 89' lang='lat' dir='ltr'>omne</span> <span class='ocrx_word' id='word_1_174' title='bbox 1897 2224 2065 2282; x_wconf 85' lang='lat' dir='ltr'>agens</span> <span class='ocrx_word' id='word_1_175' title='bbox 2089 2208 2205 2281; x_wconf 85' lang='lat' dir='ltr'>agit</span> <span class='ocrx_word' id='word_1_176' title='bbox 2234 2225 2329 2282; x_wconf 88' lang='lat' dir='ltr'>per</span> <span class='ocrx_word' id='word_1_177' title='bbox 2352 2225 2511 2266; x_wconf 79' lang='lat' dir='ltr'>suam</span> 
     </span>
     <span class='ocr_line' id='line_1_21' title="bbox 498 2294 2510 2370; baseline 0 -17"><span class='ocrx_word' id='word_1_178' title='bbox 498 2297 733 2354; x_wconf 85' lang='lat' dir='ltr'>formam</span> <span class='ocrx_word' id='word_1_179' title='bbox 777 2312 791 2352; x_wconf 76' lang='lat' dir='ltr'><strong><em>z</em></strong></span> <span class='ocrx_word' id='word_1_180' title='bbox 831 2295 1008 2352; x_wconf 83' lang='lat' dir='ltr'>forma</span> <span class='ocrx_word' id='word_1_181' title='bbox 1052 2303 1236 2351; x_wconf 89' lang='lat' dir='ltr'>autem</span> <span class='ocrx_word' id='word_1_182' title='bbox 1281 2294 1567 2362; x_wconf 86' lang='lat' dir='ltr'>naturalis,</span> <span class='ocrx_word' id='word_1_183' title='bbox 1600 2313 1697 2370; x_wconf 91' lang='lat' dir='ltr'>per</span> <span class='ocrx_word' id='word_1_184' title='bbox 1738 2312 1904 2370; x_wconf 87' lang='lat' dir='ltr'>quam</span> <span class='ocrx_word' id='word_1_185' title='bbox 1940 2297 2263 2354; x_wconf 81' lang='lat' dir='ltr'>naturaliter</span> <span class='ocrx_word' id='word_1_186' title='bbox 2301 2296 2510 2370; x_wconf 87' lang='lat' dir='ltr'>aliquid</span> 
     </span>
     <span class='ocr_line' id='line_1_22' title="bbox 500 2383 2511 2460; baseline 0 -18"><span class='ocrx_word' id='word_1_187' title='bbox 500 2385 634 2458; x_wconf 84' lang='lat' dir='ltr'>agit,</span> <span class='ocrx_word' id='word_1_188' title='bbox 660 2383 824 2439; x_wconf 90' lang='lat' dir='ltr'>unius</span> <span class='ocrx_word' id='word_1_189' title='bbox 850 2398 958 2440; x_wconf 86' lang='lat' dir='ltr'>una</span> <span class='ocrx_word' id='word_1_190' title='bbox 983 2389 1070 2439; x_wconf 88' lang='lat' dir='ltr'>est</span> <span class='ocrx_word' id='word_1_191' title='bbox 1099 2399 1113 2438; x_wconf 74' lang='grc' dir='ltr'><strong><em>ε</em></strong></span> <span class='ocrx_word' id='word_1_192' title='bbox 1144 2383 1335 2441; x_wconf 82' lang='lat' dir='ltr'>sormae</span> <span class='ocrx_word' id='word_1_193' title='bbox 1357 2393 1541 2441; x_wconf 86' lang='lat' dir='ltr'>autem</span> <span class='ocrx_word' id='word_1_194' title='bbox 1585 2385 1952 2450; x_wconf 83' lang='lat' dir='ltr'>intellectivae‚</span> <span class='ocrx_word' id='word_1_195' title='bbox 1985 2402 2083 2460; x_wconf 89' lang='lat' dir='ltr'>per</span> <span class='ocrx_word' id='word_1_196' title='bbox 2122 2401 2259 2459; x_wconf 88' lang='lat' dir='ltr'>quas</span> <span class='ocrx_word' id='word_1_197' title='bbox 2301 2385 2511 2458; x_wconf 87' lang='lat' dir='ltr'>aliquid</span> 
     </span>
     <span class='ocr_line' id='line_1_23' title="bbox 498 2470 2512 2548; baseline 0.001 -18"><span class='ocrx_word' id='word_1_198' title='bbox 498 2473 780 2530; x_wconf 85' lang='lat' dir='ltr'>voluntate</span> <span class='ocrx_word' id='word_1_199' title='bbox 826 2472 961 2544; x_wconf 85' lang='lat' dir='ltr'>agit,</span> <span class='ocrx_word' id='word_1_200' title='bbox 1005 2476 1133 2527; x_wconf 91' lang='lat' dir='ltr'>sunt</span> <span class='ocrx_word' id='word_1_201' title='bbox 1176 2470 1375 2544; x_wconf 83' lang='lat' dir='ltr'>plureS,</span> <span class='ocrx_word' id='word_1_202' title='bbox 1407 2487 1535 2529; x_wconf 90' lang='lat' dir='ltr'>cum</span> <span class='ocrx_word' id='word_1_203' title='bbox 1566 2472 1731 2544; x_wconf 88' lang='lat' dir='ltr'>igitur</span> <span class='ocrx_word' id='word_1_204' title='bbox 1772 2489 1805 2530; x_wconf 89' lang='lat' dir='ltr'>a</span> <span class='ocrx_word' id='word_1_205' title='bbox 1850 2475 1965 2530; x_wconf 86' lang='lat' dir='ltr'>Deo</span> <span class='ocrx_word' id='word_1_206' title='bbox 1996 2473 2311 2530; x_wconf 85' lang='lat' dir='ltr'>immediate</span> <span class='ocrx_word' id='word_1_207' title='bbox 2354 2474 2512 2548; x_wconf 85' lang='lat' dir='ltr'>plura</span> 
     </span>
     <span class='ocr_line' id='line_1_24' title="bbox 499 2560 2510 2640; baseline 0.001 -22"><span class='ocrx_word' id='word_1_208' title='bbox 499 2560 869 2638; x_wconf 88' lang='lat' dir='ltr'>producantur</span> <span class='ocrx_word' id='word_1_209' title='bbox 899 2560 955 2625; x_wconf 86' lang='lat' dir='ltr'>in</span> <span class='ocrx_word' id='word_1_210' title='bbox 987 2575 1125 2626; x_wconf 89' lang='lat' dir='ltr'>esse,</span> <span class='ocrx_word' id='word_1_211' title='bbox 1159 2568 1218 2616; x_wconf 95' lang='lat' dir='ltr'>ut</span> <span class='ocrx_word' id='word_1_212' title='bbox 1243 2560 1369 2640; x_wconf 25' lang='lat' dir='ltr'>&#39;jam</span> <span class='ocrx_word' id='word_1_213' title='bbox 1413 2568 1695 2618; x_wconf 88' lang='lat' dir='ltr'>ostensum</span> <span class='ocrx_word' id='word_1_214' title='bbox 1731 2567 1834 2630; x_wconf 87' lang='lat' dir='ltr'>est,</span> <span class='ocrx_word' id='word_1_215' title='bbox 1868 2561 2222 2620; x_wconf 80' lang='lat' dir='ltr'>manifestum</span> <span class='ocrx_word' id='word_1_216' title='bbox 2250 2571 2335 2619; x_wconf 87' lang='lat' dir='ltr'>est</span> <span class='ocrx_word' id='word_1_217' title='bbox 2362 2564 2510 2637; x_wconf 90' lang='lat' dir='ltr'>quod</span> 
     </span>
     <span class='ocr_line' id='line_1_25' title="bbox 498 2648 2509 2721; baseline 0.001 -15"><span class='ocrx_word' id='word_1_218' title='bbox 498 2651 646 2706; x_wconf 90' lang='lat' dir='ltr'>Deus</span> <span class='ocrx_word' id='word_1_219' title='bbox 669 2649 725 2704; x_wconf 90' lang='lat' dir='ltr'>in</span> <span class='ocrx_word' id='word_1_220' title='bbox 761 2663 882 2706; x_wconf 88' lang='lat' dir='ltr'>esse</span> <span class='ocrx_word' id='word_1_221' title='bbox 908 2664 996 2705; x_wconf 89' lang='lat' dir='ltr'>res</span> <span class='ocrx_word' id='word_1_222' title='bbox 1025 2648 1282 2721; x_wconf 84' lang='lat' dir='ltr'>produxit</span> <span class='ocrx_word' id='word_1_223' title='bbox 1310 2649 1610 2717; x_wconf 88' lang='lat' dir='ltr'>voluntate,</span> <span class='ocrx_word' id='word_1_224' title='bbox 1644 2655 1701 2706; x_wconf 92' lang='lat' dir='ltr'>et</span> <span class='ocrx_word' id='word_1_225' title='bbox 1742 2665 1847 2706; x_wconf 91' lang='lat' dir='ltr'>non</span> <span class='ocrx_word' id='word_1_226' title='bbox 1889 2651 2127 2708; x_wconf 85' lang='lat' dir='ltr'>naturali</span> <span class='ocrx_word' id='word_1_227' title='bbox 2157 2652 2509 2709; x_wconf 79' lang='lat' dir='ltr'>necessitate.</span> 
     </span>
     <span class='ocr_line' id='line_1_26' title="bbox 498 2737 2512 2814; baseline 0.001 -18"><span class='ocrx_word' id='word_1_228' title='bbox 498 2737 709 2807; x_wconf 84' lang='lat' dir='ltr'>Adhuc,</span> <span class='ocrx_word' id='word_1_229' title='bbox 742 2753 908 2812; x_wconf 83' lang='lat' dir='ltr'>agens</span> <span class='ocrx_word' id='word_1_230' title='bbox 937 2755 1034 2812; x_wconf 87' lang='lat' dir='ltr'>per</span> <span class='ocrx_word' id='word_1_231' title='bbox 1074 2737 1404 2795; x_wconf 88' lang='lat' dir='ltr'>intellectum</span> <span class='ocrx_word' id='word_1_232' title='bbox 1456 2747 1511 2796; x_wconf 93' lang='lat' dir='ltr'>et</span> <span class='ocrx_word' id='word_1_233' title='bbox 1539 2738 1879 2796; x_wconf 85' lang='lat' dir='ltr'>voluntatem</span> <span class='ocrx_word' id='word_1_234' title='bbox 1920 2746 2006 2796; x_wconf 89' lang='lat' dir='ltr'>est</span> <span class='ocrx_word' id='word_1_235' title='bbox 2044 2740 2197 2814; x_wconf 85' lang='lat' dir='ltr'>prius</span> <span class='ocrx_word' id='word_1_236' title='bbox 2237 2739 2293 2796; x_wconf 91' lang='lat' dir='ltr'>in</span> <span class='ocrx_word' id='word_1_237' title='bbox 2320 2741 2512 2798; x_wconf 86' lang='lat' dir='ltr'>ordine</span> 
     </span>
     <span class='ocr_line' id='line_1_27' title="bbox 499 2827 2513 2904; baseline 0 -17"><span class='ocrx_word' id='word_1_238' title='bbox 499 2827 779 2903; x_wconf 79' lang='lat' dir='ltr'>agentium</span> <span class='ocrx_word' id='word_1_239' title='bbox 809 2836 1004 2901; x_wconf 84' lang='lat' dir='ltr'>agente</span> <span class='ocrx_word' id='word_1_240' title='bbox 1033 2844 1129 2903; x_wconf 86' lang='lat' dir='ltr'>per</span> <span class='ocrx_word' id='word_1_241' title='bbox 1156 2828 1537 2886; x_wconf 86' lang='lat' dir='ltr'>necessitatem</span> <span class='ocrx_word' id='word_1_242' title='bbox 1569 2835 1799 2895; x_wconf 65' lang='lat' dir='ltr'>natum,</span> <span class='ocrx_word' id='word_1_243' title='bbox 1830 2843 1957 2885; x_wconf 89' lang='lat' dir='ltr'>nam</span> <span class='ocrx_word' id='word_1_244' title='bbox 1984 2844 2155 2902; x_wconf 84' lang='lat' dir='ltr'>agens</span> <span class='ocrx_word' id='word_1_245' title='bbox 2194 2845 2290 2904; x_wconf 83' lang='lat' dir='ltr'>per</span> <span class='ocrx_word' id='word_1_246' title='bbox 2316 2829 2513 2887; x_wconf 91' lang='lat' dir='ltr'>volun-</span> 
     </span>
     <span class='ocr_line' id='line_1_28' title="bbox 501 2917 2514 2993; baseline 0 -17"><span class='ocrx_word' id='word_1_247' title='bbox 501 2925 672 2976; x_wconf 88' lang='lat' dir='ltr'>tatem</span> <span class='ocrx_word' id='word_1_248' title='bbox 697 2917 1008 2993; x_wconf 83' lang='lat' dir='ltr'>praestatuit</span> <span class='ocrx_word' id='word_1_249' title='bbox 1037 2917 1138 2974; x_wconf 90' lang='lat' dir='ltr'>sibi</span> <span class='ocrx_word' id='word_1_250' title='bbox 1169 2917 1332 2975; x_wconf 87' lang='lat' dir='ltr'>finem</span> <span class='ocrx_word' id='word_1_251' title='bbox 1370 2922 1590 2990; x_wconf 80' lang='lat' dir='ltr'>propter</span> <span class='ocrx_word' id='word_1_252' title='bbox 1615 2933 1781 2991; x_wconf 88' lang='lat' dir='ltr'>quem</span> <span class='ocrx_word' id='word_1_253' title='bbox 1804 2919 1919 2990; x_wconf 85' lang='lat' dir='ltr'>agit</span> <span class='ocrx_word' id='word_1_254' title='bbox 1946 2933 1960 2972; x_wconf 74' lang='grc' dir='ltr'><em>ε</em></span> <span class='ocrx_word' id='word_1_255' title='bbox 1988 2932 2157 2990; x_wconf 84' lang='lat' dir='ltr'>agens</span> <span class='ocrx_word' id='word_1_256' title='bbox 2185 2925 2369 2975; x_wconf 88' lang='lat' dir='ltr'>autem</span> <span class='ocrx_word' id='word_1_257' title='bbox 2408 2935 2514 2976; x_wconf 86' lang='lat' dir='ltr'>na-</span> 
     </span>
     <span class='ocr_line' id='line_1_29' title="bbox 500 3003 2516 3079; baseline 0.001 -17"><span class='ocrx_word' id='word_1_258' title='bbox 500 3007 678 3063; x_wconf 90' lang='lat' dir='ltr'>turale</span> <span class='ocrx_word' id='word_1_259' title='bbox 720 3005 838 3079; x_wconf 47' lang='lat' dir='ltr'>&gt;agit</span> <span class='ocrx_word' id='word_1_260' title='bbox 879 3012 1099 3079; x_wconf 90' lang='lat' dir='ltr'>propter</span> <span class='ocrx_word' id='word_1_261' title='bbox 1131 3005 1291 3060; x_wconf 85' lang='lat' dir='ltr'>finem</span> <span class='ocrx_word' id='word_1_262' title='bbox 1327 3003 1432 3060; x_wconf 88' lang='lat' dir='ltr'>sibi</span> <span class='ocrx_word' id='word_1_263' title='bbox 1475 3003 1545 3061; x_wconf 89' lang='lat' dir='ltr'>ab</span> <span class='ocrx_word' id='word_1_264' title='bbox 1586 3005 1693 3061; x_wconf 92' lang='lat' dir='ltr'>alio</span> <span class='ocrx_word' id='word_1_265' title='bbox 1736 3004 2131 3079; x_wconf 71' lang='lat' dir='ltr'>praestitutum.</span> <span class='ocrx_word' id='word_1_266' title='bbox 2166 3005 2516 3064; x_wconf 76' lang='lat' dir='ltr'>Manifestum</span> 
     </span>
     <span class='ocr_line' id='line_1_30' title="bbox 499 3091 2519 3168; baseline 0.001 -17"><span class='ocrx_word' id='word_1_267' title='bbox 499 3101 586 3152; x_wconf 83' lang='lat' dir='ltr'>est</span> <span class='ocrx_word' id='word_1_268' title='bbox 627 3091 812 3150; x_wconf 87' lang='lat' dir='ltr'>autem</span> <span class='ocrx_word' id='word_1_269' title='bbox 855 3110 925 3150; x_wconf 86' lang='lat' dir='ltr'>ex</span> <span class='ocrx_word' id='word_1_270' title='bbox 970 3093 1288 3167; x_wconf 68' lang='lat' dir='ltr'>praemissis,</span> <span class='ocrx_word' id='word_1_271' title='bbox 1337 3093 1510 3149; x_wconf 88' lang='lat' dir='ltr'>Deum</span> <span class='ocrx_word' id='word_1_272' title='bbox 1549 3107 1667 3150; x_wconf 84' lang='lat' dir='ltr'>esse</span> <span class='ocrx_word' id='word_1_273' title='bbox 1710 3094 1944 3168; x_wconf 84' lang='lat' dir='ltr'>primum</span> <span class='ocrx_word' id='word_1_274' title='bbox 1987 3111 2176 3167; x_wconf 83' lang='lat' dir='ltr'>agenS.</span> <span class='ocrx_word' id='word_1_275' title='bbox 2221 3096 2319 3152; x_wconf 89' lang='lat' dir='ltr'>Est</span> <span class='ocrx_word' id='word_1_276' title='bbox 2348 3096 2519 3168; x_wconf 85' lang='lat' dir='ltr'>igitur</span> 
     </span>
     <span class='ocr_line' id='line_1_31' title="bbox 501 3182 2517 3257; baseline 0 -17"><span class='ocrx_word' id='word_1_277' title='bbox 501 3197 669 3256; x_wconf 84' lang='lat' dir='ltr'>agens</span> <span class='ocrx_word' id='word_1_278' title='bbox 708 3198 801 3256; x_wconf 85' lang='lat' dir='ltr'>per</span> <span class='ocrx_word' id='word_1_279' title='bbox 824 3183 1185 3251; x_wconf 83' lang='lat' dir='ltr'>voluntatem,</span> <span class='ocrx_word' id='word_1_280' title='bbox 1229 3187 1286 3237; x_wconf 89' lang='lat' dir='ltr'>et</span> <span class='ocrx_word' id='word_1_281' title='bbox 1314 3196 1416 3237; x_wconf 90' lang='lat' dir='ltr'>non</span> <span class='ocrx_word' id='word_1_282' title='bbox 1448 3198 1544 3257; x_wconf 86' lang='lat' dir='ltr'>per</span> <span class='ocrx_word' id='word_1_283' title='bbox 1581 3182 1967 3241; x_wconf 87' lang='lat' dir='ltr'>necessitatem</span> <span class='ocrx_word' id='word_1_284' title='bbox 1989 3191 2224 3242; x_wconf 80' lang='lat' dir='ltr'>naturae.</span> <span class='ocrx_word' id='word_1_285' title='bbox 2253 3183 2393 3242; x_wconf 86' lang='lat' dir='ltr'>Item</span> <span class='ocrx_word' id='word_1_286' title='bbox 2422 3199 2517 3241; x_wconf 89' lang='lat' dir='ltr'>os-</span> 
     </span>
     <span class='ocr_line' id='line_1_32' title="bbox 499 3269 2517 3346; baseline 0.002 -18"><span class='ocrx_word' id='word_1_287' title='bbox 499 3277 717 3328; x_wconf 84' lang='lat' dir='ltr'>tensum</span> <span class='ocrx_word' id='word_1_288' title='bbox 746 3277 832 3328; x_wconf 92' lang='lat' dir='ltr'>est</span> <span class='ocrx_word' id='word_1_289' title='bbox 857 3272 914 3328; x_wconf 89' lang='lat' dir='ltr'>in</span> <span class='ocrx_word' id='word_1_290' title='bbox 939 3269 1310 3344; x_wconf 87' lang='lat' dir='ltr'>superioribus</span> <span class='ocrx_word' id='word_1_291' title='bbox 1334 3271 1509 3327; x_wconf 90' lang='lat' dir='ltr'>Deum</span> <span class='ocrx_word' id='word_1_292' title='bbox 1538 3287 1658 3328; x_wconf 89' lang='lat' dir='ltr'>esse</span> <span class='ocrx_word' id='word_1_293' title='bbox 1681 3271 1912 3330; x_wconf 75' lang='lat' dir='ltr'>infinitae</span> <span class='ocrx_word' id='word_1_294' title='bbox 1936 3272 2178 3342; x_wconf 81' lang='lat' dir='ltr'>virtutis,</span> <span class='ocrx_word' id='word_1_295' title='bbox 2211 3289 2317 3330; x_wconf 87' lang='lat' dir='ltr'>non</span> <span class='ocrx_word' id='word_1_296' title='bbox 2349 3274 2517 3346; x_wconf 84' lang='lat' dir='ltr'>igitur</span> 
     </span>
     <span class='ocr_line' id='line_1_33' title="bbox 501 3359 2520 3440; baseline 0.002 -24"><span class='ocrx_word' id='word_1_297' title='bbox 501 3359 897 3418; x_wconf 86' lang='lat' dir='ltr'>determinatur</span> <span class='ocrx_word' id='word_1_298' title='bbox 939 3359 1012 3416; x_wconf 86' lang='lat' dir='ltr'>ad</span> <span class='ocrx_word' id='word_1_299' title='bbox 1057 3363 1201 3416; x_wconf 83' lang='lat' dir='ltr'>bunc</span> <span class='ocrx_word' id='word_1_300' title='bbox 1229 3360 1502 3427; x_wconf 86' lang='lat' dir='ltr'>effectum,</span> <span class='ocrx_word' id='word_1_301' title='bbox 1533 3361 1620 3417; x_wconf 84' lang='lat' dir='ltr'>vel</span> <span class='ocrx_word' id='word_1_302' title='bbox 1666 3361 1837 3429; x_wconf 88' lang='lat' dir='ltr'>illum,</span> <span class='ocrx_word' id='word_1_303' title='bbox 1866 3361 1964 3418; x_wconf 89' lang='lat' dir='ltr'>sed</span> <span class='ocrx_word' id='word_1_304' title='bbox 2010 3362 2435 3440; x_wconf 85' lang='lat' dir='ltr'>indeterminate</span> <span class='ocrx_word' id='word_1_305' title='bbox 2458 3379 2520 3420; x_wconf 86' lang='lat' dir='ltr'>se</span> 
     </span>
     <span class='ocr_line' id='line_1_34' title="bbox 500 3448 2520 3519; baseline 0.001 -13"><span class='ocrx_word' id='word_1_306' title='bbox 500 3448 667 3506; x_wconf 88' lang='lat' dir='ltr'>habet</span> <span class='ocrx_word' id='word_1_307' title='bbox 695 3448 764 3504; x_wconf 92' lang='lat' dir='ltr'>ad</span> <span class='ocrx_word' id='word_1_308' title='bbox 795 3463 1002 3505; x_wconf 87' lang='lat' dir='ltr'>omnes.</span> <span class='ocrx_word' id='word_1_309' title='bbox 1031 3448 1186 3519; x_wconf 90' lang='lat' dir='ltr'>Quod</span> <span class='ocrx_word' id='word_1_310' title='bbox 1228 3453 1411 3506; x_wconf 89' lang='lat' dir='ltr'>autem</span> <span class='ocrx_word' id='word_1_311' title='bbox 1442 3449 1864 3507; x_wconf 87' lang='lat' dir='ltr'>indeterminate</span> <span class='ocrx_word' id='word_1_312' title='bbox 1892 3467 1952 3507; x_wconf 88' lang='lat' dir='ltr'>se</span> <span class='ocrx_word' id='word_1_313' title='bbox 1974 3450 2144 3508; x_wconf 87' lang='lat' dir='ltr'>habet</span> <span class='ocrx_word' id='word_1_314' title='bbox 2170 3451 2239 3508; x_wconf 86' lang='lat' dir='ltr'>ad</span> <span class='ocrx_word' id='word_1_315' title='bbox 2269 3451 2520 3509; x_wconf 84' lang='lat' dir='ltr'>diversos</span> 
     </span>
     <span class='ocr_line' id='line_1_35' title="bbox 501 3537 2519 3614; baseline 0 -18"><span class='ocrx_word' id='word_1_316' title='bbox 501 3538 728 3612; x_wconf 82' lang='lat' dir='ltr'>effectus</span> <span class='ocrx_word' id='word_1_317' title='bbox 750 3537 1148 3594; x_wconf 88' lang='lat' dir='ltr'>determinatur</span> <span class='ocrx_word' id='word_1_318' title='bbox 1175 3538 1243 3595; x_wconf 89' lang='lat' dir='ltr'>ad</span> <span class='ocrx_word' id='word_1_319' title='bbox 1275 3554 1442 3594; x_wconf 90' lang='lat' dir='ltr'>unum</span> <span class='ocrx_word' id='word_1_320' title='bbox 1471 3539 1881 3612; x_wconf 85' lang='lat' dir='ltr'>producendum</span> <span class='ocrx_word' id='word_1_321' title='bbox 1918 3556 2014 3614; x_wconf 86' lang='lat' dir='ltr'>per</span> <span class='ocrx_word' id='word_1_322' title='bbox 2043 3539 2397 3608; x_wconf 89' lang='lat' dir='ltr'>desiderium,</span> <span class='ocrx_word' id='word_1_323' title='bbox 2431 3539 2519 3597; x_wconf 84' lang='lat' dir='ltr'>vel</span> 
     </span>
     <span class='ocr_line' id='line_1_36' title="bbox 499 3618 2514 3704; baseline 0.001 -20"><span class='ocrx_word' id='word_1_324' title='bbox 499 3644 599 3704; x_wconf 86' lang='lat' dir='ltr'>per</span> <span class='ocrx_word' id='word_1_325' title='bbox 625 3627 1135 3685; x_wconf 86' lang='lat' dir='ltr'>determinationem</span> <span class='ocrx_word' id='word_1_326' title='bbox 1162 3626 1481 3697; x_wconf 81' lang='lat' dir='ltr'>voluntatis,</span> <span class='ocrx_word' id='word_1_327' title='bbox 1514 3628 1657 3686; x_wconf 89' lang='lat' dir='ltr'>sicut</span> <span class='ocrx_word' id='word_1_328' title='bbox 1684 3628 1847 3687; x_wconf 88' lang='lat' dir='ltr'>homo</span> <span class='ocrx_word' id='word_1_329' title='bbox 1872 3630 1967 3704; x_wconf 91' lang='lat' dir='ltr'>qui</span> <span class='ocrx_word' id='word_1_330' title='bbox 1996 3618 2177 3703; x_wconf 60' lang='lat' dir='ltr'>potest</span> <span class='ocrx_word' id='word_1_331' title='bbox 2211 3629 2514 3696; x_wconf 85' lang='lat' dir='ltr'>ambulare,</span> 
     </span>
     <span class='ocr_line' id='line_1_37' title="bbox 501 3715 2518 3793; baseline 0.001 -20"><span class='ocrx_word' id='word_1_332' title='bbox 501 3723 692 3774; x_wconf 80' lang='lat' dir='ltr'>et&#39;uon</span> <span class='ocrx_word' id='word_1_333' title='bbox 713 3715 1011 3783; x_wconf 86' lang='lat' dir='ltr'>ambulare,</span> <span class='ocrx_word' id='word_1_334' title='bbox 1039 3717 1259 3789; x_wconf 87' lang='lat' dir='ltr'>quando</span> <span class='ocrx_word' id='word_1_335' title='bbox 1287 3717 1422 3785; x_wconf 89' lang='lat' dir='ltr'>vult,</span> <span class='ocrx_word' id='word_1_336' title='bbox 1448 3717 1711 3774; x_wconf 82' lang='lat' dir='ltr'>ambulat.</span> <span class='ocrx_word' id='word_1_337' title='bbox 1738 3718 1969 3792; x_wconf 86' lang='lat' dir='ltr'>Oportet</span> <span class='ocrx_word' id='word_1_338' title='bbox 1992 3719 2160 3792; x_wconf 75' lang='lat' dir='ltr'>igitur</span> <span class='ocrx_word' id='word_1_339' title='bbox 2175 3717 2321 3793; x_wconf 86' lang='lat' dir='ltr'>quod</span> <span class='ocrx_word' id='word_1_340' title='bbox 2348 3715 2518 3776; x_wconf 77' lang='lat' dir='ltr'>effec-</span> 
     </span>
     <span class='ocr_line' id='line_1_38' title="bbox 504 3804 2515 3878; baseline 0.003 -20"><span class='ocrx_word' id='word_1_341' title='bbox 504 3809 592 3860; x_wconf 82' lang='lat' dir='ltr'>tus</span> <span class='ocrx_word' id='word_1_342' title='bbox 636 3821 670 3862; x_wconf 89' lang='lat' dir='ltr'>a</span> <span class='ocrx_word' id='word_1_343' title='bbox 697 3805 810 3862; x_wconf 92' lang='lat' dir='ltr'>Deo</span> <span class='ocrx_word' id='word_1_344' title='bbox 840 3804 1136 3878; x_wconf 83' lang='lat' dir='ltr'>procedant</span> <span class='ocrx_word' id='word_1_345' title='bbox 1171 3805 1473 3862; x_wconf 85' lang='lat' dir='ltr'>secundum</span> <span class='ocrx_word' id='word_1_346' title='bbox 1512 3805 2024 3866; x_wconf 80' lang='lat' dir='ltr'>determinationem</span> <span class='ocrx_word' id='word_1_347' title='bbox 2053 3806 2371 3876; x_wconf 89' lang='lat' dir='ltr'>voluntatis,</span> <span class='ocrx_word' id='word_1_348' title='bbox 2404 3823 2515 3865; x_wconf 87' lang='lat' dir='ltr'>nou</span> 
     </span>
     <span class='ocr_line' id='line_1_39' title="bbox 501 3881 2517 3970; baseline 0.003 -23"><span class='ocrx_word' id='word_1_349' title='bbox 501 3890 672 3966; x_wconf 73' lang='lat' dir='ltr'>igitur</span> <span class='ocrx_word' id='word_1_350' title='bbox 716 3892 831 3963; x_wconf 85' lang='lat' dir='ltr'>agit</span> <span class='ocrx_word' id='word_1_351' title='bbox 875 3908 972 3966; x_wconf 84' lang='lat' dir='ltr'>per</span> <span class='ocrx_word' id='word_1_352' title='bbox 1013 3892 1397 3952; x_wconf 86' lang='lat' dir='ltr'>necessitatem</span> <span class='ocrx_word' id='word_1_353' title='bbox 1432 3900 1667 3965; x_wconf 82' lang='lat' dir='ltr'>naturae,</span> <span class='ocrx_word' id='word_1_354' title='bbox 1714 3895 1812 3954; x_wconf 88' lang='lat' dir='ltr'>sed</span> <span class='ocrx_word' id='word_1_355' title='bbox 1850 3912 1951 3970; x_wconf 87' lang='lat' dir='ltr'>per</span> <span class='ocrx_word' id='word_1_356' title='bbox 1978 3896 2335 3955; x_wconf 85' lang='lat' dir='ltr'>voluntatem.</span> <span class='ocrx_word' id='word_1_357' title='bbox 2379 3881 2517 3953; x_wconf 73' lang='lat' dir='ltr'>l&#39;nde</span> 
     </span>
    </p>
   </div>
   <div class='ocr_carea' id='block_1_5' title="bbox 2793 269 2798 794">
    <p class='ocr_par' dir='ltr' id='par_1_5' title="bbox 2793 269 2798 794">
     <span class='ocr_line' id='line_1_40' title="bbox 2793 269 2798 794; baseline 0 0"><span class='ocrx_word' id='word_1_358' title='bbox 2793 269 2798 794; x_wconf 95' lang='lat' dir='ltr'> </span> 
     </span>
    </p>
   </div>
   <div class='ocr_carea' id='block_1_6' title="bbox 2787 269 2805 4212">
    <p class='ocr_par' dir='ltr' id='par_1_6' title="bbox 2787 269 2805 4212">
     <span class='ocr_line' id='line_1_41' title="bbox 2787 269 2805 4212; baseline 0 0"><span class='ocrx_word' id='word_1_359' title='bbox 2787 269 2805 4212; x_wconf 95' lang='lat' dir='ltr'> </span> 
     </span>
    </p>
   </div>
  </div>
 </body>
</html>
