2850 4517
826 369 1040 415 v11.--
1068 372 1144 414 nn
1189 371 1464 417 SYmeono
1516 372 1952 418 Αεοετοιοιιιιιι
2266 360 2393 421 ’423

372 482 537 539 Unus
563 482 728 551 Dens,
757 498 868 539 nna
901 482 1052 556 fides,
1089 499 1258 543 unum
1299 484 1591 573 baptisma.
1612 487 1884 557 Secundo,
1916 502 1983 557 ειι
2008 490 2229 560 unitate
2257 492 2397 564 spei,

380 572 510 645 qnia
541 586 732 627 omnes
761 571 963 629 firmati
1001 582 1130 631 sunt
1171 575 1225 630 in
1261 590 1369 632 una
1409 591 1505 649 spe
1533 577 1885 649 perveniendi
1932 578 2003 637 ad
2033 578 2204 637 vitam
2230 588 2401 639 aeter-

379 675 558 720 nam:
590 667 646 715 et
689 660 812 717 ideo
839 661 1780 736 dicitApostEphes.1v:Unum
1808 682 2019 739 corpas,
2048 684 2198 724 tinus
2224 667 2399 740 spiri·-

379 755 488 813 tm,
525 747 661 806 sicut
688 750 864 807 vocati
891 750 1018 815 estis
1043 750 1105 806 in
1127 768 1252 808 -nna
1273 769 1362 825 spe
1385 752 1678 810 vocationis
1700 755 2143 827 vestroe.-‚Tertio,
2176 756 2397 813 exssuni-

379 845 495 894 tate
541 837 848 901 charitatis,
891 839 1023 911 quia
1065 854 1254 901 omnes
1295 848 1697 899 connectuntur
1736 844 1791 899 in
1820 858 2005 901 amore
2059 844 2177 912 Dei,
2224 854 2280 906 et
2324 842 2395 901 ad

381 926 621 983 invicem.
662 926 718 983 in
761 943 948 983 amore
981 937 1194 985 mutu0.
1235 930 1392 987 Joan.
1425 946 1550 989 xvn
1584 948 1597 987 ι
1632 926 1979 991 Chai-itatem
2005 950 2163 1007 qnam
2204 932 2399 1003 dedisti

377 1013 530 1080 mihi,
555 1014 677 1071 dedi
700 1014 776 1070 eis
798 1022 859 1071 nt
881 1016 991 1073 sint
1019 1034 1206 1084 annm,
1235 1018 1372 1075 sicut
1399 1026 1450 1075 et
1472 1036 1569 1075 nos
1590 1034 1759 1077 unum
1784 1036 1984 1078 sumus.
2017 1022 2397 1079 Manifestatur

379 1111 564 1161 autem
592 1104 902 1176 hujusmodi
935 1121 1087 1161 amor
1127 1107 1174 1163 si
1216 1123 1378 1163 verus
1406 1116 1511 1175 est,
1539 1108 1759 1183 qnando
1790 1110 2033 1171 membra
2072 1126 2172 1183 pro
2200 1126 2259 1167 se
2304 1110 2397 1165 in·-

379 1190 553 1249 vicem
583 1200 710 1249 sunt
739 1192 991 1261 sollicita,
1022 1204 1076 1250 et
1101 1196 1320 1267 quando
1348 1197 1581 1253 invicem
1610 1199 2037 1272 compatiuntur.
2061 1197 2258 1271 Ephesi.
2284 1214 2343 1255 ιν
2378 1215 2391 1254 :

379 1278 449 1345 In
469 1278 732 1337 charitate
756 1298 1048 1339 crescamus
1071 1282 1130 1337 in
1154 1283 1244 1341 illo
1267 1300 1373 1359 pen
1392 1284 1595 1353 omnia,
1612 1284 1710 1357 qui
1736 1292 1811 1341 est
1828 1294 2005 1359 caput,
2034 1286 2302 1352 Christus,
2323 1302 2395 1357 ⁸eat

379 1381 476 1439 quo
511 1376 679 1426 totum
718 1386 907 1443 corpus
949 1388 1239 1429 connexu-m
1266 1380 1317 1429 et
1354 1380 1677 1446 compactum
1708 1390 1813 1446 per
1848 1370 2050 1431 omnem
2074 1375 2395 1447 juncturam

375 1455 915 1525 subministrationis,
935 1459 1216 1516 secundnm
1233 1461 1597 1533 operationem
1619 1461 1679 1517 in
1704 1477 1957 1519 mensura
1982 1462 2397 1535 uniuscujusque

373 1545 614 1611 membri,
637 1554 975 1619 augmentum
999 1550 1240 1621 corporis
1259 1548 1396 1621 facit
1415 1549 1475 1606 in
1496 1550 1898 1623 (edificationem
1916 1550 2003 1607 sni
2021 1550 2081 1606 in
2104 1551 2389 1615 charitate,

375 1635 504 1708 quia
530 1634 760 1708 quilibet
789 1636 858 1693 de
893 1638 1070 1708 gratia
1097 1636 1202 1691 sibi
1231 1636 1432 1694 collata
1462 1653 1493 1693 a
1522 1638 1638 1693 Deo
1666 1638 1829 1694 dehet
1859 1640 2106 1711 proximo
2136 1640 2343 1695 servire
2378 1656 2391 1691 ε

374 1723 521 1780 unde
559 1724 741 1781 nullus
781 1724 950 1804 debet
971 1732 1342 1793 contemnere,
1373 1740 1477 1781 nec
1521 1727 1637 1800 pati
1676 1726 1748 1782 ab
1789 1728 1895 1785 ista
1940 1728 2185 1785 Ecclesia
2226 1728 2393 1800 abjici

375 1822 433 1871 ct
455 1815 670 1889 expelli,
701 1814 832 1889 quia
857 1831 964 1873 non
993 1822 1080 1871 est
1107 1815 1216 1871 nisi·
1239 1830 1348 1872 nna
1371 1814 1638 1884 Ecclesia,
1671 1814 1727 1872 in
1752 1832 1862 1890 qna
1900 1817 2146 1886 homines
2170 1817 2393 1875 salven-

376 1909 490 1973 tur,
517 1903 662 1960 sicut
689 1910 848 1961 extra
872 1920 1057 1961 arcam
1077 1904 1196 1961 Noe
1218 1904 1400 1961 nullus
1429 1903 1629 1960 salvari
1655 1905 1856 1976 potnit.
1882 1906 2050 1961 Circa·
2069 1905 2390 1971 secundum,

375 1991 676 2059 sciendum,
722 1994 996 2068 quod-est
1035 1994 1204 2051 etiam
1247 1993 1354 2050 alia
1397 1993 1773 2065 congregatio,
1812 1992 1909 2051 sed
1953 1993 2390 2066 malignantium.

373 2080 579 2138 Psalm.
617 2098 737 2143 xxv
779 2099 794 2137 ι
843 2081 1002 2139 odivi
1044 2081 1336 2139 Ecclesiam
1365 2080 1801 2153 malignantium,
1844 2089 1953 2138 etc.
1993 2082 2101 2145 Sed
2145 2082 2389 2151 haecest

373 2167 538 2235 mala,
582 2168 826 2226 Ecclesia
873 2185 1006 2226 vero
1051 2168 1254 2227 Christi
1283 2174 1367 2225 est
1409 2174 1623 2225 sancta.
1665 2162 1859 2243 Apost.
1895 2166 1926 2225 ‘1
1966 2161 2223 2240 Corinth.
2257 2185 2325 2228 ιιι
2374 2190 2389 2228 t

385 2257 654 2331 Templum
688 2258 791 2316 Dei
821 2266 1064 2315 sanctum
1091 2264 1184 2325 est,
1213 2256 1352 2331 qnod
1377 2258 1502 2314 estis
1524 2274 1615 2314 vos
1642 2273 1663 2314 .·
1693 2258 1837 2331 unde
1861 2258 2064 2315 dicitur
2096 2276 2110 2315 ι
2145 2258 2394 2319 Sanctam

375 2347 686 2403 Ecclesiam.
722 2347 1150 2405 *sanctificantur
1189 2356 1375 2404 autem
1411 2342 1607 2403 fideles
1642 2347 1807 2429 hujus
1847 2348 2286 2421 congregationis
2328 2366 2393 2405 ex

376 2436 569 2492 tribuS.
613 2436 986 2505 Primo-enim,
1033 2436 1163 2511 quia
1197 2436 1342 2494 sicut
1365 2435 1613 2495 Ecclesia
1642 2452 1768 2495 cum
1796 2446 2171 2507 consecratur,
2210 2446 2393 2495 mate-

375 2524 582 2581 rialiter
624 2524 861 2591 lavatur,
895 2526 972 2581 ita
1008 2525 1198 2583 fideles
1237 2524 1335 2581 loti
1368 2530 1497 2582 sunt
1524 2524 1791 2599 sanguine
1828 2524 2051 2582 Christi.
2096 2529 2268 2599 Apoc.
2311 2542 2330 2583 1
2370 2543 2386 2582 ι

372 2610 588 2669 Dileoeit
601 2626 716 2676 nos,
737 2617 786 2666 et
801 2612 934 2667 lavit
953 2611 1104 2668 nos'a
1112 2613 1342 2685 peccatis
1351 2612 1551 2668 nostris
1566 2613 1627 2667 in
1648 2613 1907 2685 sanquine
1921 2629 2035 2669 suo.
2050 2606 2221 2685 Hebr.
2246 2630 2385 2673 xm:

373 2699 530 2757 Iesus
569 2704 632 2753 nt
671 2696 1030 2767 sanctificaret
1058 2715 1160 2770 per
1187 2714 1342 2754 suum
1380 2699 1690 2771 sanquinem
1717 2701 1989 2772 populum.
2020 2702 2290 2771 Secund0‚
2324 2719 2392 2760 ex

374 2786 710 2854 inunctione,
751 2784 882 2858 quia
911 2786 1056 2841 sicut
1083 2786 1326 2843 Ecclesia
1354 2786 1653 2859 inungitur,
1686 2788 1768 2843 sic
1804 2796 1861 2845 et
1900 2788 2090 2845 fideles·
2116 2791 2391 2863 spirituali

375 2875 690 2935 inunctione
711 2871 988 2946 unguntur
1015 2883 1074 2931 nt
1104 2874 1534 2943 sanctificentur,
1568 2876 1705 2933 alias
1732 2891 1840 2932 non
1870 2882 2054 2933 essent
2078 2870 2389 2948 christiani,

375 2965 626 3024 Christus
652 2964 798 3021 enim
823 2964 971 3021 idem
995 2965 1250 3038 estquod
1279 2962 1499 3021 unctus.
1530 2965 1661 3021 Haec
1685 2972 1869 3037 autem
1892 2966 2081 3023 unctio
2104 2974 2189 3023 est
2212 2968 2393 3039 gratia

374 3054 609 3128 Spiritus
639 3053 848 3111 Sancti.
881 3053 927 3110 Π
959 3052 1202 3110 Corinth.
1245 3068 1266 3109 1
1298 3070 1312 3109 :
1344 3051 1453 3120 Qui
1488 3053 1649 3111 unxit
1676 3068 1770 3113 nos
1801 3053 1963 3111 Dens.
1994 3056 2187 3127 Apost.
2223 3055 2246 3110 1
2280 3056 2390 3111 Co-

376 3141 546 3199 rinth.
575 3158 634 3199 vt
668 3158 681 3197 z
712 3142 1044 3215 Sanctificati
1069 3142 1196 3200 estis
1226 3141 1288 3197 in
1311 3140 1523 3196 nomine
1550 3140 1771 3198 Domini
1800 3140 1973 3197 nostri
2000 3142 2128 3199 Iesu
2159 3140 2388 3213 Christi.

375 3231 582 3309 Tertio,
615 3247 682 3288 ex
723 3231 1120 3289 inhabitatione
1148 3230 1485 3288 Trinitatis·
1518 3245 1643 3285 nam
1688 3229 2018 3304 ubicumque
2050 3232 2197 3301 Deus
2228 3232 2387 3288 inha-

375 3318 534 3387 hitat,
567 3319 718 3379 locus
745 3320 836 3377 ille
865 3327 1088 3401 sanctus
1111 3329 1238 3377 est:
1257 3320 1412 3393 unde
1445 3319 1647 3377 Genes.
1676 3332 1925 3375 xxvm:
1966 3318 2099 3377 Vere
2124 3320 2267 3376 locas
2295 3320 2395 3376 iste

375 3416 587 3465 sanctus
613 3417 710 3475 est,
735 3418 791 3466 et
814 3409 956 3465 Psal.
987 3394 1174 3467 ιιιιιιιι
1199 3384 1436 3466 Domum
1456 3416 1605 3467 tuam
1628 3402 1770 3465 decet
1796 3406 2118 3473 sanctitudo,
2150 3400 2391 3478 Domine.

375 3498 604 3568 Quarto,
635 3505 858 3572 propter
889 3498 1289 3555 invocationem
1317 3497 1437 3557 Dei.
1469 3497 1842 3555 Jer.1v:Tu
1868 3503 2047 3553 antem
2074 3496 2136 3551 in
2162 3497 2312 3553 nobis
2337 3513 2393 3553 es

377 3586 620 3653 Domine,
664 3594 716 3644 et
753 3603 938 3643 nomen
965 3594 1117 3642 tuum
1144 3586 1447 3643 invocatum
1474 3593 1549 3644 est
1589 3603 1753 3660 super
1787 3602 1903 3643 nos.
1948 3585 2263 3643 Cavendum
2304 3594 2393 3643 est

375 3690 506 3745 ergo
543 3691 610 3733 ne
649 3680 772 3748 post
811 3674 976 3731 talem
1013 3673 1489 3730 santificationem
1500 3674 1805 3748 polluamus
1842 3673 2080 3729 animam
2120 3678 2387 3739 nostram,

374 3778 500 3836 qnae
540 3763 798 3841 templum
828 3764 928 3821 Dei
955 3769 1062 3831 est,
1095 3774 1190 3835 ρει·
1218 3768 1523 3836 peccatum.
1570 3768 1741 3837 Apoc.
1784 3764 1810 3821 1
1850 3764 1977 3823 Cor.
2020 3777 2135 3819 ιιι.
2167 3761 2227 3817 Si
2270 3762 2391 3834 qais

373 3852 623 3927 templum
647 3852 750 3911 Dei
771 3852 1074 3919 violaverit,
1095 3851 1358 3924 disperdet
1381 3851 1537 3908 illam
1566 3853 1725 3911 Dent.
1750 3852 1911 3910 Circa
1931 3840 2196 3921 tertium,
2203 3850 2387 3907 scien·

345 3941 506 4001 ·dum
535 3947 639 4013 εει,
641 3940 816 4015 quod
844 3940 1091 3999 Ecclesia
1129 3946 1217 3995 est
1255 3938 1545 4009 catholica,
1576 3941 1635 3997 id
1670 3949 1777 4009 est,
1820 3939 2167 4009 universalis,
2206 3936 2385 4012 primo
