2850 4517
808 384 852 434 ι.
882 404 965 417 -
990 382 1396 433 comrnumtm
1424 354 1804 438 'wunonoexae
2191 374 2308 441 193

290 502 592 565 ,humanam
617 509 872 561 naturam
902 512 1243 578 assumptam
1270 520 1377 561 non
1404 512 1592 561 autem
1617 506 1913 562 secundum
1939 492 2310 575 divinam,se-

296 596 533 651 cundum
554 610 723 665 quam
760 609 925 650 unam
958 593 1286 666 sapientiam
1316 592 1483 650 habet
1507 610 1636 650 cum
1667 602 1842 667 patre,
1867 594 1952 651 vel
1983 604 2044 652 ut
2082 616 2307 673 expres-

296 686 407 743 sius
434 684 673 749 dicatur,
702 691 785 739 est
812 683 930 755 ipsa
955 684 1225 755 sapientia
1252 684 1309 738 in
1333 683 1500 739 corde
1525 694 1812 756 concepta.
1843 684 1949 741 Sed
1977 685 2082 747 hoc
2115 690 2308 745 incon-

294 774 519 831 veniens
544 772 847 837 videretur,
879 778 938 827 ut
962 771 1107 828 filius
1130 773 1297 829 etiam
1326 772 1630 829 secundum
1653 781 1919 839 'naturam
1946 784 2302 849 assumptam,

294 862 599 920 divininum
622 860 835 933 ignoret
849 860 1139 931 judicium,
1152 876 1281 917 cum
1312 862 1435 933 ejus
1459 861 2027 933 anima,Evangelista
2048 872 2304 933 testante,

294 952 453 1025 plena
480 950 555 1005 sit
591 948 689 1004 Dei
720 949 899 1021 gratia
926 957 983 1005 et
1018 949 1269 1019 veritate,
1302 956 1365 1022 ut
1392 966 1558 1022 supra
1597 950 1806 1005 dictum
1848 957 1952 1007 est.
1985 954 2100 1011 Nec
2141 956 2308 1011 etiam

292 1041 511 1097 videtur
546 1038 749 1095 habere
776 1036 1064 1104 rationem,
1097 1046 1159 1093 ut
1191 1054 1319 1093 cum
1360 1038 1608 1095 Christus
1651 1045 1982 1111 potestatem
2023 1042 2308 1113 judicandi

292 1128 587 1202 acceperit,
615 1126 745 1200 quia
793 1126 933 1182 filius
978 1126 1215 1182 hominis
1257 1132 1361 1193 est,
1390 1116 1605 1201 tempus
1647 1128 1731 1185 sui
1770 1128 1968 1201 judicii
2007 1133 2309 1189 secundum

290 1218 586 1275 humanam
630 1221 885 1287 naturam
928 1215 1161 1285 ignoret.
1188 1216 1309 1271 Non
1342 1216 1498 1273 ¹enim
1539 1232 1706 1285 ,omne
1742 1216 2012 1287 judicium
2060 1202 2218 1292 pater
2255 1223 2308 1277 ei

278 1308 551 1371 dedisset,
581 1305 629 1381 si
658 1303 1054 1360 determinandi
1085 1304 1349 1377 temporis
1372 1305 1457 1360 sui
1489 1304 1760 1361 adventus
1789 1313 1936 1362 esset
1961 1306 2012 1363 ei
2042 1308 2302 1367 subtrac-

290 1402 407 1456 tum
437 1394 729 1470 judicium.
776 1393 872 1449 Est
912 1409 1043 1467 ergo
1080 1392 1183 1449 hoc
1228 1392 1643 1466 intelligendum
1687 1394 1996 1463 ‚secundum
2040 1398 2304 1457 usitatum

287 1486 513 1543 modum
555 1482 807 1557 loquendi
858 1482 910 1537 in
954 1482 1261 1554 scripturis,
1288 1488 1456 1555 prout
1495 1482 1698 1539 dicitur
1743 1490 1872 1539 tunc
1917 1486 2062 1542 Deus
2090 1487 2302 1560 aliquid

286 1576 455 1643 scire,
479 1572 701 1647 quando
723 1570 868 1627 illius
895 1570 973 1627 rei
1004 1571 1264 1637 notitiam,
1289 1572 1520 1645 praebet,
1561 1574 1706 1628 sicut
1732 1572 1872 1628 dixit
1915 1573 1984 1629 ad
2027 1575 2304 1633 Abrabam

285 1664 491 1721 GeneS.
522 1676 651 1717 xxn
674 1677 688 1715 ε
713 1659 876 1719 Nunc
899 1658 1116 1730 cognovi
1137 1658 1277 1731 quod
1300 1660 1487 1715 timeas
1515 1660 1826 1726 Dominum,
1855 1677 1960 1725 non
1989 1665 2137 1735 quod
2169 1674 2300 1722 tunc

282 1752 557 1825 inciperet
584 1765 829 1813 noscere,
859 1748 955 1822 qui
996 1748 1179 1803 omnia
1208 1745 1279 1803 ab
1314 1756 1523 1813 aeterno
1548 1751 1850 1820 cognoscit,
1871 1751 1969 1807 sed
2012 1751 2140 1824 quia
2185 1757 2304 1827 ejus

278 1840 638 1899 devotionem
663 1854 762 1910 per
782 1836 917 1892 illud
946 1836 1153 1891 factum
1177 1837 1514 1891 ostenderat.
1537 1837 1628 1892 Sic
1651 1838 1814 1907 igitur
1844 1846 1898 1893 et
1925 1840 2068 1899 filius
2094 1842 2297 1899 dicitur

276 1932 432 1988 diem
455 1926 651 2001 judicii
676 1927 949 1997 ignorare,
980 1923 1111 1997 quia
1140 1923 1395 1979 notitiam
1424 1915 1717 1994 discipulis
1755 1942 1859 1979 non
1897 1926 2068 1991 dedit,
2092 1930 2186 1987 sed
2221 1932 2301 1987 eis

273 2016 597 2093 respondit.
636 2017 811 2070 Acta
842 2012 1009 2070 :Non
1038 2018 1114 2067 est
1158 2019 1392 2068 vestrum
1431 2027 1578 2067 nosse
1605 2019 1881 2083 tempora,
1911 2014 1990 2071 vel
2017 2025 2302 2085 momenta,

274 2125 396 2183 ‘1¹‘oe
433 2111 599 2177 pater
636 2101 815 2175 posuit
852 2100 911 2156 in
944 2117 1044 2157 sua
1084 2105 1389 2173 postestate.
1421 2101 1585 2157 Pater
1631 2108 1820 2184 autem
1860 2102 1968 2159 isto
2006 2105 2166 2161 modo
2196 2112 2304 2164 non

277 2198 523 2271 ignorat,
542 2191 673 2265 quia
696 2191 893 2247 saltem
918 2189 1028 2245 filio
1050 2188 1212 2261 hujus
1234 2189 1312 2245 rei
1329 2190 1585 2246 notitiam
1609 2190 1766 2246 dedit
1779 2208 1876 2263 per
1891 2194 2303 2263 generationem

279 2296 573 2345 aeternam.
606 2280 842 2351 Quidam
872 2287 1055 2336 tamen
1076 2278 1297 2336 brevius
1324 2296 1383 2335 se
1409 2279 1726 2352 expediunt,
1760 2280 2008 2339 dicentes
2043 2282 2150 2341 hoc
2182 2302 2304 2344 esse

279 2371 699 2453 intelligendum
727 2369 796 2425 de
827 2368 939 2426 filio
968 2368 1246 2440 adoptivo.
1276 2368 1405 2424 Ideo
1427 2376 1612 2425 autem
1637 2368 1810 2427 voluit
1837 2372 2120 2442 Dominus„
2157 2383 2302 2434 tem-
2391 2438 2395 2443 ¹

278 2481 387 2538 pus
416 2460 589 2519 futuri
630 2457 828 2532 judicii
868 2473 989 2514 esse
1026 2456 1323 2527 occultum,
1359 2463 1418 2513 ut
1446 2448 1696 2520 homines
1722 2458 1959 2518 sollicite
1985 2464 2295 2535 vigiiarent,

279 2569 351 2609 ne
377 2552 523 2609 forte
548 2555 793 2622 tempore
803 2546 999 2620 Judlcn
1028 2546 1285 2619 imparati
1311 2546 1682 2604 inveniantur.
1698 2550 1926 2622 Propter
1954 2552 2100 2624 quod
2130 2554 2303 2609 etiam

279 2640 467 2699 voluit
487 2645 703 2711 tempus
731 2636 923 2693 mortis
952 2636 1382 2709 uniuscujusque
1409 2652 1532 2693 esse
1581 2637 1847 2709 ignotum.
1875 2639 2026 2699 Talis
2061 2642 2208 2697 enim
2245 2642 2304 2697 in

276 2729 495 2805 judicio
516 2726 892 2801 unusquisque
916 2723 1274 2797 comparebit,
1307 2723 1488 2797 qualis
1519 2722 1648 2791 hinc
1671 2742 1769 2796 per
1798 2733 2032 2785 mortem
2061 2729 2300 2785 exieritt

280 2821 433 2877 unde
472 2817 737 2889 Dominus
772 2814 913 2871 dixit
950 2814 1083 2867 Mat.
1109 2826 1255 2867 xxxv
1288 2826 1302 2866 ε
1339 2809 1590 2881 Viqilate,
1622 2812 1750 2882 quia
1785 2814 2000 2872 nescitis
2037 2832 2143 2887 qua
2169 2816 2308 2873 hora

282 2907 555 2967 Dominus
580 2910 753 2963 vester
778 2900 1023 2961 venturis
1048 2899 1142 2955 sit.
1230 2962 1235 2967 ¹

955 3066 1241 3145 CAPUT
1284 3046 1636 3140 oome'.

698 3212 921 3279 Utrum
944 3224 1137 3273 omnes
1152 3206 1628 3288 ‚iudicabuntum
1655 3222 1738 3269 an
1763 3222 1903 3275 non.

356 3352 453 3409 Sic
476 3349 646 3423 igitur
668 3346 971 3415 secundum
998 3342 1265 3419 praedicta
1285 3347 1458 3417 patet,
1491 3342 1640 3415 quod
1687 3342 1936 3401 Christus
1959 3343 2124 3404 habet
2146 3347 2306 3421 judi..

280 3441 519 3497 ciariam
533 3443 865 3512 potestatem
893 3451 1057 3507 super
1083 3434 1239 3490 vivos
1262 3438 1319 3488 et
1348 3432 1860 3489 mortuos.Exercet
1883 3433 2027 3491 enim
2037 3436 2310 3507 judicium

282 3536 347 3585 et
369 3529 427 3585 in
460 3543 557 3585 eos
584 3527 680 3602 qui
709 3527 767 3582 in
794 3524 1052 3599 praesenti
1086 3521 1287 3590 saeculo
1316 3521 1530 3589 vivunt,
1562 3530 1617 3579 et
1646 3521 1701 3579 in
1725 3538 1820 3579 eos
1862 3524 1956 3596 qui
2002 3540 2070 3579 ex
2107 3524 2308 3582 saeculo

279 3623 582 3676 transeunt
606 3615 908 3673 moriendo.
938 3614 1002 3669 In
1030 3611 1179 3669 finali
1210 3617 1396 3668 autem
1413 3610 1625 3684 judicio
1642 3612 1916 3683 judicabit
1945 3613 2110 3670 simul
2154 3615 2312 3670 vivos

280 3713 345 3763 et
371 3712 621 3763 mortuos
648 3722 663 3761 ε
696 3704 814 3761 sive
838 3719 935 3777 per
957 3701 1113 3761 vivos
1137 3698 1514 3771 intelligantur
1525 3702 1682 3772 justi,
1715 3702 1808 3775 qui
1833 3718 1929 3775 per
1953 3704 2194 3775 gratiam
2221 3705 2312 3759 vi<-

276 3804 429 3871 vunt
455 3813 469 3850 :
496 3811 595 3869 per
622 3802 872 3851 mortuos
900 3796 1102 3864 ¹autem
1143 3795 1482 3862 peccatores,
1513 3790 1606 3863 qui
1645 3806 1704 3855 a,
1723 3792 1904 3862 gratia
1939 3792 2262 3849 exciderunt
2293 3807 2310 3851 .·

276 3885 536 3961 sivehper
564 3884 721 3961 vivos
746 3880 1137 3953 intelligantur,
1168 3879 1263 3952 qui
1291 3879 1616 3948 inadventu
1641 3880 1860 3943 Domini
1889 3881 2000 3940 vivi
2029 3883 2315 3956 reperien-

277 3979 409 4053 tur,
430 3990 530 4051 per-
564 3980 811 4049 mortuos
849 3978 1036 4043 autem
1076 3969 1171 4043 qui
1218 3978 1381 4027 antea
1420 3968 1776 4029 decesserunt
1808 3988 1826 4031 z.
1845 3971 1950 4031 hoc
1979 3978 2166 4031 autem
2207 3990 2316 4038 non

820 4091 875 4141 β.
908 4088 1066 4140 Tuon.
1099 4086 1189 4145 Ao.
1222 4088 1486 4138 Oruscuu.
1510 4109 1572 4125 -
1593 4086 1631 4139 1.
1659 4108 1724 4127 ο·-
1748 4079 1807 4141 13
