2850 4517
824 348 890 413 ἰζ
920 382 999 397 -
1027 363 1429 413 conrnunmu
1464 336 1846 415 'rnnonoem
2231 362 2352 425 209

330 488 469 549 tatis
493 460 761 545 haberent
783 484 1061 552 notitiam,
1094 484 1189 541 sed
1219 490 1283 541 ιιι
1325 502 1422 559 per
1451 482 1562 559 ‘eos
1595 486 2016 559 divulgaretur
2000 506 2055 545 ιιι
2090 494 2350 553 mundum

330 578 670 643 universum,
702 572 846 630 unde
882 580 1075 647 postea
1104 572 1343 630 subdit:
1370 574 1452 649 Ut
1486 574 1718 654 mundus
1752 575 1954 643 credat,
1999 578 2128 649 quia
2173 589 2232 638 tu
2271 600 2352 639 me

330 664 547 723 misisti.
580 662 736 733 Quod
765 660 987 735 quidem
1011 678 1111 734 per
1141 653 1452 733 ApostoloS,
1481 670 1536 719 et
1569 679 1916 722 successores
1949 681 2139 723 eorum
2166 672 2351 728 conti-

332 772 440 813 nue
487 753 620 825 agit,
674 752 806 808 dum
852 750 923 807 ad
971 750 1071 806 Dei
1116 748 1368 806 notitiam
1416 767 1516 824 per
1561 768 1656 808 eos
1704 753 1952 811 homines
1998 756 2350 817 adducuntur

333 858 619 921 quousque
660 858 759 915 per
798 846 974 897 totum
1031 839 1294 896 mundum
1345 856 1541 897 nomen
1587 842 1691 898 Dei
1732 854 1986 902 sanctum
2031 855 2086 904 et
2133 849 2348 907 cerebro

330 934 619 997 habeatur,
652 929 793 985 sicut
823 928 1147 1001 praedictum
1173 934 1277 993 est,
1309 928 1541 986 Malach.
1572 945 1592 986 1
1619 948 1632 985 ε
1673 931 1757 987 Ab
1789 938 1914 990 ortu
1937 935 2064 1013 solis
2089 952 2250 1010 usque
2278 938 2387 993 ad*
2441 931 2446 934 ’

331 1036 571 1079 oceasum
594 1033 843 1090 maynum
866 1024 943 1073 est
966 1032 1151 1072 nomen
1177 1032 1348 1071 meum
1366 1018 1425 1073 in
1443 1017 1708 1089 flentibus,
1732 1028 1785 1077 et
1808 1021 1868 1077 in
1890 1022 2036 1079 omni
2053 1025 2161 1080 loco
2184 1028 2348 1083 sacri-

329 1098 531 1183 ficatur
557 1107 607 1164 et
648 1108 875 1179 offertur
911 1104 1119 1160 nomini
1156 1120 1265 1160 meo
1306 1104 1501 1181 oblatio
1539 1108 1760 1163 munda.
1791 1108 1864 1166 Ut
1901 1112 2070 1181 igitur
2098 1112 2153 1169 id
2198 1118 2344 1187 quod

330 1198 647 1255 inchoatum
672 1200 756 1251 est
788 1198 855 1249 ad
882 1192 1407 1253 consummationem
1439 1196 1744 1271 perveniat,
1773 1198 2011 1271 petimus
2051 1200 2299 1259 dicentes
2329 1220 2342 1257 ε

330 1286 708 1362 Sanctificetur
747 1298 934 1339 nomen
974 1288 1146 1338 tuum.
1182 1301 1208 1335 (ι
1234 1280 1390 1351 Quod
1418 1289 1481 1338 ut
1517 1286 1660 1355 Aug.
1685 1284 1842 1353 dicit,
1874 1302 1980 1343 non
2019 1290 2099 1345 sic
2141 1286 2346 1357 petitur

332 1374 492 1449 quasi
517 1389 623 1429 non
665 1372 737 1427 sit
760 1377 1014 1428 sanctum
1055 1368 1153 1425 Dei
1184 1384 1400 1437 nomen,
1441 1370 1538 1427 sed
1581 1380 1641 1428 ut
1669 1380 1922 1431 sanctum
1965 1375 2230 1434 habeatur
2276 1380 2347 1435 ab

329 1462 603 1531 omnibus„
635 1462 690 1518 id
729 1467 831 1527 est,
865 1460 945 1517 ita
982 1462 1291 1515 innotescat
1328 1459 1494 1526 DeuS,
1525 1466 1586 1516 ut
1627 1469 1735 1517 non
1778 1464 2087 1521 aestimetur
2133 1466 2343 1540 aliquid

331 1552 597 1609 sanctius,
626 1550 777 1607 Inter
800 1549 908 1606 alia
931 1563 1062 1604 vero
1090 1545 1313 1614 indicia,
1346 1544 1547 1621 quibus
1585 1551 1852 1607 sanctitas
1887 1552 1988 1608 Dei
2020 1555 2344 1613 manifesta-

330 1646 423 1697 tur
459 1640 791 1720 homiuibus,
836 1636 1307 1695 evidentissimum
1345 1637 1560 1709 signum
1608 1646 1694 1695 est
1735 1642 1998 1697 sanctitas
2040 1641 2338 1712 hominum,

330 1731 427 1805 qui
470 1746 538 1786 ex
592 1728 776 1802 divina
818 1726 1214 1784 inhabitatione
1261 1726 1695 1783 sanctificantur.
1742 1727 1814 1785 Ut
1856 1728 2002 1786 enim
2039 1728 2340 1804 Gregorius

328 1820 613 1891 Nyssenus
635 1818 803 1873 dicit:
834 1837 858 1869 α
879 1816 1015 1886 Quis
1036 1822 1121 1871 est
1147 1822 1257 1871 tam
1279 1814 1546 1882 bestialis,
1573 1816 1668 1886 qui
1693 1816 1884 1873 videns
1910 1818 1966 1872 in
1985 1820 2332 1877 credentibus

329 1910 743 1979 vitamvpuram,
776 1920 883 1959 non
910 1902 1177 1977 glorificet
1206 1918 1401 1983 nomen
1430 1904 1747 1959 invocatum
1777 1906 1834 1959 in
1874 1904 1969 1960 tali
1992 1906 2155 1962 vita?
2189 1928 2214 1959 n
2244 1924 2336 1964 se-
2406 1964 2415 1970 ,

328 1996 573 2054 cundum
598 1993 733 2049 iliud
762 1992 905 2067 quod
933 1996 1124 2075 Apost.
1152 1991 1287 2049 dicit
1316 1992 1370 2047 in
1395 1992 1418 2046 1
1443 1991 1628 2047 Corin.
1658 2006 1754 2048 xiv
1788 2010 1802 2047 :
1827 1992 1886 2048 Si
1913 2010 2087 2049 omnes
2103 1996 2340 2067 prophe-'-

328 2092 464 2151 tent,
494 2084 669 2143 intret
692 2089 867 2138 autem
895 2082 1009 2155 quis
1032 2079 1284 2152 infidelis,
1308 2080 1389 2135 vel
1415 2078 1607 2144 idiota,
1629 2080 1964 2137 convincitur
1978 2082 2052 2137 nb
2075 2070 2337 2151 omnibus)

329 2181 387 2233 et
414 2180 607 2247 postea
634 2170 856 2227 subdit:
883 2169 961 2227 Et
983 2169 1065 2225 ita
1087 2168 1274 2224 cadens
1299 2168 1360 2223 in
1388 2168 1598 2237 faciem,
1616 2168 1867 2225 adorabit
1895 2169 2085 2237 Deum,
2103 2189 2340 2246 pronun-

330 2265 479 2321 tians
504 2261 634 2335 quia
654 2275 776 2315 vere
795 2260 935 2315 Deua
960 2258 1019 2313 in
1046 2256 1190 2313 vobis
1210 2256 1305 2314 sit.
1324 2257 1395 2313 Et
1417 2257 1543 2313 ideo
1567 2258 1710 2314 sicut
1735 2258 2156 2332 chrysostomus
2182 2262 2336 2330 dicit,

327 2352 386 2408 in
419 2350 525 2407 hoc
551 2349 681 2422 quia
708 2347 843 2404 dicit
873 2364 889 2402 ι
919 2344 1295 2417 Sanctificetur
1332 2361 1523 2401 nomen
1564 2351 1734 2413 tuum,
1765 2363 1959 2420 rogare
1981 2350 2150 2406 etiam
2181 2352 2340 2424 jubet

321 2428 577 2499 'orantem
606 2452 703 2511 per
742 2437 986 2492 nostram
1027 2429 1320 2505 glorificari
1365 2434 1558 2501 vitam,
1589 2451 1656 2493 ac
1691 2436 1738 2491 si
1782 2436 1970 2494 dicat:
1996 2438 2081 2495 Ita
2123 2439 2212 2496 fac
2240 2457 2338 2497 nos

327 2530 535 2595 vivere,
562 2531 626 2583 ut
652 2540 754 2582 nos
785 2529 843 2579 te
875 2529 932 2579 et
960 2521 1202 2578 universi
1234 2520 1560 2593 glorificent.
1589 2522 1690 2579 Sic·
1708 2530 1892 2581 autem
1911 2598 1914 2601 ἦ
1933 2541 2028 2597 per
2052 2542 2151 2583 nos
2192 2528 2341 2586 Deus

328 2614 708 2674 sanctificatur
730 2613 787 2668 in
810 2599 1088 2667 mentibus
1112 2608 1365 2675 aliorum,
1394 2610 1448 2665 in
1487 2617 1754 2683 quantum
1795 2627 1895 2667 nos
1931 2601 2340 2672 sanctificamur

326 2722 429 2779 per
464 2705 688 2776 ipsum:
720 2700 865 2757 unde
906 2696 1185 2755 dicendo.
1216 2696 1592 2769 Sanctificetur
1626 2714 1814 2755 nomen
1844 2706 2018 2766 tuum,
2061 2710 2336 2776 optamus,

328 2794 474 2872 sicut
497 2790 634 2847 dicit
662 2788 985 2875 CyprianuS,
1018 2791 1097 2840 ιιι
1116 2799 1313 2841 nomen
1351 2786 1470 2856 ejus
1499 2780 1874 2840 sanctificetur
1907 2787 1962 2841 in
2003 2787 2180 2855 nobis,
2209 2792 2340 2863 quia

327 2881 479 2938 enirn
500 2877 749 2935 Christus
774 2866 945 2932 dicit':
962 2873 1150 2930 Sancti
1177 2878 1376 2939 estote,
1396 2871 1526 2942 quia
1554 2886 1658 2942 ego
1684 2878 1909 2929 sanctus
1933 2888 2074 2941 sum,
2105 2875 2162 2931 id
2189 2878 2339 2949 peti-
2377 2898 2382 2903 ·

330 2983 473 3035 mus,
500 2974 563 3023 ut
591 2966 684 3039 qui
708 2965 764 3023 in
788 2963 1061 3036 baptismo
1080 2959 1408 3017 sanctificati
1441 2973 1648 3025 sumne,
1670 2958 1728 3013 in
1749 2973 1814 3014 eo
1841 2960 1988 3032 quod
2013 2976 2136 3018 esse
2166 2966 2344 3037 coepi-

326 3072 472 3125 mue,
502 3045 937 3129 perseveremus.
962 3048 1220 3120 Quotidie
1244 3049 1419 3103 etiam
1443 3046 1802 3119 deprecamur
1826 3054 1890 3104 ut
1913 3050 2338 3119 sanctificemur,

326 3152 391 3201 ιιι
420 3144 514 3217 qui
538 3140 784 3217 quotidie
807 3136 1193 3210 delinquimus,
1216 3135 1416 3192 delicta
1442 3139 1632 3191 nostra
1660 3136 2098 3196 sanctificatione·
2121 3142 2341 3199 assidua

322 3246 650 3306 purgemus.
692 3228 821 3284 Ideo
870 3233 1057 3283 autem
1107 3224 1225 3291 haec
1258 3224 1464 3299 petitio
1514 3223 1690 3295 primo
1735 3224 1977 3296 ponitur,
2023 3225 2154 3299 quia
2197 3230 2343 3288 sicut

327 3320 527 3393 Chrys·
542 3316 711 3374 dicit.
732 3334 758 3368 (ι
782 3315 959 3386 Digna
978 3318 1064 3368 est
1090 3312 1263 3373 Deum
1286 3310 1635 3399 deprecantis
1653 3311 1831 3369 oratio
1855 3312 1990 3369 nihil
2015 3321 2142 3371 ante
2169 3318 2344 3389 patris

326 3407 564 3480 gloriam
590 3412 805 3477 petere,
820 3402 919 3459 sed
946 3399 1129 3457 omnia
1156 3398 1307 3469 laudi
1330 3400 1450 3471 ejus
1475 3406 1883 3473 postponere.»

1092 3508 1377 3643 CAPUT
1459 3572 1582 3639 IX.

528 3710 808 3780 Secunda
830 3710 1073 3794 petitio,
1103 3714 1180 3811 ιιι
1199 3710 1531 3790 participes
1551 3710 1765 3789 ,ᾳΖονὶω
1791 3728 1901 3775 nos
1923 3712 2142 3793 saciat.

310 3892 326 3906 .
396 3826 887 3907 Post'desiderium
916 3852 1102 3903 autem
1126 3846 1182 3901 et
1207 3824 1529 3917 petitionem
1551 3822 1755 3902 divinae
1786 3845 1978 3917 gioriae
2005 3842 2350 3922 consequens
2456 3842 2463 3847 ⁴

316 3948 411 3999 est
443 3948 501 3997 ut
526 3934 695 3995 homo
724 3940 971 4010 appetat,
1001 3940 1057 3989 et
1084 3932 1636 4007 requirat-particeps
1663 3932 2248 4007 gioriaedivinaefleri.
2279 3936 2350 3998 Et

846 4051 899 4101 S.
930 4050 1085 4100 Τιιοιι.
1120 4052 1204 4104 Ao.
1240 4050 1503 4098 oensem.
1535 4070 1596 4086 -
1624 4048 1663 4099 1.
1685 4056 1750 4087 ·-ὐ
1773 4049 1833 4099 ss
