2850 4517
586 314 707 385 308
888 342 893 347 ·
1064 333 1119 379 s.
1164 326 1396 377 'monac
1437 329 1766 383 Aoumssts
1805 324 2122 373 opuseum

589 463 873 528 tamquam
894 452 997 511 Dei
1019 448 1278 509 ministri.
1298 448 1455 508 Unde
1483 450 1676 522 Apost.
1693 447 1772 505 ait
1801 445 1871 503 ad
1895 444 2035 502 Heb.
2066 444 2168 501 ult.
2191 442 2442 503 :obedite
2462 459 2585 518 prce

580 541 777 618 positis
799 540 1017 609 vestris,
1044 546 1097 599 ee
1117 537 1376 613 subiacere
1397 537 1494 595 eis.

1242 660 1838 778 'cAPn‘rxL

684 852 864 933 Quod
890 859 1012 920 tres
1032 846 1468 932 vioeproedictae
1487 841 1879 927 perfectionis
1907 842 2159 927 proprie
2185 844 2269 909 ad
2294 849 2526 911 statum

1258 937 1577 1018 reliyionis
1606 932 1933 1017 pertinent.

662 1074 974 1137 Secundum
1000 1079 1186 1135 autem
1204 1070 1480 1145 triplicem
1502 1065 1648 1127 viam
1675 1068 2046 1142 perfeetionis
2055 1067 2394 1140 assignatam
2421 1069 2478 1124 in
2508 1085 2594 1124 re-

594 1167 907 1241 ligionibus,
932 1162 1132 1235 triplex
1154 1176 1444 1217 commune
1464 1165 1655 1216 votum
1684 1158 1980 1226 invenitur,
2011 1156 2225 1214 scilicet
2251 1165 2440 1215 votum
2464 1175 2595 1231 pau-

592 1256 843 1331 pertatis,
872 1252 1247 1318 continentiae,
1267 1257 1327 1306 et·
1352 1248 1684 1305 obedientiae
1707 1263 1882 1322 usque
1911 1247 1980 1304 ad
2005 1252 2263 1303 mortem.
2290 1249 2394 1303 Per
2417 1256 2590 1305 votum

593 1342 939 1417 paupertatis
972 1336 1217 1413 'primam
1262 1332 1618 1411 perfeetionis
1654 1337 1806 1396 viam
1847 1334 2087 1408 religiosi
2131 1345 2421 1393 assumunt
2458 1338 2588 1394 omni

595 1431 921 1506 proprietati
952 1428 1423 1486 abrenuntiantes.
1450 1428 1554 1484 Per
1585 1434 1772 1484 votum
1807 1432 1991 1485 autem
2019 1426 2378 1485 continentiae
2407 1444 2586 1499 aggre-

596 1518 989 1583 diuntur-‚viam
1012 1512 1313 1577 secundam
1335 1515 1688 1573 matrimonio
1713 1522 1982 1589 perpetuo
2009 1516 2480 1572 abrenuntiantes,
2499 1518 2588 1572 Per

596 1613 789 1663 votum
808 1611 995 1663 autem
1022 1602 1351 1661 obedientiae
1374 1602 1612 1661 maxime
1640 1602 1789 1661 viam
1821 1602 2043 1659 tertiam
2073 1611 2382 1671 assumunt,
2407 1603 2589 1659 volun·

599 1703 773 1754 tatem
812 1694 1093 1767 propriam
1138 1692 1478 1765 abnegandO.
1513 1686 1629 1749 Hoc
1669 1693 1842 1748 etiam
1877 1691 2076 1765 triplex
2123 1698 2318 1748 votum
2371 1706 2589 1763 congrue

600 1784 852 1857 religioni
882 1783 1199 1854 adaptatur.
1222 1776 1556 1850 Nam,'sicut
1583 1781 1720 1837 dicit
1747 1784 1980 1852 August.
2010 1796 2071 1846 x,
2103 1780 2174 1835 de
2197 1780 2333 1838 civi.
2369 1781 2484 1847 Dei,
2509 1796 2589 1836 re-

599 1874 733 1947 ligio
757 1888 865 1929 non
894 1871 1209 1945 quemlibet,
1230 1870 1337 1927 'sed
1365 1870 1469 1926 Dei
1508 1868 1720 1927 cultum
1765 1869 2074 1941 significare
2101 1868 2345 1926 videtur.
2375 1870 2522 1927 Unde
2541 1874 2588 1923 et

599 1962 811 2020 Tullius
842 1961 979 2017 dicit
1021 1960 1075 2017 in
1118 1960 1411 2027 rhetorica,
1440 1959 1588 2032 quod
1629 1958 1824 2030 religio
1863 1964 1948 2014 est
1993 1957 2189 2019 virtus.
2223 1974 2352 2031 quae
2393 1958 2588 2015 cuidam

596 2051 870 2124 superiori
895 2058 1109 2108 naturae
1148 2064 1316 2123 quam
1342 2048 1588 2104 divinam
1614 2052 1833 2114 vocant,
1866 2046 2076 2104 cultum
2115 2046 2590 2119 caeremoniamque

599 2141 780 2198 affert.
806 2139 997 2197 Cultus
1020 2145 1205 2195 autem
1232 2137 1334 2193 soli
1362 2138 1480 2193 Deo
1507 2135 1726 2194 debitus
1753 2136 1810 2191 in
1839 2136 2094 2211 sacrificii
2117 2134 2400 2193 obla‘tioue
2421 2142 2592 2192 osten-

601 2229 773 2287 ditur.
814 2222 1057 2285 Offertur'
1102 2232 1286 2286 autem
1339 2225 1458 2283 Deo
1511 2225 1843 2283 sacrificium
1894 2226 1984 2283 de·
2011 2224 2379 2282 exterioribus
2424 2224 2587 2289 robae,

604 2315 825 2389 quando
854 2329 949 2370 eas
975 2313 1175 2387 aliquis
1207 2319 1432 2386 propter
1459 2316 1634 2387 Deum
1663 2313 1913 2386 largitur,
1957 2314 2258 2371 secundum
2293 2315 2424 2371 illud
2467 2314 2589 2370 Heb.

603 2401 707 2457 ult.
741 2418 755 2456 z
785 2399 1155 2471 Beneficentiae
1196 2408 1248 2457 ct
1288 2402 1672 2459 communionis
1711 2403 1876 2461 nolite
1917 2402 2151 2460 oblivisci
2180 2419 2200 2461 .·
2230 2404 2430 2461 talibus
2468 2402 2592 2460 enim

600 2490 789 2546 hostiis
808 2497 1154 2562 promeretur
1178 2491 1341 2547 Deus.
1374 2491 1616 2549 Offertur
1643 2494 1812 2550 etiam
1841 2494 1956 2550 Deo
1997 2493 2326 2550 sacrificium
2364 2494 2437 2549 de
2478 2507 2594 2567 pro-

601 2578 725 2651 prio
747 2592 995 2651 corpore,
1024 2579 1245 2653 quando
1274 2578 1488 2637 scilicet
1513 2580 1610 2653 qui
1635 2580 1846 2639 Christi
1877 2588 2023 2650 sunt,
2055 2598 2272 2639 carnem
2293 2598 2442 2639 suam
2477 2598 2596 2637 cru-

603 2666 827 2740 cifiqum
857 2682 975 2725 cum
1016 2668 1167 2727 vitiis
1206 2676 1259 2727 ct
1300 2668 1753 2741 concupiscentiis,
1781 2675 1846 2727 ut
1883 2670 2019 2727 dicit
2065 2671 2362 2744 Apostolus
2405 2670 2522 2727 Gal.
2545 2686 2591 2724 v.

604 2754 763 2815 Unde
790 2762 849 2814 et
875 2757 994 2830 ipss
1016 2758 1172 2827 dicit,
1199 2758 1433 2817 Roman.
1451 2772 1570 2817 xn:
1600 2748 1914 2816 Exhibeat&
1939 2776 2166 2832 corpora
2193 2769 2374 2818 vestra
2392 2759 2594 2817 hostiam

602 2846 881 2914 viventem,
908 2842 1169 2915 sanctam,
1201 2848 1311 2905 Deo
1329 2848 1644 2923 placentem.
1671 2848 1768 2905 Est
1809 2847 1980 2905 etiam
2019 2849 2353 2906 sacrificium
2389 2849 2596 2911 tertium

594 2934 720 2993 Deo
761 2936 1222 3009 acceptissimum,
1256 2938 1476 3011 quando
1524 2936 1723 3010 aliquis
1763 2937 2018 3010 spiritum
2063 2940 2226 2994 suum
2273 2940 2432 2995 offert
2471 2938 2595 3004 Deo,

605 3024 907 3081 secundum
943 3022 1079 3081 illud
1121 3025 1264 3083 Psal.
1290 3040 1325 3083 ι.
1356 3041 1369 3081 =
1400 3025 1742 3097 Sacrificium
1788 3024 1898 3082 Deo
1935 3025 2163 3099 spiritus
2205 3026 2594 3083 contribulatus.

604 3103 713 3168 Sed
746 3111 1029 3169 sciendum
1070 3114 1217 3187 quod
1257 3114 1403 3171 sicut
1441 3104 1682 3187 Gregor.
1713 3114 1849 3171 dicit
1888 3104 2052 3188 super
2079 3114 2300 3182 Ezeeh.,
2333 3114 2435 3171 hoc
2469 3115 2599 3171 inter

606 3199 939 3256 sacrificium
966 3207 1023 3257 et
1064 3200 1444 3259 holocaustum
1491 3202 1683 3269 distat,
1715 3203 1861 3275 quod
1903 3210 2065 3259 omne
2109 3202 2488 3260 holocaustum
2527 3206 2600 3257 est

606 3287 957 3359 sacrificium,
984 3297 1042 3346 et
1080 3302 1193 3347 non
1232 3299 1391 3347 omne
1418 3290 1760 3347 ‘sacrificium
1804 3280 2208 3349 holocaustum.
2240 3294 2303 3349 In
2347 3290 2600 3349 sacrificio

607 3378 756 3435 enim
783 3394 910 3451 pars
928 3376 1172 3452 pecudis,
1200 3378 1257 3434 in
1280 3372 1600 3436 holocausto
1625 3395 1754 3436 vero
1780 3385 1956 3437 totum
1981 3385 2149 3458 pecu's
2167 3381 2358 3436 offerri
2383 3394 2602 3437 eonsue-

602 3474 784 3525 verat.
813 3468 951 3525 Cum
974 3482 1103 3539 ergo
1133 3466 1333 3540 aliquis
1358 3483 1519 3523 suum
1548 3467 1756 3542 aliquid
1792 3471 1906 3526 Deo
1945 3477 2130 3537 vovet,
2147 3472 2229 3526 'et’
2255 3462 2462 3542 aliquid
2505 3482 2602 3524 non

602 3555 1148 3623 vovet‚‚sacrifieium
1183 3560 1287 3612 est.
1317 3549 1456 3613 Cum
1495 3566 1630 3613 vero·
1671 3558 2006 3632 omne'quod
2045 3557 2229 3627 habet,
2263 3573 2426 3614 omne
2470 3553 2605 3629 quod

602 3644 765 3713 vivit,
802 3659 962 3701 omne
994 3644 1140 3719 quod
1188 3636 1363 3718 sapiu
1404 3644 1764 3719 omnipotenti
1810 3649 1926 3703 Deo
1959 3647 2195 3717 voverit,
2236 3645 2606 3703 holocaustum

608 3738 696 3789 est
724 3749 743 3788 τ
773 3733 921 3805 quod
950 3732 1173 3807 quidem
1204 3733 1466 3806 impletur
1489 3750 1587 3808 per
1613 3736 1721 3793 tria
1763 3742 1893 3793 vota
1932 3736 2222 3809 praedicta.
2247 3736 2406 3793 Unde
2439 3731 2609 3790 maui-

602 3820 809 3876 festum
845 3829 930 3878 est
978 3836 1073 3877 eos
1114 3820 1209 3895 qui
1245 3822 1557 3895 hujusmodi
1592 3831 1723 3880 vota
1751 3824 1866 3881 Deo
1895 3826 2174 3893 emittunt,
2207 3824 2370 3898 quasi
2396 3828 2609 3896 propter

602 3903 912 3973 holocausti
930 3906 1310 3976 excellentiam
1338 3912 1772 3969 antonomastice
1795 3912 2088 3985 religiosos
2098 3914 2308 3972 vocari.
2327 3913 2429 3970 Per
2442 3906 2610 3969 sacri·
