2850 4517
820 430 931 477 vn.
957 440 1039 464 -·«·
1062 433 1143 477 na
1184 407 1462 479 sviinono
1510 435 1948 480 Aros‘rononun
2263 420 2381 481 411

378 546 697 618 dignitates,
724 546 858 621 quia
884 548 1187 621 plectentes
1212 566 1468 608 coronam
1497 550 1570 608 de
1591 550 1782 625 spinis,
1813 550 2188 625 imposuerunt
2215 544 2384 626 capiti

378 652 501 694 meo
530 652 549 697 ε
576 650 684 693 non
708 636 782 693 ad
811 636 1057 708 delicias,
1088 638 1218 711 quia
1244 639 1307 695 in
1327 636 1567 697 sitimeit
1587 646 1914 712 potaverunt
1931 656 2014 697 me
2040 647 2204 701 aceto.
2237 643 2380 713 Aug.

380 740 547 797 supra
573 724 875 785 iiludfleb.
906 741 993 783 ιιι
1025 744 1039 783 z
1074 726 1178 793 Qui
1197 729 1373 800 posito
1396 728 1500 785 sibi
1524 730 1746 803 gaudio,
1769 736 1878 787 etc.
1911 724 2048 785 dicit
2081 744 2102 787 .·
2127 750 2153 782 α
2187 728 2384 786 Omnia

380 812 521 869 bona
566 820 783 881 terrena
808 814 1141 891 contempsit
1166 815 1328 874 homo
1372 818 1624 875 Christus
1664 820 1842 888 JesuS,
1887 823 1952 876 ut
1985 821 2384 878 contemnenda

381 908 733 959 monstraret.
766 921 795 955 n
1113 932 1117 937 -
1272 910 1275 912 ’

451 990 731 1048 Descendit
752 990 824 1047 ad
844 990 1250 1063 inferosfSicut
1278 994 1488 1053 dictum
1509 1001 1614 1067 est,
1643 1012 1794 1055 mors
1815 996 2018 1053 Christi
2055 996 2161 1054 fuit
2199 996 2257 1052 in
2283 1012 2379 1053 se-

382 1078 666 1153 paratione
692 1079 891 1138 animae
919 1096 951 1137 a
978 1096 1227 1155 corpore,
1256 1084 1400 1140 sieut
1422 1090 1480 1141 et
1499 1084 1732 1141 aliorum
1759 1078 2046 1142 hominum
2063 1101 2084 1140 ε
2111 1084 2208 1141 sed
2237 1076 2387 1140 divi·-

382 1170 527 1225 nitas
552 1168 633 1238 ita
654 1168 1019 1229 insolubiliter
1034 1172 1229 1243 juncta
1254 1172 1359 1228 fuit
1386 1174 1592 1235 homini
1619 1174 1857 1243 Christo,
1875 1174 2022 1249 quod
2051 1168 2180 1231 iicet
2203 1163 2384 1229 anima

382 1263 439 1312 et
466 1272 667 1329 corpus
692 1266 1013 1331 separentur
1036 1260 1109 1316 ab
1135 1260 1389 1328 invicem,
1417 1260 1538 1335 ipsa
1570 1271 1754 1320 tamen
1780 1262 1961 1319 deitas
1987 1262 2384 1337 perfectissime

382 1361 597 1419 semper
641 1352 697 1403 et
743 1346 959 1413 animm,
999 1356 1057 1404 et
1092 1350 1307 1421 corpori
1354 1350 1529 1418 affuit,
1561 1359 1620 1407 et
1664 1351 1790 1409 ideo
1833 1352 1890 1407 in
1927 1350 2213 1423 sepulchro
2258 1364 2384 1405 cum

380 1450 611 1507 corpore
642 1434 749 1491 fuit
774 1436 917 1491 fliius
944 1437 1063 1504 Dei,
1096 1445 1152 1493 et
1184 1438 1257 1494 ad
1288 1438 1494 1495 inferos
1533 1454 1660 1496 cum
1692 1439 1875 1497 anima
1911 1439 2217 1495 descendit.
2247 1440 2385 1495 Sunt

385 1531 569 1581 autem
592 1530 829 1597 quatuor
856 1526 1114 1591 ratione5‚
1142 1542 1313 1599 quare
1337 1527 1588 1584 Christus
1619 1544 1746 1585 cum
1793 1529 1976 1585 anima
2015 1528 2084 1585 ad
2113 1527 2386 1583 infernum

382 1612 974 1682 descendit.Prima‚ut
1001 1614 1299 1693 sustineret
1326 1622 1500 1672 totam
1531 1632 1749 1688 poenam
1773 1616 2084 1689 peccati‚u-t
2105 1616 2384 1672 sic-totam
2419 1658 2424 1665 .

384 1700 601 1774 culpam
640 1700 906 1775 expiaret.
933 1703 1099 1759 Poena
1131 1698 1316 1759 autem
1359 1703 1573 1775 peccati
1619 1702 1854 1759 hominis
1896 1719 2004 1759 non
2051 1702 2227 1759 solum
2265 1707 2386 1759 erat

384 1805 533 1846 mors
554 1790 817 1863 corporis,
843 1790 943 1846 ‚sed
986 1791 1153 1847 etiam
1180 1796 1303 1846 erat
1330 1806 1492 1863 poena
1533 1792 1590 1848 in
1619 1792 1800 1848 anima
1833 1808 1846 1847 ε
1879 1794 2009 1865 quia
2046 1792 2386 1864 etiam-pec-

383 1884 567 1935 catum
585 1884 705 1936 erat
733 1886 998 1953 quantum
1029 1879 1097 1936 ad
1126 1880 1428 1936 carentiam
1451 1880 1680 1935 visionis
1707 1879 1939 1945 divinae‚·
1958 1895 2058 1952 pro
2099 1895 2208 1952 qua
2245 1878 2385 1935 abo-

383 1967 545 2025 lenda
566 1967 807 2025 nondum
836 1968 1177 2026 satisfactum
1210 1976 1351 2025 erat.
1377 1967 1444 2025 Et
1471 1968 1595 2024 ideo
1632 1975 1756 2040 post
1803 1973 2034 2024 mortem
2081 1967 2385 2023 descende-

384 2056 517 2115 bant
534 2072 722 2113 omnes
736 2058 903 2114 etiam
916 2058 1093 2114 sancti
1114 2063 1299 2131 patres
1314 2063 1442 2114 ante
1465 2057 1666 2114 Christi
1683 2055 1979 2113 adventum
2001 2056 2070 2111 ad
2090 2056 2382 2113 infernum.

384 2147 457 2203 Ut
486 2164 615 2218 ergo
642 2146 889 2203 Christus
928 2146 1228 2203 sustineret
1252 2151 1423 2203 totam
1453 2161 1671 2220 poenam
1702 2144 2078 2218 peccatoribus
2118 2144 2378 2210 debitam,

384 2235 556 2291 voluit
582 2252 689 2291 non
710 2235 887 2291 solum
914 2236 1071 2303 mori,
1103 2235 1199 2293 sed
1228 2236 1396 2292 etiam
1424 2235 1724 2291 secundum
1748 2234 1986 2291 animam
2015 2234 2084 2291 ad
2113 2233 2384 2289 infernum

386 2324 733 2381 descendere.
756 2324 915 2381 Unde
942 2323 1085 2381 Psal.
1114 2340 1360 2381 cxxxvii
1388 2341 1403 2379 t
1431 2323 1757 2381 AEstimatus
1777 2340 1895 2379 sum
1926 2338 2043 2379 cum
2070 2322 2386 2377 descenden—

386 2412 526 2469 tibus
552 2412 614 2468 in
637 2412 831 2468 lacum.
858 2412 1200 2484 Factus‘ritm
1220 2413 1355 2469 sicut
1378 2413 1530 2469 homo
1551 2413 1670 2469 sine⁴
1687 2410 1959 2485 adjutorio
1979 2410 2126 2469 inter
2148 2416 2386 2467 mortuos

383 2500 537 2558 liber.
562 2501 671 2559 Alii
694 2502 839 2558 enim
864 2509 1021 2569 erant
1057 2502 1140 2559 ibi·
1172 2509 1234 2559 ut
1256 2503 1423 2574 servi,
1449 2503 1543 2559 sed
1568 2502 1816 2558 Christus
1850 2507 1910 2557 ut
1951 2500 2110 2557 liber.
2133 2500 2384 2578 Secunda

382 2591 525 2647 ratio
566 2596 670 2657 est,
702 2595 766 2644 ut
808 2591 1057 2661 perfecte·
1090 2592 1409 2649 subveniret
1449 2592 1564 2646 suis
1600 2589 1791 2646 amicis
1835 2588 2107 2645 omnibus.
2137 2588 2385 2644 Habebat

376 2679 533 2735 enim
562 2676 769 2733 amicos
794 2691 925 2733 suos
966 2692 1071 2733 non
1097 2679 1276 2733 solum
1300 2678 1355 2733 in
1383 2679 1608 2745 mundo,
1635 2676 1730 2733 sed
1761 2676 1929 2732 etiam
1966 2675 2022 2731 in
2063 2676 2293 2733 inferno.
2325 2678 2383 2731 ln

383 2766 491 2823 hoc
516 2763 661 2821 enirn
694 2771 823 2820 sunt
852 2762 1025 2837 aliqui
1062 2766 1223 2821 amici
1252 2764 1474 2831 Christi,
1501 2765 1554 2819 in
1589 2772 1856 2837 qnantum
1901 2762 2102 2820 habent
2141 2764 2386 2821 charita-

384 2861 501 2911 tem
528 2870 544 2909 z
572 2853 627 2908 in
653 2851 865 2908 inferno
894 2860 1077 2908 autem
1105 2850 1265 2907 multi
1292 2860 1450 2907 erant
1476 2851 1570 2923 qui
1599 2866 1724 2907 cum
1742 2850 2014 2917 charitate
2039 2858 2096 2906 et
2119 2850 2226 2905 fide
2249 2866 2386 2905 ven-

387 2943 497 2999 turi
520 2932 888 3009 decesserant,
922 2941 1063 2997 sicut
1108 2939 1403 3008 Abraham,
1428 2940 1600 3005 Isaac,
1631 2938 1819 3007 Jacob,
1850 2940 2083 3013 MoyseS‚
2113 2938 2307 3005 David,
2331 2944 2386 2995 et

321 3102 324 3105 Ι
387 3029 480 3087 alii
516 3029 651 3104 justi
692 3035 750 3085 et
788 3028 1017 3101 perfecti
1056 3029 1180 3085 viri.
1225 3030 1291 3085 Et
1330 3028 1460 3101 quia
1491 3027 1742 3084 Christus
1781 3042 1912 3083 suos
1963 3027 2284 3084 visitaverat
2331 3028 2385 3082 in

388 3119 609 3185 mundo,
637 3108 699 3175 et'
720 3118 801 3175 eis
828 3118 1155 3175 subvenerat
1179 3134 1275 3192 per
1300 3125 1530 3174 mortem
1559 3132 1737 3184 suam,
1754 3116 1930 3172 voluit
1956 3116 2123 3172 etiam
2163 3114 2387 3173 visitare

388 3223 516 3265 suos
542 3207 634 3280 qui
668 3215 825 3263 erant
853 3208 910 3271 in
946 3206 1175 3278 inferno,
1208 3214 1264 3263 et
1308 3206 1600 3263 subvenire
1641 3206 1738 3261 eis'
1759 3204 2140 3262 descendendo
2173 3204 2240 3261 ad
2271 3220 2382 3261 eos,

387 3295 703 3352 Ecclesiast.
735 3310 883 3353 xxiv
906 3312 923 3352 t
954 3295 1246 3352 Parieti-abo
1270 3312 1446 3352 omnes
1471 3294 1759 3366 inferiores
1779 3299 1962 3366 partes
1991 3300 2174 3360 terroe,
2199 3300 2252 3349 et
2272 3286 2388 3347 in's·

381 3384 582 3457 pisiam
608 3400 783 3441 omnes
810 3384 1131 3441 dormientes
1147 3391 1197 3441 et
1225 3384 1538 3442 illuminabo
1555 3399 1732 3439 omnes
1752 3388 2025 3463 sperantes
2047 3380 2108 3437 in
2135 3379 2384 3437 Domino.

388 3473 571 3530 Tertia
603 3489 735 3530 vero
765 3474 905 3529 ratio
948 3480 1032 3529 est
1074 3480 1133 3530 ut
1174 3473 1416 3545 perfecte
1457 3472 1527 3530 de
1564 3472 1784 3529 diabolo
1826 3470 2207 3543 triumpharet.
2236 3470 2390 3526 Tunc

387 3562 533 3618 enim
557 3561 797 3636 perfecte
820 3562 1121 3634 triumphat
1140 3561 1341 3634 aliquis
1354 3562 1424 3617 de
1451 3561 1656 3641 aliquo,
1688 3561 1907 3635 quando
1931 3576 2035 3616 non
2059 3558 2232 3615 solum
2259 3559 2387 3616 vin-

388 3652 465 3707 cit
492 3668 615 3707 eum
644 3654 701 3707 in
730 3662 943 3724 campo,
974 3651 1069 3707 sed
1096 3643 1262 3707 etiam
1292 3650 1501 3707 invadit
1525 3666 1648 3706 eum
1693 3666 1868 3723 usque
1909 3649 1964 3704 in
2010 3647 2229 3703 domum
2256 3664 2386 3720 pro·

387 3742 581 3814 priam,
614 3750 669 3796 et
690 3740 865 3797 aufert
892 3742 939 3795 ei
970 3740 1157 3797 sedem
1191 3740 1343 3811 regni
1372 3747 1431 3795 et
1462 3740 1682 3795 domum
1707 3754 1882 3795 suam.
1913 3737 2161 3794 Christus
2200 3744 2388 3793 autem

388 3830 821 3903 triumphaverat
848 3836 1037 3885 contra
1074 3828 1371 3896 diabolum,
1398 3834 1455 3883 et
1483 3829 1539 3905 in
1584 3844 1746 3885 cruce
1791 3829 2002 3903 vicerat
2043 3843 2212 3883 eum:
2244 3826 2388 3881 unde

388 3920 469 3976 ait
508 3920 665 3975 Joan.
708 3935 795 3976 xii
827 3937 841 3976 ε
871 3920 1033 3979 Nunc
1068 3917 1339 3992 ffudicium
1378 3922 1456 3997 est
1493 3916 1704 3983 mundi,
1747 3934 1890 3973 nunc
1929 3915 2180 3989 princeps
2226 3914 2387 3987 hujus

387 4006 599 4073 mundi,
618 4007 829 4064 scilicet
850 4007 1118 4076 diabolu3‚
1146 4005 1393 4081 ejicietur
1408 4006 1582 4081 foras.
1602 4006 1671 4063 Et
1693 4005 1817 4064 ideo
1841 4011 1902 4063 ut
1925 4004 2162 4079 perfecte
2188 4003 2389 4060 trium-
