2850 4517
832 357 877 404 1.
910 374 989 393 -·-
1017 359 1421 409 cournnnruu
1473 363 1835 415 rnnonoous
2225 354 2347 417 135

325 469 670 531 derivaretur
691 472 749 531 in
778 482 1050 547 posteros,
1076 484 1295 537 remota
1322 485 1510 537 autem
1536 496 1724 549 causa,
1753 488 2068 543 removetur
2089 486 2342 554 effectus,

324 575 667 636 consequens
710 560 815 618 fuit
851 570 914 620 ut
959 564 1138 638 primo
1177 564 1397 637 homine
1434 569 1700 642 praedicto
1741 570 1885 629 bono
1925 588 2022 646 per
2059 574 2344 648 proprium

323 658 615 725 peccatum
649 652 888 725 privato,
927 667 1119 711 omnes
1162 657 1369 728 posteri
1404 656 1780 730 privarentur,
1813 668 1870 717 et
1909 661 1990 719 sic
2027 662 2099 719 de
2135 669 2343 721 caetero

324 739 539 799 scilicet
582 748 709 813 post
760 747 1051 815 peccatum
1096 742 1257 815 primi
1304 747 1553 819 parentis
1591 762 1783 805 omnes
1835 748 2042 823 absque
2086 752 2344 825 originali

317 829 556 906 justitia,
584 835 643 886 et
663 845 790 889 cum
816 830 1125 905 defectibus
1151 836 1614 909 consequentibus
1637 846 1760 895 sunt
1793 840 1992 895 exorti.
2021 841 2212 914 Neque
2237 840 2346 898 hoc

324 926 409 980 est
441 927 635 976 contra
678 920 927 978 ordinem
958 922 1211 993 justitiae‚
1256 924 1415 997 quasi
1457 926 1574 981 Deo
1613 926 1876 999 puniente
1921 928 1978 985 in
2021 929 2152 987 filiis
2194 930 2344 1003 quod

322 1010 535 1082 primus
560 1024 761 1082 parens
799 1009 1031 1085 deliquit
1058 1028 1073 1067 z
1100 1012 1231 1087 quia
1270 1013 1378 1071 ista
1400 1029 1564 1088 poena
1602 1030 1710 1071 non
1752 1021 1837 1072 est
1874 1015 1979 1075 nisi
2003 1015 2344 1075 substractio

319 1205 421 1263 per
463 1188 645 1262 ipsum
687 1189 741 1245 in
780 1188 919 1251 alios
960 1190 1259 1249 derivanda
1304 1210 1318 1247 ε
1355 1193 1500 1251 unde
1531 1194 1656 1251 aliis
1688 1210 1794 1253 non
1835 1195 2198 1264 debebantur,
2232 1198 2344 1255 nisi

319 1286 597 1351 quatenus
619 1293 717 1352 per
753 1278 991 1351 primum
1021 1288 1302 1353 parentem
1332 1282 1387 1338 in
1424 1298 1520 1339 eos
1556 1290 1714 1340 erant
1759 1284 2079 1341 transitura.
2106 1286 2261 1343 Sicut
2291 1285 2340 1342 si

319 1383 418 1423 rex
440 1367 537 1423 det
560 1366 783 1425 seudum
808 1368 969 1426 militi
1000 1370 1361 1429 transiturum
1385 1388 1482 1444 per
1506 1373 1686 1446 ipsum
1716 1372 1785 1429 ad
1809 1372 2076 1442 haeredeS,
2107 1374 2154 1429 si
2181 1372 2340 1430 miles

317 1461 515 1512 contra
556 1471 741 1528 regem
789 1466 1000 1531 peccat,
1036 1464 1095 1514 ut
1140 1459 1365 1516 feudum
1394 1467 1671 1518 mereatur
1719 1462 1992 1531 amittere,
2021 1476 2128 1519 non
2155 1470 2340 1537 potest

317 1544 671 1618 postmodum
720 1545 791 1603 ad
846 1548 965 1619 ejus
1015 1547 1263 1605 haeredes
1302 1548 1562 1607 devenire
1608 1569 1622 1608 ε
1676 1550 1822 1607 unde
1857 1552 2009 1624 juste
2049 1542 2338 1624 privantur

314 1634 525 1711 posteri
555 1649 652 1707 per
678 1634 895 1710 culpam
921 1638 1187 1709 parentis.

1004 1804 1289 1875 CAPUT
1362 1807 1627 1875 CXCVI
1635 1858 1651 1877 .

364 1943 599 2010 Utrum
624 1941 887 2021 des'eotue
914 1942 1241 2095 oriyinaiis
1254 1942 1528 2096 ,iu-5522
1553 1944 1765 2009 habeat
1790 1946 2084 2011 rationem
2107 1947 2300 2031 σαίρω

1189 2049 1231 2094 n
1257 2048 1373 2114 pos
1529 2078 1544 2095 .

387 2164 497 2223 Sed
528 2171 773 2221 remanet
812 2164 1047 2237 quaestio
1071 2166 1245 2237 magis
1287 2179 1510 2237 urgens,
1555 2170 1740 2224 utrum
1782 2164 2034 2224 defectus
2058 2166 2342 2238 originalis

311 2254 549 2328 justitiae
576 2255 631 2309 in
656 2254 760 2323 hie,
794 2254 980 2328 quiex
1017 2254 1194 2328 primo
1224 2262 1452 2329 parente
1480 2255 1820 2329 prodierunt,
1861 2255 2130 2315 rationem
2160 2255 2340 2329 culpas

318 2343 495 2418 possit
532 2342 751 2401 habere.
792 2343 910 2399 Hoc
949 2344 1095 2399 enim
1137 2344 1205 2401 ad
1246 2344 1518 2403 rationem
1560 2344 1736 2419 culpae
1779 2344 2054 2419 pertinere
2088 2345 2336 2415 videtur,

317 2432 465 2491 sicut
489 2446 653 2505 supra
686 2431 895 2488 dictum
934 2440 1038 2502 est,
1082 2440 1143 2491 ut
1176 2432 1380 2491 malum
1407 2434 1556 2508 quod
1598 2434 1870 2509 culpabile
1913 2434 2137 2502 dicitur,
2164 2435 2240 2493 ait
2279 2434 2338 2493 in

321 2526 595 2595 potestate
618 2522 737 2593 ejus
770 2521 860 2577 cui
896 2522 1199 2595 imputatur
1223 2524 1279 2579 in
1307 2523 1550 2597 culpam.
1579 2522 1772 2583 Nullus
1799 2524 1946 2583 enim
1981 2523 2336 2598 culpatur.de

319 2627 407 2679 eo,
438 2610 587 2687 quod
630 2626 737 2667 non
780 2618 866 2669 est
908 2610 961 2666 in
1006 2626 1072 2666 eo
1110 2611 1311 2679 facere,
1347 2612 1582 2670 vel-non
1620 2612 1824 2671 facere.
1866 2614 1990 2670 Non
2017 2618 2104 2671 est
2145 2617 2338 2670 autem

320 2702 375 2759 in
407 2706 682 2775 potestate
706 2699 938 2772 ejusqui
967 2700 1229 2769 nascitur,
1262 2705 1324 2756 ut
1360 2716 1486 2757 cum
1527 2701 1780 2772 originali
1803 2701 2022 2773 justitia
2049 2707 2331 2771 nascatur,

319 2790 407 2849 vel
448 2790 567 2845 sine
601 2804 668 2845 ea
709 2806 721 2843 :
769 2788 911 2845 unde
949 2788 1168 2844 videtur
1198 2788 1347 2859 quod
1394 2787 1523 2843 talis
1559 2788 1807 2844 defectus
1848 2790 2119 2846 rationem
2152 2787 2333 2861 culpae

322 2878 523 2935 habere
552 2892 658 2933 non
686 2878 877 2950 possit.
903 2875 1011 2947 Sed
1055 2874 1171 2931 haec
1197 2873 1434 2946 quaestio
1474 2873 1545 2928 de
1567 2873 1715 2931 facili
1756 2873 2009 2941 solvitur,
2039 2875 2086 2929 si
2129 2874 2333 2930 distin-

322 2973 541 3041 guatur,
566 2967 709 3021 inter
748 2979 1058 3040 personam,
1091 2969 1147 3019 et
1174 2967 1448 3019 naturam.
1491 2960 1646 3019 Sicut
1690 2961 1835 3019 enim
1862 2962 1918 3017 in
1960 2977 2068 3023 una
2098 2976 2330 3035 persona

324 3056 493 3114 multa
529 3061 655 3113 sunt
682 3055 945 3122 membra,
974 3054 1053 3110 ita
1079 3052 1131 3109 in
1161 3066 1269 3109 una
1314 3052 1552 3108 humana
1600 3056 1796 3107 natura
1823 3049 2011 3107 multae
2036 3056 2163 3108 sunt
2201 3067 2332 3124 per-

323 3162 488 3215 sonae,
523 3152 583 3201 ut
612 3145 1031 3219 participatione
1062 3142 1265 3221 speciei
1299 3140 1457 3198 multi
1492 3140 1739 3197 homines
1773 3139 2148 3213 intelligantur
2172 3142 2332 3215 quasi

325 3251 473 3301 unus
486 3235 676 3302 homa,
697 3240 759 3291 ut
791 3230 1125 3312 Porphyrius
1160 3231 1323 3289 dicit.
1350 3231 1459 3288 Est
1485 3239 1670 3288 autem
1708 3229 1811 3286 hoc
1843 3230 2240 3289 advertendum
2272 3231 2331 3290 in

327 3322 552 3393 peccato
587 3315 776 3371 unius
787 3304 1038 3388 inmunis,
1084 3304 1229 3385 quod
1268 3311 1502 3368 diversis
1545 3310 1805 3367 membris
1845 3311 2064 3369 diversa
2106 3321 2334 3387 peccata

330 3414 667 3475 exercentur,
696 3419 819 3463 nec
834 3402 1133 3477 requiritur
1166 3402 1233 3459 ad
1274 3400 1544 3458 rationem
1573 3400 1750 3474 culpoe
1779 3399 1924 3474 quod
1949 3399 2166 3472 singula
2199 3418 2333 3477 pec-

331 3506 449 3557 cata
476 3501 601 3567 sint,
618 3496 925 3566 voluntaria
956 3492 1236 3550 voluntate
1262 3490 1629 3547 membrorum
1645 3490 1842 3562 quibus
1868 3496 2213 3559 exercentur,
2237 3492 2334 3549 sed

333 3562 609 3647 voluntate
636 3589 759 3663 ejus
783 3586 929 3661 quod
955 3588 1040 3643 est
1079 3583 1133 3639 in
1168 3581 1387 3637 homine
1410 3578 1710 3653 principale
1733 3578 1945 3637 scilicet
1980 3578 2336 3638 intellectivae

334 3682 518 3752 partis,
550 3676 847 3745 Nonenim
895 3680 1075 3749 potest
1117 3686 1311 3737 manus
1334 3684 1448 3755 non
1471 3676 1775 3743 percutere,
1807 3674 1905 3727 aut
1927 3683 2028 3741 pes
2061 3683 2172 3727 non
2211 3684 2335 3725 am-

334 3769 516 3827 bulare
540 3768 825 3825 voluntate
845 3764 1093 3838 jubente.
1132 3762 1233 3817 Per
1255 3759 1399 3816 hunc
1427 3758 1596 3831 igitur
1625 3760 1850 3816 modum
1876 3757 2126 3816 defectus
2161 3759 2352 3832 origi--

333 3859 469 3919 nalis
511 3858 747 3932 justitiae
788 3862 873 3911 est
921 3860 1211 3928 peccatum
1254 3855 1488 3917 naturae,
1534 3847 1592 3903 in
1627 3856 1894 3921 quantum
1938 3846 2224 3905 derivatur
2267 3864 2336 3907 ex

334 3947 638 4012 inordinata
666 3946 949 4007 voluntate
992 3939 1153 4017 primi
1196 3936 1472 4014 principii,
1512 3936 1576 4003 in,
1610 3945 1808 4003 natura
1847 3936 2085 3995 humana
2123 3936 2334 3997 scilicet
