2850 4517
642 386 763 432 v11.·
781 390 859 417 ιε-
888 388 965 431 me
1010 386 1311 435 srmeom·
1342 385 1784 435 aros-rotonum
2078 351 2220 437 '403

212 520 313 560 non
356 518 479 561 esse
516 503 761 576 ejusdem
805 503 1130 560 substantiae
1176 520 1300 564 cum
1339 502 1518 573 Pat're,
1562 502 1784 562 additur
1817 500 2157 581 in'Symbolb
2183 502 2214 564 ‘i

212 592 721 650 Gonmbetanttalem
754 592 938 651 Patri.
972 594 1131 651 Patet
1157 610 1287 666 ergo
1328 594 1476 667 quod
1505 595 1730 652 credere
1757 595 2036 665 debemuS,
2070 597 2220 670 quod

210 681 454 739 Christus
486 682 802 753 unigenitus
845 682 947 738 Dei
976 690 1081 749 est,
1124 689 1181 738 et
1208 699 1337 740 vere
1362 681 1534 740 Filius
1561 682 1682 754 Dei,
1729 691 1783 742 et
1813 684 1960 757 quod
2002 680 2217 758 semper

212 770 371 828 fuerit
406 786 533 829 cum
572 772 756 837 Patre,
786 777 844 826 et
886 771 1032 844 quod
1075 771 1187 829 alia
1227 779 1310 827 est
1348 778 1580 844 persona
1619 772 1760 841 Filii,
1793 768 1908 831 alia'
1929 768 2126 842 PatriS,
2162 767 2220 832 et

210 859 355 934 quod
398 860 559 917 unius
602 866 687 915 est
736 864 951 918 riaturae
994 875 1121 915 cum
1161 860 1343 917 Patre.
1383 862 1490 918 Sed
1533 860 1639 918 hoc
1667 858 2220 937 'eredimuszhieper

211 948 391 1019 fidem,
416 962 809 1020 cognoscemus
834 955 1021 1005 autem
1044 946 1097 1004 in
1120 948 1467 1007 vita‘aeterna
1490 964 1586 1023 per
1605 949 1901 1023 perfectam
1927 946 2220 1019 visionem,

212 1042 267 1093 et
292 1036 415 1093 ideo
448 1037 519 1093 ad
548 1036 979 1094 consolationem
1010 1043 1251 1095 nostram
1276 1038 1524 1095 dicemus
1551 1038 1760 1112 aliquid
1789 1032 1861 1097 de
1887 1038 1992 1097 bis.
2019 1040 2222 1098 Solen-⁶·

212 1125 340 1191 dum
378 1126 463 1183 est
492 1126 679 1198 igitur,
720 1126 868 1200 quod
898 1127 1114 1183 diversa
1143 1127 1419 1184 diversum
1447 1128 1669 1185 modum
1705 1129 2094 1200 generat-ionis*
2114 1130 2222 1185 hu·-³

211 1216 358 1271 bent.
383 1216 680 1275 Gener-atio
704 1222 888 1273 autem
907 1217 1003 1272 Dei
1030 1216 1133 1273 alia
1150 1223 1237 1272 est
1260 1233 1427 1289 qnam
1447 1213 1730 1287 generatio
1750 1216 1981 1274 aliarum
2001 1231 2216 1287 rerum3

211 1304 353 1361 unde
376 1317 483 1362 non
515 1309 805 1379 possumus
840 1302 1112 1377 attingere
1154 1306 1222 1361 ad
1251 1306 1663 1377 generationem
1699 1306 1818 1375 Dei,
1850 1306 1958 1362 nisi
1993 1324 2092 1380 per
2117 1301 2220 1378 ge-

210 1393 547 1451 nerationem
570 1395 707 1467 eju8‚
732 1394 917 1467 quod
904 1411 959 1449 m
984 1394 1253 1451 creaturis
1276 1394 1453 1465 magis
1475 1390 1690 1452 accedit
1713 1394 1780 1450 ed
1806 1387 2224 1451 similitudinem

212 1482 330 1546 Dei.
360 1482 506 1539 Nihil
536 1491 621 1540 est
645 1486 831 1540 autem
863 1484 975 1539 Deo
1006 1483 1082 1539 ita
1106 1483 1303 1551 simile,
1332 1482 1478 1539 sicut
1515 1484 1698 1541 anima
1721 1482 1976 1551 hominiS,
2010 1490 2070 1540 ut
2096 1484 2222 1539 dic-

213 1577 330 1627 tum
373 1578 478 1627 est.
526 1572 717 1628 Modus
760 1561 944 1629 ‘autern
992 1572 1362 1645 generationis
1410 1572 1470 1627 in
1513 1566 1694 1628 anima
1737 1579 1838 1640 est,
1880 1572 2009 1645 quia
2055 1572 2217 1629 homo
2309 1612 2316 1617 -

212 1659 417 1730 cogitat
450 1676 545 1733 per
586 1661 825 1717 animam
852 1675 1009 1728 suam
1046 1660 1275 1733 aliquid,
1308 1657 1455 1733 quod
1482 1661 1712 1718 vocatur
1739 1662 2023 1733 conceptio
2053 1660 2219 1717 intel-

214 1747 386 1805 lectus
426 1765 440 1804 ι
479 1757 535 1806 et
561 1748 869 1822 hujusmodi
908 1750 1193 1821 conceptio
1231 1749 1406 1805 oritur
1434 1764 1501 1805 ex
1535 1749 1715 1805 anima
1740 1749 1887 1805 sicut
1925 1766 1994 1805 ex
2036 1751 2214 1816 Patre,

211 1845 269 1895 et
296 1845 525 1895 vocatur
558 1838 793 1895 Verbum
827 1838 1155 1907 intellectus,
1196 1840 1316 1895 sive
1341 1836 1596 1894 bominis.
1637 1838 1832 1895 Anima
1860 1829 2036 1910 'igitur
2063 1840 2222 1910 cogi-

215 1928 378 1983 tando
397 1934 623 1999 generat
642 1928 865 1983 verbum
886 1943 1045 1985 suum
1076 1946 1087 1983 :
1112 1928 1195 1983 sic
1216 1934 1272 1983 et
1295 1925 1464 1982 Filius
1488 1927 1582 1983 Dei
1609 1924 1740 1981 nihil
1765 1934 1850 1983 est
1883 1927 2031 1983 aliud
2052 1917 2219 1999 quam

214 2015 451 2072 Verbum
496 2016 612 2083 Dei,
662 2030 767 2071 non
815 2017 959 2073 sicut
1007 2016 1234 2071 verbum
1278 2014 1520 2071 exterius
1566 2013 1855 2087 prolatum,
1907 2015 2037 2087 quia
2083 2015 2226 2071 illud'

214 2104 427 2171 transit,
472 2105 571 2160 sed
610 2106 751 2161 sic-ut
792 2104 1021 2162 verbum
1062 2104 1293 2159 interius
1334 2104 1657 2175 conceptum
1711 2120 1724 2157 τ
1769 2110 1826 2157 et
1869 2102 2014 2159 ideo‘
2042 2104 2218 2175 ipsum

214 2193 451 2249 Verbum
497 2194 593 2249 Dei
642 2200 725 2249 est
768 2194 930 2250 unius
958 2200 1169 2249 naturae
1196 2206 1323 2248 cum
1366 2191 1498 2259 Deo,
1545 2199 1600 2247 et
1646 2192 1857 2265 aequale
1885 2194 2020 2249 Deo.
2063 2184 2226 2251 Unde

177 2339 186 2348 ,
212 2290 267 2340 et
292 2282 489 2343 beatus
514 2283 749 2338 loannes
781 2283 849 2338 de
879 2281 1057 2339 Verbo
1099 2282 1195 2338 Dei
1236 2280 1482 2354 loquenS,
1518 2288 1627 2337 tres
1646 2280 1899 2340 'haereses
1926 2270 2215 2339 destruxit.

214 2370 413 2437 Primo,
459 2371 708 2427 haeresim
739 2371 971 2437 Photini,
1006 2386 1133 2444 quae
1162 2376 1310 2426 tacta
1350 2376 1438 2425 est
1461 2362 1586 2425 cum
1625 2368 1761 2425 dicit
1805 2385 1818 2423 ι
1850 2367 1918 2424 In
1945 2360 2224 2440 principie

212 2466 331 2517 erat
361 2459 587 2530 Verbum
612 2478 630 2518 .·
656 2461 915 2528 secundo,
944 2458 1342 2528 Sabellii,.cum
1367 2457 1504 2514 dicit
1532 2474 1546 2513 ε
1572 2452 1650 2515 'Et
1683 2456 1908 2515 Verbum
1935 2464 2053 2513 erat
2076 2456 2228 2528 apud

212 2550 387 2605 Deum
422 2564 441 2604 .·
483 2550 666 2615 tertie,
699 2548 834 2615 Arii,
867 2565 990 2603 cum
1021 2548 1203 2604 dicit-z
1249 2549 1326 2604 Et
1352 2548 1494 2603 Deus
1529 2553 1652 2611 erat
1694 2540 1942 2604 Verbum.
1980 2546 2225 2601 Verbum

213 2645 399 2695 autem
422 2634 585 2693 aliter
615 2642 699 2688 est
726 2634 782 2687 in
809 2633 985 2696 nobis,
1021 2642 1080 2688 et
1108 2634 1270 2689 aliter
1293 2634 1348 2686 in
1374 2634 1509 2687 Deo.
1537 2632 1598 2686 ln
1631 2631 1788 2687 nobis
1812 2632 1957 2685 enim
1980 2630 2217 2694 Verbum

211 2732 461 2781 nostrum
499 2727 583 2777 est
610 2720 880 2786 accidenS,
914 2720 1008 2775 sed
1034 2720 1089 2775 in
1116 2722 1227 2775 1)οο
1253 2718 1497 2775 Verbum
1518 2716 1616 2774 Dei
1641 2727 1724 2773 est
1757 2718 1900 2781 idem
1928 2717 2074 2789 quod
2104 2712 2220 2789 ipse

212 2815 363 2870 Deus
385 2828 511 2869 cum
536 2808 666 2866 nibil
692 2810 765 2865 sit
789 2809 841 2863 in
862 2809 995 2875 Dec,
1020 2807 1165 2880 quod
1192 2822 1295 2863 non
1326 2805 1398 2861 sit
1418 2805 1656 2861 essentia
1683 2806 1799 2860 Dei.
1821 2804 2012 2861 Nullus
2036 2812 2221 2861 autem
2287 2794 2292 2799 ⁴

212 2909 399 2976 potest
432 2902 635 2966 dicere,
676 2898 823 2972 quod
863 2898 1015 2952 Deus
1050 2910 1155 2952 non
1196 2894 1395 2951 babeat
1425 2894 1679 2961 Verbum,
1713 2894 1843 2968 quia
1881 2894 2224 2963 contingeret

210 2993 393 3047 Deum
420 3004 537 3045 esse
566 2987 1121 3061 insipientissimum·
1152 2992 1209 3040 et
1241 2984 1364 3040 ideo
1388 2980 1532 3039 sicut
1561 2982 1663 3038 suit
1691 2995 1932 3055 semper
1927 2982 2102 3048 Deus,
2144 2982 2224 3037 ita

210 3082 269 3136 et
316 3079 556 3135 Verbum
598 3079 736 3151 ejus.
780 3077 935 3134 Sicut
982 3081 1167 3132 autem
1208 3072 1405 3131 artifex
1433 3071 1562 3129 facit
1609 3071 1790 3127 omnia
1832 3078 1928 3142 per
1968 3070 2218 3138 formam,

210 3176 383 3241 quam
415 3166 790 3239 praecogitavit
826 3164 882 3221 in
920 3164 1085 3222 corde
1121 3179 1240 3231 suo,
1281 3163 1425 3236 quod
1461 3169 1546 3217 est
1573 3159 1810 3217 Verbum
1837 3161 1955 3231 ejus
1999 3174 2014 3213 ι
2059 3159 2144 3215 ita
2166 3146 2224 3214 et

210 3260 365 3314 Deus
406 3256 586 3312 omnia
624 3254 757 3312 facit
801 3254 1049 3309 Verbos
1024 3270 1143 3317 s,uo
1184 3253 1327 3309 sicut
1367 3268 1465 3325 per
1493 3256 1668 3307 artem
1713 3262 1888 3305 suam.
1936 3249 2090 3304 Joan.

211 3346 413 3405 Omnia
448 3362 553 3419 per.
577 3346 750 3418 ipsum
778 3344 925 3416 facta
956 3343 1190 3398 suita-Si
1220 3357 1351 3413 ergo
1394 3339 1632 3397 Verbum
1659 3337 1758 3393 Dei
1784 3344 1868 3393 est
1904 3336 2072 3391 Filius
2099 3334 2221 3403 Dei,

209 3444 270 3494 et
302 3434 491 3493 omnia
521 3436 617 3491 Dei
658 3433 833 3490 Verba
862 3437 991 3487 sunt
1022 3430 1329 3487 similitudo
1358 3429 1612 3502 quaedam
1655 3426 1814 3483 istius
1839 3421 2022 3491 Verbi,
2047 3422 2226 3478 debe-

208 3540 345 3583 mus
375 3526 548 3599 primo
576 3524 805 3579 libenter
834 3521 1025 3577 audire
1051 3519 1229 3575 Verba
1258 3518 1375 3573 Dei.
1404 3519 1518 3573 Hoc
1550 3526 1634 3573 est
1661 3516 1806 3592 enim
1829 3516 2044 3586 signum
2077 3512 2223 3585 quod

207 3617 515 3688 diligamus
545 3614 749 3678 Deum,
779 3612 827 3665 si
859 3608 1038 3665 Verba
1076 3606 1221 3662 illius
1257 3606 1490 3691 libenter
1527 3584 1798 3662 audimus.
1839 3600 2093 3659 Secundo
2123 3598 2226 3655 de-

208 3707 415 3763 bemus
447 3699 669 3757 credere
715 3698 907 3756 Verbis
942 3697 1059 3764 Dei,
1106 3698 1235 3770 quia
1264 3712 1350 3750 ex
1366 3694 1480 3749 hoc
1507 3692 1742 3750 Verbum
1779 3691 1878 3747 Dei
1917 3690 2130 3746 habitat
2168 3690 2225 3743 in

208 3791 411 3856 no‘biS,
405 3790 498 3844 id
527 3797 629 3857 est,
674 3786 831 3844 Chris
835 3792 925 3841 tus
946 3784 1044 3857 qui
1075 3791 1159 3839 est
1202 3773 1438 3843 Verbum
1482 3778 1602 3835 Dei.
1650 3778 1878 3851 A'post0.
1908 3776 2043 3851 pr.
2094 3788 2161 3831 ιιι
2208 3790 2226 3828 ι

208 3878 489 3939 Habitare
511 3878 785 3935 Christum
804 3892 907 3948 per
928 3872 1128 3946 fidem
1106 3889 1165 3928 ιιι
1193 3888 1282 3926 cor
1284 3870 1440 3927 dibus
1459 3866 1669 3926 vestris.
1697 3869 1855 3926 Joan.
1887 3880 1964 3923 vt
1999 3854 2225 3925 Vei-bunt

208 3969 329 4031 Dei
365 3981 473 4031 iton
514 3966 713 4033 habetis
754 3964 834 4031 in
848 3963 996 4032 vobis
1023 3950 1257 4030 manens
1296 3959 1501 4033 Tertio,
1535 3964 1759 4050 opertet
1781 3955 1952 4032 quod
1984 3942 2226 4037 Verbum
