2850 4517
1046 357 1108 403 v.
1140 377 1217 389 -—
1246 361 1322 405 nn
1366 362 1684 409 sanctius
1726 362 1889 409 tunm
2349 348 2468 411 365

464 472 675 528 habere.
711 474 907 529 Sextus
936 488 1089 529 error
1117 482 1199 530 est
1228 477 1490 545 Corinthi,
1524 479 1617 552 qui
1659 478 1807 535 mille
1836 494 2007 536 annos
2037 487 2158 553 post
2189 497 2468 537 resurrec-

466 563 671 619 tionem
717 562 773 618 in
824 568 1042 620 terreno
1092 580 1258 635 regno
1304 565 1580 622 fabulatur
1627 568 1858 636 futuros,
1891 567 1946 623 in
1991 569 2190 641 quibus
2221 570 2465 626 homines

462 650 713 707 carnales
750 652 958 707 ventris
1000 668 1067 709 ac
1101 652 1343 710 libidinis
1384 655 1694 728 voluptates
1741 656 2038 725 habebunt,
2067 665 2259 715 contra
2303 675 2464 732 quem

462 740 683 807 dicitur,
704 740 861 796 Matt.
890 754 975 796 xx
1001 758 1014 794 ε
1045 741 1115 797 In
1140 743 1526 800 resurrectione
1549 758 1712 817 neque
1735 750 1948 811 nubent,
1983 760 2145 817 neque
2169 746 2459 803 nubentur.

462 829 697 899 Quidam
723 828 980 885 dixerunt
1006 830 1192 897 etiam,
1222 832 1365 903 quod
1398 841 1520 905 post
1562 833 2016 891 resurrectionem
2045 842 2382 891 mortuorum
2407 837 2462 892 in

462 919 653 975 eodem
678 924 827 975 statu
856 916 911 973 in
950 933 1059 991 quo
1083 934 1228 975 nunc
1250 925 1352 987 est,
1379 922 1614 979 mundus
1641 922 1904 993 manebit,
1936 932 2126 981 contra
2155 940 2296 997 quos
2321 924 2464 980 dioi-

463 1015 569 1075 tur,
598 1012 768 1080 Apoc.
814 1022 919 1063 xxl
950 1022 963 1061 τ
1005 1006 1129 1063 Vidi
1154 1009 1337 1065 eoelum
1364 1026 1578 1076 novum,
1600 1018 1650 1067 et
1691 1018 1895 1070 terram
1924 1006 2132 1069 novam'.
2163 1014 2232 1069 Et
2264 1018 2459 1083 Apost.

460 1098 614 1163 dicit,
637 1098 796 1152 Rom.
829 1112 957 1162 vm,
974 1095 1113 1168 quod
1140 1097 1257 1169 ipsa
1277 1106 1532 1155 creatura
1553 1099 1876 1158 liberabitur
1901 1120 1934 1157 a
1963 1103 2221 1161 servitute
2247 1119 2464 1176 corrup-

460 1185 622 1243 tionis
648 1187 708 1243 in
732 1184 975 1241 libertate
998 1184 1183 1256 ploriae
1209 1186 1450 1257 filiorum
1485 1186 1606 1244 Dei.
1638 1188 1706 1245 Et
1745 1197 1937 1248 contra
1965 1206 2152 1249 omnes
2181 1193 2280 1248 hos
2305 1203 2486 1248 erro·-¹

460 1292 547 1332 res
574 1274 812 1331 dicitur.
844 1273 1043 1329 Carnis
1076 1274 1564 1335 resurrectionem·
1593 1283 1650 1334 et
1680 1279 1736 1334 in
1768 1278 1875 1337 alio
1899 1280 2156 1354 Symbolo
2179 1280 2460 1353 ·“Ε.τρεστο

461 1362 894 1421 resurrectionem
923 1368 1282 1420 mortuorum.

527 1438 723 1511 Sextus
766 1451 1047 1510 articulus
1066 1454 1303 1525 pertinet
1332 1448 1401 1511 ad
1441 1454 1694 1513 ultimum
1727 1457 1983 1515 effectum
2011 1458 2336 1528 divinitatiS,
2365 1460 2459 1532 qui

457 1551 540 1600 cst
593 1542 959 1598 remuneratio
1005 1541 1287 1610 bonorum,
1344 1549 1399 1600 et
1452 1544 1664 1617 punitio
1714 1546 2000 1613 malorum,
2055 1549 2357 1604 secundum
2404 1548 2458 1604 in

458 1631 655 1687 Psalm.
680 1646 820 1686 1211:
863 1630 943 1686 Tu
984 1628 1169 1685 reddes
1195 1629 1482 1702 unicuique
1501 1633 1666 1703 juxta
1693 1650 1855 1705 opera
1883 1651 1998 1690 sua.
2028 1636 2096 1691 Et
2139 1637 2284 1693 circa
2314 1636 2458 1693 hunc

456 1721 623 1777 etiam
646 1718 865 1775 fuerunt
894 1718 1050 1775 multi
1080 1734 1311 1787 erroreS,
1340 1735 1569 1793 quorum
1597 1721 1805 1791 primus
1841 1732 1934 1823 est·
1959 1724 2275 1792 dicentium,
2310 1726 2452 1797 quod

454 1809 637 1865 anima
678 1808 909 1865 moritur
936 1824 1063 1865 cum
1100 1823 1329 1880 corpore
1374 1808 1519 1864 sicut
1564 1809 1740 1865 Arabs
1767 1811 1983 1880 asserit,
2016 1812 2100 1867 vel
2133 1813 2300 1869 etiam
2334 1822 2457 1885 post

454 1898 729 1955 modicum
770 1897 1137 1964 intervallum,
1174 1897 1327 1963 sicut
1368 1899 1510 1955 Zeno
1557 1897 1716 1966 dixit,
1749 1904 1810 1955 ut
1849 1901 2116 1957 recitatur
2161 1902 2216 1955 in
2258 1901 2355 1957 lib.
2385 1903 2454 1959 de

454 1986 841 2043 ecclesiasticis
887 1984 1252 2057 dogmatibuS‚
1292 1994 1483 2042 contra
1529 1987 1672 2058 quod
1717 1992 1802 2043 est
1851 1987 1998 2061 quod
2049 1991 2240 2062 Apost.
2295 1990 2449 2058 dicit,

455 2075 648 2147 Philip.
696 2091 717 2131 1
768 2091 782 2131 z
823 2073 1163 2130 Desidet-ium
1196 2072 1387 2130 habens
1433 2074 1670 2141 dissolvi,
1712 2082 1764 2131 et
1800 2091 1904 2131 esse
1944 2092 2061 2132 eum
2102 2076 2332 2134 Christo.
2382 2080 2451 2135 Et

452 2169 621 2238 Apoc.
654 2180 715 2221 vl
748 2180 761 2219 τ
806 2162 931 2222 Vidi
970 2162 1151 2219 subtus
1188 2164 1361 2219 attare
1402 2163 1507 2219 Dei
1535 2164 1746 2220 uiuimus
1779 2163 2186 2237 interfectorum
2225 2172 2450 2239 propter

452 2255 665 2311 verbum
696 2252 815 2309 Dei.
852 2253 1133 2309 Secundus
1162 2266 1313 2308 error
1340 2258 1424 2309 est
1466 2252 1736 2323 Origenis,
1767 2254 1858 2325 qui
1900 2254 2081 2326 posuit
2121 2254 2366 2311 homines
2391 2260 2450 2313 et

451 2343 727 2401 daemones
770 2342 1058 2399 damnatos
1090 2340 1291 2398 iterum
1327 2356 1486 2413 posse
1518 2343 1757 2415 purgari,
1797 2350 1852 2398 et
1882 2342 2060 2398 redire
2104 2342 2158 2398 in
2192 2342 2443 2415 gloriam,

450 2440 506 2489 et
539 2432 759 2503 angelos
795 2436 1034 2497 sanctoS,
1066 2435 1123 2487 et
1166 2429 1412 2491 homines
1459 2429 1651 2487 beatos
1692 2430 1890 2487 iterum
1939 2447 2097 2503 posse
2134 2431 2332 2488 deduci
2377 2433 2449 2488 ad

450 2522 613 2588 mala,
642 2520 788 2593 quod
818 2526 903 2577 est
932 2528 1123 2576 contra
1160 2520 1548 2576 auctoritatem
1589 2520 1826 2587 Domini,
1871 2520 2064 2577 Matth.
2092 2536 2214 2578 xxv
2246 2537 2260 2576 ε
2286 2520 2448 2577 Ibunt

450 2610 509 2665 hi
532 2610 593 2665 in
614 2608 930 2681 supplicium
966 2615 1229 2667 oeternum
1256 2606 1435 2679 :justi
1471 2613 1647 2663 autem
1686 2606 1746 2662 in
1783 2606 1948 2662 vitam
1989 2615 2265 2665 (eternam.
2310 2610 2448 2665 Ter·-

449 2699 559 2755 tius
586 2705 669 2754 est
687 2713 837 2753 error
866 2681 1165 2753 dicentium
1189 2711 1377 2751 omnes
1401 2710 1610 2767 poenaS,
1643 2702 1699 2751 et
1723 2695 1904 2751 omnia
1924 2696 2814 2786 ‘piae‘rfi‘fflw

449 2796 504 2844 et
532 2787 795 2843 bonorum
821 2786 1031 2842 suturas
1054 2800 1173 2841 esse
1196 2782 1457 2855 aequaleS,
1484 2788 1674 2838 contra
1703 2798 1936 2855 quorum
1967 2785 2201 2855 primum
2222 2786 2442 2853 dicitur,

449 2878 473 2933 1
501 2874 744 2931 Corinth.
772 2891 851 2931 xv
884 2891 897 2930 :
928 2873 1090 2930 Stella
1112 2890 1144 2928 a
1168 2871 1316 2927 stella
1343 2868 1522 2941 differt
1549 2869 1609 2924 in
1637 2870 1908 2937 claritate,
1933 2870 2009 2925 sie
2037 2879 2088 2928 et
2124 2876 2448 2931 resurreetio

448 2971 802 3020 mortuorum.
844 2965 1045 3019 Contra
1075 2960 1375 3017 secundum
1402 2958 1624 3025 dicitur,
1669 2959 1826 3015 Matt.
1856 2974 1944 3015 11:
1993 2960 2132 3032 Tyro
2173 2969 2222 3018 et
2261 2962 2447 3019 Sidoni

450 3051 722 3109 remissius
751 3051 859 3109 erit
880 3051 941 3105 in
967 3051 1052 3106 die
1072 3049 1291 3121 judieii,
1318 3064 1476 3121 quam
1500 3046 1668 3103 vobis.
1699 3047 1940 3117 Quartus
1963 3064 2116 3105 error
2144 3057 2230 3106 est·
2252 3050 2447 3107 dicen-

447 3142 584 3196 tium
612 3142 821 3197 animas
844 3139 1110 3196 malorum
1140 3154 1243 3193 non
1284 3138 1473 3193 statim
1505 3144 1626 3208 post
1653 3144 1882 3193 mortem
1910 3135 2241 3195 descendere
2264 3139 2331 3195 ad
2360 3140 2448 3195 in·-

448 3229 679 3297 fernum,
708 3245 809 3285 nec
851 3228 1063 3300 aliquas
1098 3235 1413 3283 sanctorum
1455 3224 1666 3281 animas
1710 3225 2024 3297 paradisum
2069 3227 2272 3284 intrare
2319 3236 2446 3284 ante

448 3314 591 3370 diem
610 3315 825 3387 judicii,
858 3322 1047 3371 contra
1074 3330 1211 3385 quos
1241 3314 1463 3379 dicitur,
1493 3312 1656 3368 Lucae
1691 3325 1863 3378 xvm,
1895 3314 2044 3384 quod
2087 3320 2330 3369 mortuus
2369 3320 2444 3370 est

446 3402 613 3469 dives,
642 3408 697 3458 et
722 3404 955 3475 sepultus
978 3403 1037 3457 in
1040 3402 1299 3473 inferno.
1326 3401 1395 3455 Et
1421 3401 1471 3455 ΙΙ
1499 3401 1707 3457 Corint.
1726 3416 1780 3466 v,
1810 3399 2045 3455 dicitur:
2077 3399 2280 3455 Scimus
2307 3400 2442 3455 enim

446 3491 697 3563 quonium
724 3492 773 3546 si
802 3491 1077 3549 terrestris
1105 3491 1284 3547 domus
1311 3498 1497 3546 nostra
1525 3488 1684 3561 hujus
1719 3486 2066 3545 habitationis
2103 3488 2441 3556 dissolutum,

447 3580 593 3652 quod
618 3580 1021 3652 tedisii-ationem
1052 3596 1114 3635 ex
1156 3581 1266 3635 Deo
1286 3578 1531 3634 habemus
1557 3579 1768 3634 domum
1797 3594 1904 3633 non
1944 3576 2330 3649 manufactam,
2357 3577 2446 3633 sed

445 3675 704 3725 aeternam
732 3668 789 3723 in
820 3669 976 3725 eoelis.
1004 3667 1239 3741 Quintus
1266 3672 1349 3723 est
1372 3682 1524 3723 error
1553 3666 1852 3723 dicentium
1877 3682 1983 3721 non
2015 3681 2134 3723 esse
2178 3672 2444 3738 purgato-

444 3758 587 3813 rium
628 3758 934 3815 animarum
979 3765 1101 3829 post
1139 3760 1389 3823 mortem,
1441 3771 1630 3812 eorum
1670 3756 1880 3812 scilicet
1928 3755 2022 3828 qui
2074 3756 2128 3811 in
2176 3754 2446 3811 charitate

443 3846 820 3915 decesserunt,
848 3847 945 3903 sed
988 3845 1191 3919 aliquid
1239 3843 1523 3917 purgabile
1569 3844 1790 3912 habent,
1817 3851 2008 3901 contra
2039 3854 2179 3918 quos
2219 3843 2437 3911 dicitur,

442 3934 739 3992 1Corinth.
770 3952 839 3993 ιιι
873 3954 885 3991 :
915 3936 974 3993 si
1015 3936 1132 4008 quis
1176 3932 1524 4007 aedificaverit
1564 3950 1724 4006 reaper
1767 3933 2190 4007 fundamentum,
2233 3931 2444 3990 scilicet
