2850 4517
714 548 1298 641 MONITUM
1341 686 1352 695 Ι
1402 528 2001 702 Eoissronls,
2077 522 2084 529 ⁴

395 790 590 849 Nemo
613 792 776 849 certe
805 788 1142 865 mirabitur,
1171 782 1451 883 si⁸in³hac
1478 798 1860 865 Bibliotheca
1892 806 2219 889 theozoyica
2239 832 2325 878 se-

316 878 646 943 lecta-Divi
676 878 919 939 Thomas
946 876 1262 957 Aquinatis
1307 880 1973 970 O‘pu'sezola‘pri'ncipem
2004 892 2198 981 locu-‘m
2228 908 2323 963 te·
2420 963 2423 965 ,

315 972 516 1027 neant.
553 968 696 1027 Cum
728 970 856 1029 tota
884 970 1039 1028 ratio
1077 963 1299 1033 nostres
1343 974 1736 1061 collectionis
1764 1000 1833 1041 eo
1872 990 2123 1067 spectet,
2158 995 2225 1051 ut
2254 994 2325 1052 de

311 1056 570 1115 diversis
618 1056 936 1133 theologiae
965 1053 1915 1162 capitibus··-scripta2¹perchtier‘a
1940 1070 2319 1151 probatiora-

310 1145 510 1222 quein
539 1144 731 1203 lucem
755 1147 1066 1221 prodeant,
1101 1152 1167 1209 ut
1192 1148 1368 1211 facile
1393 1150 1963 1222 sama—nasaniam
1979 1166 2320 1231 auditorum

308 1251 634 1309 eorumque
663 1234 922 1294 omnium
947 1236 1048 1312 qui
1077 1238 1431 1316 theologicis
1460 1243 1788 1321 disciplinis
1815 1249 2183 1333 incumbunt,
2216 1278 2319 1319 re-

305 1322 519 1399 ligioni
541 1322 710 1382 nobis
733 1324 1080 1385 duceremus
1101 1338 1284 1387 aurea
1303 1330 1550 1393 Thomae
1578 1333 2315 1418 Opuseula‘praetermitti.

303 1412 481 1471 Licet
525 1410 682 1470 enim
725 1412 968 1489 plurimi
997 1413 1119 1475 sint
1149 1416 1379 1479 Scholae
1420 1421 1713 1498 doctoreS,
1762 1426 1921 1503 iique
1953 1433 2166 1508 oppido
2214 1456 2316 1497 sa-

301 1501 538 1577 pientes
562 1504 623 1559 et
645 1506 1002 1577 praestantes
1030 1503 1290 1581 ingenio,
1321 1509 1519 1571 nullus
1545 1516 1745 1575 tamen
1774 1535 1907 1577 cum
1935 1520 2166 1584 Scholae
2195 1527 2315 1585 An·

299 1589 440 1665 gelo
463 1590 602 1663 Jure
630 1590 887 1650 conferri
918 1596 1134 1668 potest.
1167 1612 1204 1653 (t
1231 1596 1429 1675 Hujus
1458 1601 1727 1663 doctrina
1756 1623 1883 1681 prae
1912 1612 2168 1687 caeteris,
2204 1634 2313 1675 ex·
2403 1616 2410 1623 '

301 1696 339 1737 «
369 1682 544 1753 cepta
572 1679 874 1753 canonica,
907 1681 1088 1741 habet
1110 1685 1540 1760 proprietatem
1572 1692 1913 1770 verborum,
1948 1701 2186 1762 modum
2216 1706 2312 1765 di-

300 1785 338 1825 «
368 1768 712 1841 cendorum,
757 1769 1078 1830 veritatem
1121 1776 1575 1853 sententiarum,
1617 1781 1705 1841 ita
1753 1788 1819 1843 ut
1866 1804 2161 1865 nunquam
2210 1796 2310 1871 qui

298 1876 334 1915 «
365 1874 502 1916 eam
531 1856 838 1916 tenuerint
864 1858 1246 1921 inveniantur
1275 1881 1312 1923 a
1342 1866 1620 1928 veritatis
1648 1873 1891 1933 tramite
1922 1878 2215 1956 deviasse,
2249 1891 2310 1945 et

299 1964 334 2005 <
364 1944 472 2020 qui
503 1961 638 2001 eam
681 1943 1150 2019 impugnaverit,
1180 1967 1414 2025 semper
1442 1954 1628 2028 fuerit
1655 1960 1725 2015 de
1757 1962 2015 2025 veritate
2063 1987 2305 2046 suspec-

299 2052 334 2093 <
364 2037 466 2093 tus
511 2030 919 2109 (Innocentius
951 2033 1053 2105 VI,
1087 2034 1154 2094 in
1184 2052 1447 2100 sermone
1472 2040 1545 2101 de
1566 2040 1632 2103 S.
1664 2043 1942 2128 Thema).
1972 2068 2008 2111 »
2036 2054 2307 2133 Longum

296 2123 461 2181 esset
479 2136 946 2179 commemorare
963 2120 1092 2181 sive
1108 2124 1396 2199 angelicae
1415 2128 1702 2192 doctrinae
1718 2136 2153 2217 excellentiam,
2179 2148 2307 2209 sive

295 2207 628 2286 singularia
669 2208 970 2284 praeconia
996 2210 1210 2287 quibus
1251 2216 1612 2277 sanctissimi
1646 2222 1761 2281 viri
1792 2227 2143 2303 sapientiam
2176 2236 2304 2297 Ro-

295 2298 458 2357 mani
472 2296 793 2357 Pontifices
818 2299 1114 2373 prosecuti
1146 2304 1306 2363 sunt.
1334 2304 1512 2365 Libet
1529 2311 1728 2369 tamen
1744 2313 1963 2377 Leonis
1979 2320 2104 2383 ΡΡ.
2124 2324 2297 2401 XIII,

295 2405 452 2447 nunc
491 2385 749 2445 feliciter
777 2388 1117 2463 regnantiS,
1159 2392 1431 2465 quaedam
1462 2398 1647 2457 verba
1678 2402 1967 2477 proferre.
2010 2409 2078 2469 In
2122 2414 2301 2490 Epis-

295 2476 420 2535 tola
439 2474 741 2551 encyelica
763 2492 895 2551 quae
916 2476 1126 2553 incipit
1146 2478 1407 2543 AE'temi
1421 2482 1643 2550 Patris
1664 2488 1744 2567 (d.
1767 2493 1804 2550 4
1826 2501 2065 2571 augusti
2089 2501 2291 2583 1879),

294 2564 441 2623 item
505 2563 803 2623 recentius
857 2564 927 2623 in.
975 2565 1226 2627 Litteris
1286 2571 1645 2647 Apostolicis
1699 2580 1909 2653 quibus
1967 2588 2170 2663 agitur
2221 2594 2293 2653 de
2364 2660 2367 2663 Δ

295 2654 360 2715 S.
393 2652 622 2711 Thema
663 2651 961 2727 Aquinate
1005 2659 1256 2731 patrono
1293 2661 1519 2724 coelesti
1566 2666 1896 2729 studiorum
1932 2675 2291 2750 optimorum

293 2740 643 2817 cooptando,
674 2740 948 2817 Angelici
969 2746 1353 2819 praeceptoris
1379 2748 1710 2811 doctrinam
1735 2756 2113 2826 doctissimus
2138 2768 2293 2830 Pon·

294 2829 444 2888 tifex
486 2828 1077 2903 magnificentissime
1119 2832 1376 2891 extollit.
1422 2852 1459 2893 «
1502 2838 1690 2911 Sane,
1739 2842 1953 2921 inquit,
2002 2856 2293 2927 praeclara

293 2937 328 2978 «
358 2916 584 2977 lumina
611 2917 794 2976 animi
847 2921 909 2977 et
936 2918 1183 2995 ingenii,
1216 2920 1428 2995 quibus
1469 2923 1545 2981 ad
1588 2926 1981 2994 imitationem
2030 2942 2121 2999 sui
2154 2944 2293 3018 jure

293 3024 328 3065 <
357 3010 532 3065 vocet
555 3004 727 3079 alios,
759 3006 820 3065 in
849 3024 918 3065 eo
949 3006 1202 3085 (Thoma
1230 3008 1554 3091 Aquinate)
1586 3020 1727 3077 sunt
1755 3022 1955 3083 omnia
1981 3042 1995 3085 :
2024 3028 2291 3097 doctrina

291 3113 326 3154 «
355 3093 680 3168 uberrima,
714 3094 1079 3172 incorrupta,
1130 3100 1268 3174 apte
1319 3099 1629 3178 disposita,
1681 3106 2024 3187 obsequium
2062 3119 2199 3181 fidei
2229 3130 2291 3187 et

291 3202 324 3241 «
351 3182 488 3243 cu'm
537 3183 890 3243 veritatibus
938 3184 1226 3245 divinitus
1267 3190 1508 3250 traditis
1554 3193 1708 3254 mira
1736 3206 2076 3283 consensio;
2127 3211 2290 3275 inte-

290 3290 324 3330 «
351 3270 548 3349 gritas
575 3271 720 3331 vitae
747 3290 880 3331 eum
911 3272 1222 3349 splendore
1259 3278 1659 3343 maximarum
1688 3286 2001 3355 virtutum.
2035 3332 2114 3344 -—
2140 3303 2286 3365 Doc.

289 3379 322 3420 «
351 3359 516 3419 trina
542 3360 778 3435 quidem
809 3364 904 3421 est
931 3365 1122 3436 tanta,
1155 3367 1220 3424 ut
1247 3366 1604 3442 sapientiam
1633 3390 1669 3432 a
1697 3380 2002 3443 veteribus
2029 3388 2285 3453 defluen-

289 3466 322 3507 «
349 3451 514 3523 tem„
545 3448 731 3509 maris
772 3448 986 3525 instar,
1037 3469 1271 3512 omnem
1323 3460 1806 3535 comprehendat.
1854 3470 2148 3552 Quidquid
2194 3490 2287 3545 est

287 3555 322 3595 (ι
349 3554 495 3596 vere
515 3536 741 3597 dictum
764 3542 870 3599 aut
896 3540 1220 3615 prudenter
1240 3542 1610 3621 disputatum
1636 3568 1673 3611 a
1699 3553 2064 3639 philosophis
2093 3571 2283 3631 ethni-

288 3642 322 3683 «
348 3642 577 3699 corum,
607 3626 680 3685 ab
703 3626 988 3687 Ecclesiae
1012 3628 1294 3691 Patribus
1318 3635 1381 3692 et
1407 3635 1782 3717 DoctoribuS,
1807 3664 1843 3704 a
1865 3656 2112 3715 summis
2138 3659 2285 3721 viris

288 3731 322 3772 «
349 3712 616 3790 quiante
644 3714 840 3791 ipsum
863 3716 1214 3792 floruerunt,
1252 3738 1365 3780 non
1398 3727 1572 3786 modo
1600 3727 1704 3789 ille
1732 3736 1966 3809 penitus
1990 3742 2282 3826 dignovit,

287 3822 322 3862 «
347 3802 453 3861 sed
475 3802 666 3877 auxit,
687 3803 959 3881 perfecit,
980 3806 1230 3883 digessit
1252 3812 1375 3870 tam
1392 3812 1693 3878 luculenta
1716 3825 2140 3899 perspicuitate
2164 3834 2286 3897 for-

280 3910 318 3952 «
351 3901 608 3968 marum,
639 3896 764 3955 tam
793 3898 1072 3957 accurata
1099 3896 1427 3961 disserendi
1451 3904 1702 3983 ratione,
1736 3914 1797 3969 et
1824 3915 1993 3976 tanta
2020 3926 2283 3999 proprie-
