2850 4517
492 306 611 376 274
973 302 1033 375 εξ
1072 324 1305 379 '1¹qu
1344 334 1672 383 nouimus
1713 334 2022 377 oeuscunn

493 463 623 517 gum
663 463 696 503 v
744 464 757 501 :
801 446 989 511 Pater,
1037 454 1087 504 et
1127 448 1177 503 ei
1217 464 1329 504 rem
1366 448 1624 521 prandem
1652 448 1876 507 dixisset
1903 448 2003 505 tibi
2030 444 2320 518 Propheta,
2371 454 2524 504 certe

489 536 666 607 facere
683 534 958 602 debueras,
976 536 1071 609 qui
1093 536 1352 594 dicuntur
1377 544 1582 610 patres,
1615 538 1745 609 quie
1765 538 1967 593 debent
1995 534 2284 592 intendere
2303 535 2524 594 bonum

490 622 695 698 populi.
733 625 801 679 Et
843 624 981 681 istos
1017 624 1347 682 honoramus
1387 642 1486 698 per
1523 626 1940 697 subjectionem.
1970 626 2073 681 Ro.
2119 639 2234 680 xm
2276 640 2291 679 ε
2323 623 2524 681 Omnes

489 713 675 770 anima
702 713 1053 785 potestatibus
1096 713 1496 771 sublimioribus
1535 713 1750 771 subdita
1785 714 1879 770 eit.
1925 713 1995 769 Et
2031 712 2136 768 hoc
2181 727 2292 768 non
2333 711 2523 768 solum

491 804 709 869 timore,
731 803 827 858 sed
851 818 1039 859 amore
1065 821 1077 857 :
1108 819 1207 859 nec
1224 803 1401 860 solum
1425 809 1652 877 propter
1665 803 1955 869 rationem,
1974 801 2072 857 sed
2091 801 2265 857 etiam
2289 809 2522 873 propter

491 891 904 947 conscientiam.
939 891 1009 946 Et
1042 892 1185 948 ratio
1221 892 1387 964 hujus
1413 897 1519 958 est,
1546 892 1679 965 quia
1715 892 2014 948 secundum
2049 890 2374 963 Apostolum
2401 889 2520 944 ibi-

491 970 629 1035 dem'
650 980 820 1036 omnis
850 988 1085 1052 potestas
1120 997 1155 1035 a
1194 980 1303 1037 Deo
1334 987 1410 1038 eet
1448 997 1468 1038 .·
1505 987 1561 1037 et
1589 981 1714 1037 ideo
1746 980 2086 1037 reddendum
2113 986 2200 1035 est
2239 978 2512 1045 debitum,

492 1067 625 1139 quia
658 1068 745 1123 cni
774 1066 1055 1134 tributum,
1100 1067 1366 1125 tributum
1410 1076 1525 1125 etc.
1555 1069 1715 1125 Prov.
1743 1083 1906 1124 xxiv
1955 1084 1968 1120 ε
2010 1065 2156 1123 Time
2199 1064 2516 1131 Dominum,

490 1155 575 1225 fili
615 1156 712 1221 mi,
737 1163 787 1211 et
820 1158 1024 1229 Reqem.
1070 1158 1228 1222 Item,
1278 1156 1674 1213 benefactores.
1717 1155 2008 1212 Eccles.1v
2061 1172 2073 1208 ε
2123 1155 2258 1211 Esto
2292 1154 2518 1226 pupillis

492 1245 796 1301 misericors
818 1253 882 1302 ut
899 1253 1078 1318 pater.
1116 1246 1331 1303 Etenim
1360 1246 1640 1319 proprium
1673 1246 1864 1318 patris,
1895 1244 2104 1301 EccleS.
2132 1260 2288 1300 xxix
2319 1261 2332 1297 ε
2365 1244 2517 1299 Gra-

494 1334 627 1389 tiam
682 1334 1011 1406 fidejussoris
1054 1351 1121 1390 ne
1165 1334 1496 1391 obliviscaris
1538 1351 1559 1392 .·
1605 1335 1838 1407 ingratis
1885 1333 2289 1389 enim.accidit
2353 1331 2510 1394 iilud,

493 1424 621 1495 Sap.
654 1438 731 1477 xv
776 1440 789 1477 z
836 1424 1053 1497 Inqrati
1084 1440 1201 1497 spes
1230 1430 1488 1497 tanquam
1523 1422 1824 1494 hybernali}
1859 1421 2046 1493 ylacies
2076 1420 2317 1478 tabescet.
2350 1422 2508 1487 Item,

493 1516 679 1577 aetate,
725 1512 887 1567 Deut.
930 1526 1105 1569 xxxn
1136 1529 1149 1567 ε
1182 1512 1470 1583 Interroqa
1487 1519 1702 1584 patrem
1731 1518 1905 1575 tunm,
1929 1518 1980 1566 et
2001 1508 2352 1570 annuntiabit
2389 1509 2510 1575 tibi,

494 1599 725 1669 majores
753 1606 891 1665 tuos,
920 1608 973 1658 et
1010 1600 1188 1658 dicent
1218 1600 1342 1666 tibi,
1379 1599 1591 1657 Leviti:
1621 1615 1730 1663 xix
1758 1615 1772 1653 ε
1803 1598 2000 1655 Coram
2029 1614 2162 1654 cano
2189 1598 2361 1670 capite
2381 1614 2511 1653 eon-

494 1702 674 1769 surye,
700 1695 751 1744 et
772 1689 979 1745 honora
994 1706 1279 1762 personam
1305 1690 1465 1747 senis.
1500 1688 1711 1746 EccleS.
1741 1704 1912 1745 xxxii
1939 1706 1951 1743 :
1979 1688 2048 1745 In
2075 1688 2249 1743 medio
2284 1704 2510 1761 mayna-

494 1779 675 1831 tornm
700 1774 846 1849 loqui
867 1793 975 1833 non
990 1794 1308 1851 praesumas,
1332 1785 1383 1835 et
1406 1777 1501 1835 ubi
1521 1784 1650 1835 sunt
1676 1793 1819 1834 eenee
1855 1792 1960 1833 non
1998 1776 2228 1833 multum
2251 1776 2507 1849 loquaris.

494 1862 703 1920 Ibidem
732 1882 745 1920 ε
777 1864 925 1923 Audi
956 1875 1155 1933 tacens,
1184 1874 1238 1925 et
1272 1884 1378 1940 pro
1423 1866 1727 1924 reverentia
1752 1864 1956 1922 accedet
1991 1863 2091 1921 tibi
2114 1864 2254 1921 bona
2273 1864 2456 1937 qratia
2485 1879 2506 1918 .·

496 1953 699 2011 Omnes
732 1955 900 2025 igitur
927 1956 1019 2012 isti
1044 1957 1341 2015 venerandi
1370 1962 1501 2013 sunt
1543 1973 1558 2010 ε
1589 1956 1719 2029 quia
1760 1970 1951 2011 omnes
1983 1960 2210 2027 portant
2241 1953 2508 2027 quodam-

496 2043 659 2098 modo
708 2042 1126 2105 similitudinem
1163 2046 1355 2119 putris,
1386 2045 1482 2119 qui
1516 2045 1571 2101 in
1595 2044 1752 2102 coelis
1787 2050 1892 2112 est,
1923 2048 1980 2099 et
2007 2042 2078 2098 de
2106 2041 2232 2099 istis
2259 2042 2459 2099 dicitur
2487 2058 2504 2097 ι

500 2130 605 2197 Qui
628 2147 717 2188 voe
739 2133 967 2204 spernit,
984 2140 1095 2195 etc.

1073 2326 1167 2389 De
1191 2290 1404 2405 quinto
1430 2334 1722 2409 praeopto
1753 2329 1924 2411 lepis.

566 2479 691 2541 Non
720 2481 936 2538 occides.
963 2483 1023 2537 ln
1050 2483 1169 2556 lege
1198 2484 1383 2543 divina
1409 2502 1506 2559 per
1530 2504 1696 2561 quam
1722 2487 2037 2545 ordinamur
2059 2486 2132 2543 ad
2161 2485 2511 2543 dilectionem

496 2574 596 2629 Dei
624 2580 680 2627 et
720 2571 970 2644 proximi,
1015 2574 1331 2647 praecipitur
1363 2590 1471 2631 non
1509 2576 1685 2633 solum
1727 2576 1908 2633 facere
1944 2576 2169 2643 honum,
2211 2576 2308 2630 sed
2344 2575 2511 2632 etiam

443 2711 449 2717 .
498 2661 775 2718 declinare
796 2676 830 2718 a
859 2660 1021 2717 malo.
1054 2664 1202 2720 Inter
1231 2663 1339 2720 alia
1367 2673 1553 2722 autem
1579 2666 1755 2737 majus
1781 2664 1984 2721 maium
2009 2664 2156 2738 quod
2189 2664 2362 2736 possit
2393 2664 2512 2719 fieri

496 2750 770 2826 proximo,
815 2758 900 2806 est
927 2752 1178 2809 occidere
1205 2768 1350 2821 eum,
1378 2761 1436 2809 et
1467 2754 1572 2810 hoc
1596 2752 1916 2827 prohibetur
1942 2767 2067 2809 cum
2103 2753 2311 2808 dicitur
2345 2769 2358 2805 ε
2387 2752 2512 2809 Non

494 2842 710 2899 occides.
740 2841 898 2899 Circa
939 2842 1085 2914 quod
1122 2847 1462 2915 praeceptum
1511 2840 1800 2915 tripliciter
1841 2848 1926 2897 est
1961 2847 2230 2897 erratum.
2275 2840 2512 2909 Quidam

495 2933 640 2987 enim
664 2932 939 3000 dixerunt,
966 2931 1112 3004 quod
1139 2947 1246 2988 non
1274 2931 1399 2988 licet
1427 2931 1678 2987 occidere
1706 2932 1876 2988 etiam
1903 2932 2066 2987 bruta
2095 2928 2376 2985 animalia.
2406 2928 2512 2985 Sed

495 3018 600 3075 hoc
624 3019 821 3075 falsum
849 3026 954 3087 est,
987 3020 1117 3094 quia
1150 3035 1257 3076 non
1290 3028 1374 3075 est
1404 3026 1690 3092 peccatum
1718 3020 1796 3076 uti
1828 3020 1953 3088 illie,
1987 3034 2115 3091 quae
2137 3027 2266 3074 sunt
2291 3018 2511 3073 subdita

494 3105 733 3167 hominis
768 3109 1050 3178 potestati.
1096 3109 1193 3164 Est
1233 3109 1402 3165 etiam
1431 3107 1697 3165 naturalis
1725 3108 1860 3163 ordo
1896 3108 2042 3179 quod
2073 3106 2278 3179 plantae
2319 3107 2428 3161 sint
2457 3105 2512 3159 in

495 3194 890 3252 nutrimentum
935 3196 1273 3264 animalium,
1317 3203 1376 3253 et
1415 3196 1669 3269 quaedam
1717 3196 1974 3253 animaiia
2016 3197 2072 3251 in
2114 3198 2512 3253 nutrimentum

496 3282 747 3349 aliorum,
777 3290 833 3339 et
861 3286 1045 3343 omnia
1094 3286 1149 3341 in
1178 3285 1572 3341 nutrimentum
1613 3286 1916 3343 homiuum.
1961 3284 2164 3341 Genes.
2197 3300 2264 3341 tx
2297 3302 2310 3339 :
2344 3282 2508 3349 Quasi

496 3372 644 3428 olera
668 3372 904 3429 virentia
932 3372 1140 3430 tradidi
1166 3371 1307 3429 vobis
1335 3372 1534 3429 omnia.
1567 3372 1921 3445 Philosophus
1949 3372 2118 3429 etiam
2147 3373 2285 3429 dicit
2317 3374 2370 3427 in
2406 3386 2507 3445 po-

496 3458 668 3526 litica,
700 3458 831 3533 quia
856 3461 1073 3515 venatio
1102 3465 1186 3515 est
1226 3460 1371 3516 sicut
1390 3462 1601 3532 justum
1646 3461 1866 3518 bellum.
1911 3465 2106 3535 Apost.
2151 3464 2175 3517 1
2203 3462 2385 3518 Corin.
2419 3476 2458 3515 x
2489 3476 2502 3512 ε

496 3547 659 3603 Omne
702 3547 843 3620 quod
887 3548 948 3605 in
989 3547 1203 3603 macello
1247 3548 1411 3615 venit,
1452 3550 1788 3618 manducate,
1819 3560 1928 3609 etc.
1959 3552 2103 3623 Ergo
2141 3566 2250 3607 non
2290 3549 2508 3607 occides

492 3633 761 3692 homines'.
792 3637 1026 3706 Quidam
1068 3636 1323 3693 dixerunt
1360 3636 1449 3695 hic
1477 3639 1814 3712 prohibitum
1842 3656 1962 3697 esse
2008 3640 2366 3697 homicidium
2406 3638 2506 3694 ho·-

495 3725 660 3779 minis
687 3725 906 3781 omnino
952 3744 965 3780 ε
1013 3725 1154 3782 unde
1201 3724 1506 3785 homicidas
1546 3729 1735 3785 dicunt
1777 3746 1898 3786 esse
1933 3729 2150 3801 judices
2189 3729 2501 3795 saeculares,

496 3812 591 3881 qui
622 3813 984 3870 condemnant
1025 3815 1324 3873 secundum
1370 3816 1518 3888 leges
1547 3816 1780 3889 aliquos,
1813 3824 2004 3875 contra
2045 3834 2185 3891 quos
2213 3817 2350 3874 dicit
2390 3822 2506 3873 Au·

495 3900 763 3969 gustinuS,
796 3902 943 3973 quod
982 3903 1127 3961 Deus
1154 3921 1249 3978 per
1276 3903 1383 3963 hoc
1410 3904 1749 3979 p'raeceptum
1776 3923 1885 3965 non
1927 3906 2154 3967 abstulit
2181 3906 2286 3967 sibi
2315 3912 2507 3980 potes-
