2850 4517
448 358 455 363 ’
560 349 694 412 218
1044 361 1103 410 s.
1145 361 1379 408 metm
1417 361 1744 414 sommus
1783 359 2098 408 croscum

575 487 775 553 gnatur
798 495 815 537 e
842 485 901 537 et
925 478 995 538 ad
1026 478 1428 536 ostendendum
1462 493 1686 537 causam
1729 475 1882 551 pacis
1915 475 2190 546 subditur,
2219 482 2271 532 et
2303 472 2370 532 ia
2393 476 2585 535 taber-

574 568 782 624 naculis
819 567 1031 641 fidaeioe
1059 583 1078 624 .·
1108 583 1233 641 quae
1272 567 1485 625 scilicet
1522 567 1628 627 erit
1657 566 1939 624 subtracto
1971 566 2166 622 timore
2203 565 2506 636 malorum,
2527 567 2583 622 in

573 657 762 732 requie
813 656 1088 729 opulenta,
1121 671 1247 729 quae
1280 657 1518 729 pertinet
1555 655 1624 713 ad
1664 654 1948 713 affluentia
1993 653 2171 710 omnis
2206 653 2358 710 boni.
2401 655 2584 727 Hujus

573 753 757 802 autem
784 745 964 810 finalis
989 745 1117 802 boni
1136 744 1399 818 perfectio
1421 745 1483 801 in
1509 750 1833 817 perpetuum
1868 742 2112 801 durabit.
2141 743 2264 801 Non
2291 743 2448 800 enim
2482 759 2584 818 po-

574 834 703 892 terit
729 834 965 892 deficere
986 850 1085 907 per
1120 833 1398 892 defectum
1423 829 1709 900 bonorum,
1738 832 1938 908 quibus
1975 832 2140 890 homo
2181 831 2412 901 fruetur,
2455 833 2583 906 quia

572 930 699 981 sunt
736 929 944 981 aeterna
984 927 1041 980 et
1078 921 1516 998 incorruptibilia
1545 921 1732 979 :unde
1773 921 1976 979 dicitur
2018 922 2126 988 Isa,
2153 937 2390 979 xxxm:
2424 919 2583 978 Oculi

572 1008 656 1068 tui
693 1009 951 1066 videbant·
980 1008 1281 1067 Jerusalem
1318 1009 1587 1067 civitatem
1625 1009 1948 1082 opulentam,
1984 1007 2390 1065 tabernaculam
2445 1008 2582 1081 quod

570 1114 903 1171 nequaquam
941 1098 1241 1171 transferri
1265 1100 1485 1172 poterit.
1517 1099 1589 1154 Bt
1635 1106 1758 1172 post
1799 1099 2020 1154 modum
2060 1097 2316 1154 subditur
2361 1113 2578 1155 causa:

572 1183 698 1257 quia
736 1184 1053 1242 solummodo
1091 1183 1171 1241 ibi
1207 1185 1317 1242 erit
1360 1185 1676 1260 maynificas
1715 1184 1973 1242 Dominae
2011 1184 2150 1240 Deae
2189 1191 2392 1242 noster.
2439 1185 2579 1242 Tota

480 1317 487 1322 .
572 1273 719 1330 enim
759 1267 916 1331 illius'
930 1279 1109 1331 status
1147 1272 1409 1346 perfectio
1441 1271 1548 1330 erit
1587 1273 1645 1328 in
1685 1271 1946 1330 fruitione
1981 1272 2182 1330 divinae
2221 1271 2576 1330 aeternitatiS.

572 1361 937 1420 Consimiliter
960 1363 1130 1420 etiam
1168 1378 1278 1419 non
1306 1361 1509 1435 poterit
1536 1360 1628 1418 ille
1661 1367 1840 1419 status
1860 1362 2096 1420 deficere
2127 1379 2226 1435 per
2259 1362 2579 1435 corruptio-

572 1468 699 1509 nem
724 1451 929 1509 ibidem
951 1451 1320 1519 existentium‚
1340 1453 1472 1525 quia
1499 1452 1586 1507 vel
1609 1449 1737 1507 sunt
1763 1450 2088 1508 naturaliter
2110 1450 2572 1523 incorruptibileS,

573 1542 719 1600 sicut
746 1541 971 1615 Angeli3
999 1541 1087 1599 vel
1114 1539 1171 1598 in
1201 1540 1664 1615 incorruptionem
1696 1540 2277 1607 transferenturfsicut
2300 1540 2578 1600 homines·

573 1631 795 1703 Oportet
828 1630 969 1686 enim
1006 1629 1356 1704 corruptibile
1378 1631 1474 1687 hoe
1510 1629 1732 1686 induere
1767 1630 2242 1702 incorruptionem,
2274 1635 2332 1684 ut
2362 1629 2576 1686 dicitur

571 1720 597 1775 1
623 1719 749 1776 Cor.
774 1735 876 1777 xv.
909 1719 1066 1776 Unde
1105 1725 1162 1776 et
1196 1724 1367 1793 Apoc.
1412 1732 1504 1777 ιιι.
1536 1719 1740 1776 dicitur
1766 1737 1781 1777 z
1812 1717 1918 1786 Qui
1957 1719 2166 1784 vicerit,
2198 1717 2395 1791 faciam
2419 1717 2577 1775 illam

574 1806 950 1889 colummeria
972 1809 1159 1882 templo
1180 1808 1286 1866 Dei
1306 1807 1431 1876 mei,
1444 1815 1498 1866 et
1517 1809 1670 1882 foras
1692 1823 1801 1865 non
1830 1808 2136 1883 earedietar
2173 1805 2422 1881 amplias.
2461 1809 2576 1864 Nec

572 1899 740 1956 etiam
766 1896 969 1973 poterit
996 1897 1089 1955 ille
1125 1904 1303 1959 status
1326 1899 1564 1956 deficere
1589 1915 1684 1963 per
1710 1897 1834 1967 hoc,
1867 1898 2012 1972 quod
2045 1896 2297 1953 voluntas
2333 1895 2576 1953 hominis

571 1987 901 2046 fastidiendo
926 2003 985 2043 se
1006 1995 1240 2056 avertat,
1273 1990 1404 2061 quia
1430 1993 1638 2062 quanto
1665 1988 1830 2054 Deus,
1859 1987 1953 2063 qui
1981 1993 2065 2043 est
2092 1985 2357 2042 bonitatis
2381 2001 2575 2043 esseu-

573 2077 670 2143 tia,
701 2076 879 2149 magis
912 2075 1152 2143 videtur,
1179 2081 1334 2132 tanto
1376 2091 1600 2132 necesse
1639 2081 1725 2132 est
1767 2082 1831 2131 ut
1858 2075 2033 2146 magis
2080 2083 2312 2143 ametur,
2342 2073 2492 2130 unde
2517 2078 2574 2129 et

570 2163 748 2234 magis
775 2165 894 2236 ejus
916 2162 1105 2218 fruitio
1134 2162 1556 2229 desiderabitur,
1587 2161 1887 2218 secundum
1909 2160 2043 2217 illud
2075 2160 2223 2222 Eccl.
2251 2175 2400 2217 xxxv
2429 2177 2443 2217 ε
2468 2158 2575 2226 Qut

571 2252 735 2310 edant
768 2268 870 2320 me,
896 2250 1066 2306 adhuc
1080 2250 1325 2306 esurient
1356 2263 1371 2308 ε
1396 2250 1560 2323 etqui
1583 2250 1769 2308 bibant
1788 2267 1887 2316 me,
1908 2249 2077 2307 adhuc
2103 2249 2308 2307 sitient.
2342 2251 2572 2322 Propter

449 2381 457 2389 .
572 2341 721 2413 quod
748 2347 807 2396 et
840 2340 911 2396 de
936 2339 1159 2411 Angelis
1195 2341 1369 2397 Deum
1395 2340 1708 2397 videntibus
1748 2341 1968 2407 dicitur,
1990 2339 2020 2396 1
2046 2340 2193 2396 Petri
2219 2355 2239 2395 1
2267 2356 2280 2394 ε
2308 2339 2378 2395 In
2421 2353 2572 2413 quem

571 2427 879 2486 desiderant
899 2428 1096 2502 Aayeli
1112 2428 1434 2502 prospicere.
1449 2428 1712 2486 Similiter
1725 2429 1895 2486 etiam
1913 2444 2020 2484 non
2039 2428 2254 2485 deficiet
2274 2427 2366 2483 ilie
2393 2433 2573 2484 status

570 2532 670 2590 per
696 2516 872 2573 bostis
896 2515 1129 2589 alicuius
1158 2505 1640 2590 impugnationem,
1667 2519 1796 2591 quia
1823 2519 2063 2576 cessabit
2097 2515 2174 2574 ibi
2221 2515 2399 2574 omnis
2442 2515 2570 2572 mali

572 2604 843 2672 molestia,
868 2603 1168 2664 'secundum
1196 2605 1329 2664 illud
1356 2608 1464 2664 lsa.
1494 2623 1660 2665 xxxv
1686 2625 1700 2664 τ
1729 2608 1860 2667 'Noa
1881 2607 1992 2664 erit
2015 2606 2093 2663 ibi
2116 2607 2214 2673 leo,
2235 2606 2291 2662 id
2315 2613 2421 2672 est,
2445 2605 2571 2661 dia-

572 2692 731 2750 bolus
758 2689 1099 2767 impugnans,
1130 2701 1179 2752 et
1210 2697 1353 2752 mala
1378 2693 1564 2763 bestia,
1594 2697 1650 2753 id
1677 2706 1781 2766 est,
1811 2697 1986 2754 malus
2006 2695 2170 2753 homo
2193 2711 2300 2751 non
2331 2695 2572 2751 ascendet

569 2799 670 2856 per
693 2799 830 2849 eam,
860 2799 957 2839 aea
978 2782 1287 2841 invenietur
1310 2784 1389 2841 ibi
1415 2801 1436 2844 .·
1467 2786 1611 2843 unde
1652 2791 1708 2842 et
1735 2786 2000 2844 Dominus
2039 2785 2195 2852 dicit,
2217 2785 2374 2840 Joan.
2407 2799 2466 2847 x,
2499 2782 2570 2838 de

571 2871 765 2929 ovibus
792 2871 926 2939 saie,
954 2873 1101 2946 quod
1130 2890 1235 2931 non
1268 2863 1526 2949 peribunt
1569 2876 1624 2931 in
1659 2881 1946 2944 aeternum,
1975 2881 2032 2932 et
2074 2873 2224 2951 quod
2252 2889 2358 2930 non
2390 2871 2570 2946 rapiet

569 2978 665 3018 eas
690 2961 981 3035 quisquam
1010 2962 1079 3019 de
1104 2978 1265 3020 manu
1308 2979 1428 3020 sua.
1450 2964 1556 3022 Sed
1585 2981 1685 3020 uec
1722 2964 1865 3020 finiri
1894 2965 2096 3038 poterit
2120 2963 2211 3019 ille
2252 2970 2432 3020 status
2475 2976 2574 3034 per

568 3049 691 3117 hoc,
722 3051 870 3123 quod
892 3065 927 3107 a
949 3051 1063 3108 Deo
1088 3051 1258 3124 aliqui
1282 3052 1409 3109 inde
1433 3053 1810 3109 excludantur.
1839 3054 1962 3110 Non
1986 3052 2130 3109 enim
2153 3051 2354 3126 aliquis
2383 3049 2570 3108 abillo

569 3147 721 3196 statu
748 3137 1040 3211 repelletur
1066 3147 1289 3220 propter
1315 3141 1552 3214 culpam,
1579 3158 1704 3215 quae
1733 3141 1950 3199 omnino
1979 3157 2085 3198 non
2112 3141 2235 3208 erit,
2269 3140 2362 3196 ubi
2391 3139 2570 3196 deerit

570 3243 734 3283 omne
774 3227 976 3284 malum
1009 3245 1025 3285 ε
1056 3229 1199 3286 unde
1226 3228 1449 3308 dicitur,
1476 3231 1582 3287 Isa.
1609 3247 1685 3286 nx
1707 3229 1977 3305 :Populus
2020 3239 2142 3289 tuus
2177 3217 2354 3286 omnes
2379 3227 2566 3304 justi:

574 3332 752 3389 neque
784 3317 952 3374 etiam
992 3326 1217 3391 propter
1256 3320 1653 3391 promotionem
1693 3319 1763 3376 ad
1819 3321 2013 3376 melius
2053 3321 2274 3384 bonum,
2318 3319 2465 3375 sicut
2512 3317 2570 3372 in

571 3406 677 3462 hoc
704 3405 907 3464 mundo
936 3407 1082 3463 Deus
1110 3407 1385 3462 interdum
1409 3409 1576 3464 etiam
1603 3409 1771 3480 justis
1805 3409 2117 3481 spirituales
2159 3406 2568 3465 consolationes

570 3494 860 3562 subtrabit,
903 3502 959 3551 et
1003 3493 1111 3550 alia
1140 3507 1247 3550 sua
1300 3495 1583 3576 beneficia,
1637 3505 1694 3553 ut
1730 3496 1946 3553 avidius
1985 3502 2256 3574 quaerant,
2297 3504 2354 3554 et
2407 3513 2567 3553 suum

569 3584 842 3641 defectum
879 3590 1270 3655 recognoscant
1298 3600 1311 3638 z
1337 3585 1467 3664 quia
1510 3591 1688 3641 status
1733 3585 1969 3662 illenon
2011 3595 2094 3644 est
2141 3586 2564 3654 emendationis,

572 3674 669 3730 aut
703 3673 995 3746 perfectus,
1037 3671 1131 3728 sed
1176 3664 1552 3752 perfectionis
1578 3673 1754 3731 finalis
1783 3681 1898 3735 :et
1945 3675 2070 3733 ideo
2113 3675 2381 3733 Dominus
2431 3675 2569 3733 dicit

570 3764 727 3819 ‹loan-
758 3777 821 3820 v1
845 3781 859 3818 ε
882 3759 1034 3820 'Eam
1058 3761 1149 3834 qai
1172 3761 1316 3818 venit
1338 3764 1534 3831 adme,
1563 3782 1669 3821 non
1694 3761 1906 3838 ejiciam
1925 3766 2096 3839 foras.
2123 3764 2360 3822 Habebit
2397 3761 2570 3838 igitur

570 3853 860 3909 statusille
898 3853 1139 3907 omnium
1166 3853 1553 3925 praedictorum
1593 3855 1856 3912 bonorum
1891 3845 2334 3932 perpetuitatem,
2361 3873 2569 3914 secun-

572 3937 705 3997 dum
726 3941 857 3998 illud
887 3940 1035 4000 Psal.
1056 3945 1231 4000 oxux‘
1250 3941 1345 4000 :In
1370 3939 1632 4001 oeterftu'm
1660 3943 1990 4014 exaltabant,
2015 3951 2069 4004 et
2089 3945 2352 4006 habitabis
2376 3945 2441 4006 in
2466 3946 2564 4008 eis·
