2850 4517
418 349 540 412 222
896 366 953 416 s.
994 366 1231 416 ‘mount
1272 365 1604 422 acuimus
1644 339 1954 418 croscum

1008 655 1013 660 ¹
1186 568 1470 637 CAPUT
1537 568 1656 638 ΠΙ.

693 709 977 786 Qualiter
998 709 1067 774 in
1089 709 1319 786 divinis
1339 711 1427 774 sit
1451 707 1808 791 ασσιζρίθηιῖιι,
1832 707 2140 790 pancratio

425 899 439 908 ,
489 841 731 924 Primum
758 843 929 916 igitur
966 844 1425 902 considerandum
1459 850 1546 900 est
1574 841 1944 918 ,derisibilium
1975 857 2099 898 esse
2124 841 2436 900 irrisionem

421 947 531 1004 qua
567 947 667 989 nos
700 931 951 1001 irrident,
982 934 1133 1008 quod
1160 933 1411 1007 ponimus
1437 933 1714 990 Christum
1741 931 1938 989 Filium
1967 931 2066 988 Dei
2099 930 2234 998 vivi,
2275 931 2436 1006 quasi

419 1021 569 1088 Deus
592 1035 819 1080 uxorem
845 1020 1119 1079 habuerit.
1150 1023 1287 1082 cnm
1312 1022 1460 1080 enim
1494 1021 1746 1080 carnales
1763 1021 1892 1088 sint,
1934 1035 2042 1077 non
2071 1025 2302 1094 possunt
2329 1020 2434 1078 nisi

422 1125 487 1166 ea
512 1125 637 1182 quae
664 1115 792 1168 sunt
818 1111 999 1170 carnis
1026 1119 1083 1168 et
1120 1112 1409 1184 sanguinis
1427 1113 1689 1184 cogitare.
1721 1107 1962 1179 Quilibet
1989 1115 2178 1166 autem
2214 1109 2435 1182 sapiens

422 1199 768 1260 considerare
794 1204 993 1273 potest,
1014 1201 1167 1273 quod
1194 1217 1298 1256 non
1325 1206 1409 1256 est
1437 1200 1586 1256 idem
1611 1197 1984 1274 generationis
2004 1197 2202 1256 modus
2225 1196 2283 1254 iu
2311 1211 2436 1256 om-

423 1287 788 1354 nibus-rehum,
822 1287 1005 1344 sedin
1046 1284 1373 1364 unaquaque
1401 1305 1482 1362 fre
1511 1286 1787 1346 invenitur
1812 1287 2096 1360 generatio
2133 1285 2437 1346 secuudum

422 1375 813 1450 proprietatem
858 1392 977 1434 suae
1012 1384 1252 1436 naturae.
1292 1379 1355 1434 In
1396 1376 1730 1435 animalibus
1762 1375 1988 1450 quidem
2023 1391 2123 1451 per
2162 1375 2332 1432 maris
2379 1381 2438 1435 et

424 1463 643 1524 feminae
680 1464 1115 1523 commistionem
1160 1483 1177 1523 ι
1225 1467 1283 1522 in
1320 1464 1525 1539 plantis
1551 1480 1682 1522 vero
1725 1481 1820 1539 per
1864 1463 2296 1538 pullulationem,
2337 1479 2439 1522 seu

426 1552 855 1623 generationem,
884 1562 1051 1627 atque
1079 1555 1134 1610 in
1170 1553 1297 1612 'aliis
1324 1555 1506 1612 aliter.
1535 1555 1684 1610 Deus
1711 1556 1896 1618 autem
1924 1568 2029 1609 non
2071 1559 2158 1610 est
2196 1551 2438 1612 carnalis

428 1650 661 1710 naturae,
706 1648 767 1698 ut
794 1642 1051 1700 feminam
1078 1645 1343 1716 requirat,
1386 1644 1476 1700 cui
1511 1643 1932 1700 commisceatur
1966 1641 2036 1698 ad
2066 1641 2232 1716 prolis
2259 1656 2442 1713 gene·-

426 1730 719 1799 rationem,·
758 1731 857 1790 sed
899 1738 983 1804 est
1026 1732 1603 1806 spiritualis.naturae,
1655 1733 1772 1790 sive
1815 1729 2222 1799 intellectualiS,
2263 1729 2440 1788 immo

426 1819 601 1891 magis
644 1835 809 1894 super
848 1835 1064 1878 omnem
1092 1821 1541 1888 intellectualem.
1587 1821 1687 1878 Est
1729 1835 1860 1893 ergo
1905 1821 1964 1876 iu
2008 1835 2074 1876 eo
2114 1807 2444 1894 accipienda

427 1909 707 1981 generatio
734 1910 1033 1966 secundum
1056 1911 1203 1983 quod
1230 1911 1486 1968 convenit
1511 1908 1870 1968 intellectuali
1898 1915 2129 1966 naturae,
2154 1908 2224 1965 Et
2250 1921 2440 1982 quam·

428 1997 511 2058 vis
548 1997 859 2074 intellectus
887 2009 1073 2058 noster
1098 2000 1169 2058 ab
1203 2000 1488 2070 intellectu
1514 1999 1701 2057 divino
1729 1998 1970 2064 deficiat,
1998 2014 2107 2055 non
2148 2010 2438 2069 possumus

428 2087 799 2161 temenaliter
833 2088 979 2162 loqui
1025 2088 1095 2145 de
1140 2089 1419 2146 intellectu
1461 2088 1668 2156 divino,
1715 2088 1817 2144 nisi
1846 2087 2148 2144 secundum
2175 2085 2439 2143 similitu-³

424 2175 610 2232 dinem
638 2193 827 2233 eorum
855 2193 980 2250 quae
1016 2179 1071 2234 in
1100 2179 1378 2235 intellectu
1404 2184 1591 2241 nostro
1631 2177 1956 2236 invenimus·
1984 2177 2084 2234 Est
2119 2181 2306 2232 autem
2347 2175 2439 2231 in-

430 2263 679 2321 tellectus
698 2273 883 2322 noster
900 2265 1193 2339 aliquando
1218 2267 1440 2339 quidem
1463 2267 1520 2322 in
1539 2259 1783 2340 potentia
1798 2265 2124 2337 intelligens,
2141 2264 2439 2338 aliquando

430 2353 484 2407 in
531 2357 682 2408 actu.
712 2353 1175 2431 Quandocumque
1218 2360 1403 2411 autem
1431 2364 1560 2416 actu
1597 2353 1873 2426 intelligit,
1905 2353 2182 2428 quoddam
2228 2352 2441 2408 intelli-

430 2439 595 2511 gibile
634 2438 853 2507 format,
884 2441 1031 2512 quod
1074 2449 1158 2496 est
1204 2443 1456 2516 quaedam
1487 2442 1666 2517 proles
1707 2441 1879 2516 ipsius
1911 2458 1927 2500 ι
1958 2441 2102 2498 unde
2139 2447 2197 2497 et
2235 2440 2440 2498 mentis

432 2533 729 2598 conceptus
756 2527 1087 2584 nominatur.
1112 2529 1181 2585 Et
1211 2528 1317 2587 hoc
1356 2530 1580 2603 quidem
1609 2537 1694 2587 est
1721 2529 1866 2602 quod
1901 2545 2038 2586 voce
2066 2529 2326 2585 exteriori
2357 2528 2439 2584 si-

434 2615 723 2686 gnificatur
756 2633 769 2671 :
808 2616 951 2672 unde
993 2617 1135 2674 sicut
1181 2633 1288 2676 vox
1314 2619 1648 2692 significans,
1679 2619 1906 2676 verbum
1934 2619 2176 2675 exterius
2201 2617 2435 2686 dicitur,

430 2705 511 2765 ita
544 2703 772 2761 interior
805 2707 1005 2762 mentis
1030 2713 1326 2781 conceptus
1362 2708 1532 2765 verbo
1559 2709 1815 2765 exteriori
1843 2706 2440 2780 significatuS‚·dicitur

427 2791 657 2852 ‚verbum
682 2793 1008 2865 intellectae,
1038 2811 1134 2852 sen
1164 2797 1382 2853 mentis,
1410 2797 1512 2853 Hic
1535 2805 1722 2855 autem
1745 2797 1943 2853 mentis
1969 2805 2175 2854 nostrae
2199 2811 2442 2869 concep-

441 2891 531 2940 tus
550 2897 659 2940 non
678 2885 767 2939 'est
788 2881 907 2956 ipsa
924 2884 1126 2942 mentis
1144 2891 1347 2944 nostrae
1369 2887 1627 2954 essentia,
1655 2886 1750 2944 sed
1773 2892 1859 2942 est
1873 2885 2158 2958 ‘quoddam
2182 2885 2442 2943 accidens

439 2972 509 3037 ei,
540 2972 673 3045 quia
698 2987 800 3029 nec
825 2972 1005 3044 ipsum
1036 2974 1337 3047 intelligere
1364 2981 1611 3032 nostrum
1633 2983 1722 3032 est
1759 2974 1938 3048 ipsum
1959 2990 2082 3030 esse
2105 2973 2436 3040 intellectus,

425 3059 677 3132 alioquin
702 3063 1488 3135 nunquam·intellectus'esset
1507 3064 1644 3138 quin
1665 3069 1794 3120 actu
1822 3063 2170 3135 intelligeret.
2199 3061 2442 3120 Verbum

435 3148 603 3218 igitur
632 3151 803 3205 nostri
845 3151 1155 3208 intellectus
1192 3152 1496 3208 secundum
1531 3151 1828 3225 quamdam
1867 3151 2284 3208 similitudinem
2327 3151 2442 3210 dici

435 3240 617 3306 potest
639 3235 726 3293 vel
752 3238 1067 3312 conceptusss
1095 3241 1179 3296 vel
1210 3240 1405 3313 proles,
1439 3249 1495 3297 et
1523 3241 1796 3314 praecipue
1825 3255 1950 3296 cum
1973 3239 2285 3295 intellectus
2301 3239 2446 3314 seip-

434 3339 557 3380 sum
577 3324 853 3398 intelligit,
880 3328 936 3383 in
956 3333 1221 3401 quantum
1239 3328 1451 3386 scilicet
1473 3338 1558 3386 est
1583 3329 1836 3402 quaedam
1851 3328 2168 3385 similitudo,
2188 3327 2445 3385 intellec·

432 3419 527 3468 tus
556 3415 853 3486 procedens
880 3416 951 3472 ab
976 3416 1329 3474 intellectuali
1358 3417 1490 3490 'ejus
1530 3417 1736 3475 virtute
1777 3434 1796 3474 z
1834 3416 1976 3474 sicut
2003 3421 2060 3472 et
2085 3415 2231 3472 filius
2274 3414 2446 3473 hahet

437 3502 849 3560 similitudinem
877 3506 1067 3579 patris,
1111 3506 1410 3578 procedens
1439 3505 1510 3564 ab
1549 3503 2284 3579 ejus'generativa.⁴virtute.
2317 3506 2444 3562 Non

434 3599 621 3649 tamen
666 3591 882 3667 proprie
919 3593 1147 3650 verbum
1174 3596 1347 3652 nostri
1386 3594 1702 3653 intellectus
1735 3604 1915 3670 potest
1957 3594 2066 3652 dici
2106 3593 2446 3667 proles,1ve1

438 3681 599 3749 fliius,
630 3683 761 3755 quia
794 3698 903 3739 non
946 3690 1029 3738 est
1068 3684 1313 3755 ejusdem
1340 3689 1554 3742 naturae
1587 3686 1745 3756 cujus
1785 3692 1869 3740 est
1893 3684 2204 3742 intellectus
2229 3689 2442 3740 noster.

434 3772 557 3829 Non
580 3778 765 3829 autem
789 3787 946 3829 omne
972 3774 1115 3846 quod
1148 3773 1391 3847 procedit
1418 3775 1490 3832 ab
1526 3775 1730 3848 aliquo,
1762 3773 2012 3832 etiamsi
2053 3773 2126 3831 sit
2165 3774 2214 3830 ei
2241 3774 2443 3842 simile,

436 3860 639 3917 dicitur
677 3861 841 3930 filius,
882 3862 1125 3937 alioquin
1170 3865 1351 3936 imago
1372 3864 1488 3923 -.sui
1508 3881 1692 3938 ‚quam
1739 3863 1936 3939 aliquis
1981 3865 2176 3938 pingit,
2221 3865 2449 3937 proprie

436 3948 581 4008 filius
608 3951 903 4020 diceretur.
929 3952 1036 4015 Sed
1082 3952 1153 4018 ad
1183 3954 1284 4012 hoc
1312 3955 1458 4033 quod
1497 3954 1570 4016 sit
1607 3954 1769 4022 filius,
1799 3953 2098 4029 requiritur
2131 3953 2275 4028 quod
2308 3969 2450 4030 pro-
