2850 4517
514 376 632 441 408
988 391 1041 436 s.
1085 389 1321 435 mous
1356 386 1688 439 Aoumms
1727 386 2046 432 croscum.

514 508 611 565 sed
658 513 854 565 natura
896 504 1151 563 humana.
1198 503 1307 563 Sed
1342 504 1393 561 si
1430 503 1606 561 Judaei
1651 517 1761 559 non
1788 502 2106 561 oeciderunt
2149 500 2520 568 divinitatem,

516 596 733 653 videtur
768 594 915 669 quod
945 611 1051 651 non
1092 592 1267 665 magis
1299 600 1668 667 peceaverunt
1703 600 1872 664 quam
1899 590 1946 646 si
1981 589 2317 647 occidissent
2360 606 2525 647 unum
2578 638 2586 643 ,

515 684 683 742 ulium
723 684 1016 741 hominem.
1040 682 1143 749 ‚Ad
1174 682 1278 740 hoc
1309 690 1395 738 est
1420 680 1714 739 dicendum
1739 679 1887 753 quod
1925 680 2056 737 dato
2079 680 2230 753 quod
2258 680 2362 737 re'x
2386 685 2529 735 esset

451 804 456 808 -
514 774 739 831 indutus
764 790 869 831 una
888 781 1061 839 veste,
1084 772 1131 829 si
1154 772 1280 845 quis
1294 760 1606 843 inquinaret
1631 775 1840 827 vestem
1864 768 2033 835 illam,
2066 777 2284 827 tantum
2314 778 2526 826 reatum

514 865 815 921 incurreret
846 878 911 919 ac
937 863 983 920 si
1005 862 1183 935 ipsum
1208 876 1393 932 regem
1422 859 1781 932 inquinasset.
1807 858 1983 917 Judaei
2013 858 2144 915 licet
2169 874 2278 916 non
2307 864 2530 932 possent

515 954 689 1009 Deum
717 952 1045 1019 interficere,
1076 958 1260 1007 tamen
1282 946 1578 1006 humanam
1603 952 1858 1005 naturam
1887 963 1920 1004 a
1943 946 2160 1003 Christo
2185 944 2530 1023 assumptam

515 1040 845 1107 occidentes,
894 1048 1023 1096 sunt
1062 1048 1275 1095 tantum
1304 1036 1488 1109 puniti
1530 1042 1598 1094 ao
1633 1036 1680 1092 si
1711 1035 1886 1108 ipsam
1911 1034 2261 1091 divinitatem
2289 1038 2530 1094 occidis-

514 1135 657 1185 sent.
687 1130 844 1195 Item,
876 1112 1019 1183 sicut
1056 1126 1267 1183 dictum
1294 1131 1380 1181 est
1404 1122 1675 1197 superius.
1709 1122 1852 1179 filius
1893 1122 1988 1178 Dei
2023 1128 2109 1179 est
2139 1122 2374 1181 verbum
2409 1126 2526 1190 Dei,

516 1227 574 1274 et
613 1216 841 1275 verbum
882 1215 983 1273 Dei
1010 1215 1355 1273 incarnatum
1392 1222 1500 1279 est,
1537 1214 1682 1269 sicut
1729 1210 1954 1267 verbum
1983 1211 2128 1282 regis
2163 1211 2436 1284 scriptum
2475 1213 2531 1269 in

514 1306 726 1363 charta.
770 1307 825 1364 Si
870 1304 1037 1376 igitur
1064 1302 1263 1376 aliquis
1300 1301 1593 1359 dilaniaret
1627 1300 1878 1357 chartam
1905 1300 2069 1370 regis,
2101 1316 2201 1375 pro
2233 1307 2394 1359 tanto
2429 1299 2530 1359 ha'-

514 1393 676 1451 betur
710 1408 778 1450 ac
816 1394 863 1448 si
904 1390 1204 1450 dilaniaret:
1237 1390 1466 1448 verbum
1509 1390 1672 1461 regis,
1715 1388 1786 1445 Et
1828 1387 1952 1444 ideo
1981 1403 2077 1461 pro
2107 1390 2266 1446 tanto
2293 1390 2530 1447 habetur

517 1486 803 1555 peccatum
840 1478 1154 1536 ludaeorum
1182 1493 1248 1533 ac
1275 1493 1322 1534 si
1353 1477 1683 1534 occidissent
1709 1462 1936 1534 verbum
1973 1477 2095 1532 Dei.
2135 1478 2243 1535 Sed
2274 1477 2407 1551 qum
2433 1496 2530 1535 ne-

516 1569 769 1632 cessitas.
803 1576 863 1625 ut
890 1567 1131 1623 Verbum
1164 1565 1264 1622 Dei
1311 1571 1591 1638 pateretur
1631 1581 1729 1637 pro
1765 1564 1964 1621 nobis?
1990 1566 2186 1638 Magna
2213 1584 2228 1621 ε
2259 1573 2320 1623 et
2351 1573 2530 1641 potest

518 1656 699 1730 colligi
740 1654 941 1729 duplex
968 1656 1285 1712 necessitas.
1322 1654 1442 1712 Una
1475 1660 1562 1709 est
1603 1656 1674 1711 ad
1715 1654 2015 1709 remedium
2041 1663 2246 1712 contra·
2277 1667 2526 1730 peccata,

518 1746 625 1807 alia
654 1746 833 1803 estad
856 1744 1165 1817 exemplum
1188 1751 1456 1817 quantum
1477 1742 1548 1799 ad
1578 1740 1809 1814 agenda.
1835 1742 1920 1800 Ad
1947 1743 2254 1801 remedium
2282 1746 2524 1819 quidem,

518 1835 649 1910 quia
672 1841 863 1893 contra
892 1834 1073 1891 omnia
1096 1832 1241 1889 mala
1264 1847 1390 1905 quae
1412 1831 1744 1887 incurrimus
1766 1846 1862 1904 per
1887 1840 2191 1905 peccatum,
2218 1834 2528 1893 invenimus

518 1924 818 1981 remedium
846 1940 944 1997 per
962 1922 1271 1997 passionem
1288 1916 1516 1977 Christi:
1537 1920 1872 1976 Incurrimus
1889 1926 2076 1977 autem
2093 1919 2342 1995 quinque
2365 1930 2524 1981 mala.

468 2062 473 2069 .
516 2012 718 2080 Primo,
769 2011 1059 2069 maculam.
1126 2011 1298 2067 Homo
1340 2008 1487 2065 enim
1535 2024 1662 2065 cum
1713 2017 1924 2080 peccat,
1981 2008 2239 2083 deturpat
2289 2013 2526 2071 animam

517 2118 673 2159 suam
708 2120 721 2157 ι
748 2102 879 2174 quia
902 2101 1045 2157 sicut
1075 2099 1249 2155 virtus
1273 2098 1472 2155 animae
1492 2102 1577 2153 est
1602 2096 1948 2169 pulchritudo
1971 2098 2109 2170 eine,
2135 2097 2216 2155 ita
2241 2110 2527 2172 peccatum
2619 2168 2624 2173 ,

519 2198 603 2248 est
635 2190 848 2247 macula
876 2191 1013 2261 ejus.
1047 2188 1239 2244 Baruc.
1270 2201 1336 2242 m
1369 2203 1384 2240 ε
1428 2184 1569 2251 Quia
1607 2191 1704 2251 est,
1730 2185 1923 2259 Israel,
1951 2185 2091 2259 quod
2125 2185 2188 2242 iu
2215 2194 2375 2245 terra
2415 2191 2527 2247 iui-

518 2278 776 2335 micorum
801 2294 873 2342 es,
898 2274 1270 2347 coinquinatus
1296 2290 1349 2328 es
1370 2290 1490 2329 cum
1517 2272 1783 2330 mortuis?
1811 2274 1918 2331 Sed
1941 2273 2047 2331 hoc
2073 2285 2322 2333 removet
2347 2280 2528 2351 passio

518 2365 739 2423 Christi.
762 2365 901 2420 Nam
932 2362 1181 2420 Christus
1202 2376 1300 2418 sua
1321 2362 1574 2433 passione
1599 2360 1731 2418 fecit
1753 2361 2008 2419 balneum
2036 2363 2096 2419 in
2115 2365 2386 2435 sanguine
2407 2384 2524 2436 suo,

518 2468 629 2525 quo
660 2455 974 2524 peccatores
996 2448 1226 2504 lavaret.
1262 2447 1565 2521 Apocalyp.
1597 2464 1616 2506 ι
1651 2466 1664 2502 :
1690 2448 1850 2507 Lavit
1879 2466 1976 2507 noe
1999 2468 2037 2506 a
2064 2452 2300 2525 peccatis
2329 2457 2527 2513 nostris

518 2540 577 2595 in
589 2537 847 2610 sanquine
860 2552 974 2593 suo.
987 2536 1227 2593 Lavatur
1246 2540 1432 2593 autem
1452 2536 1634 2593 anima
1651 2537 1916 2609 sanguine
1935 2538 2135 2597 Christi
2156 2540 2210 2595 in
2230 2541 2524 2612 baptismo3

519 2628 651 2702 quia
676 2644 746 2684 ex
781 2625 980 2685 Christi
1010 2626 1273 2699 sanguine
1311 2626 1575 2683 virtutem
1601 2626 1768 2683 habet
1803 2628 2260 2701 regenerativam.
2304 2630 2373 2687 Et
2407 2633 2526 2689 ideo

518 2734 646 2775 cum
681 2715 881 2791 aliquis
925 2732 986 2773 ee
1029 2716 1280 2789 inquinat
1316 2731 1414 2788 per
1451 2721 1758 2787 peecatum,
1812 2706 1946 2772 facit
1986 2716 2204 2773 Christo
2247 2718 2522 2791 injuriam,

493 2814 576 2863 -et
602 2807 776 2880 magis
799 2813 992 2880 peccat
1019 2820 1185 2877 quam
1213 2812 1361 2861 ante.
1391 2803 1557 2861 Hebr.
1591 2820 1672 2861 x:
1717 2802 1953 2861 Iri-itam
1977 2805 2098 2878 qais
2136 2804 2342 2878 faciem
2365 2809 2526 2882 109&st

516 2892 721 2969 Moysi,
744 2895 857 2951 siue
898 2894 1009 2951 ulla
1048 2892 1411 2959 miseratione,
1439 2892 1638 2966 duobus
1667 2891 1748 2949 vel
1785 2891 1962 2949 tribus
1997 2893 2236 2961 testibus,
2266 2896 2522 2961 moritum

517 2991 718 3057 quanto
758 2982 927 3056 magis
968 2980 1178 3055 putatis
1218 2978 1490 3038 deteriora
1530 2979 1732 3037 mereri
1769 2981 2032 3053 supplicia
2077 2981 2172 3053 qui
2210 2983 2392 3054 filium
2431 2985 2524 3041 Des·

517 3070 921 3137 conculcaverit,
944 3076 996 3127 et
1022 3069 1333 3141 sanquinem
1356 3069 1656 3127 testamenti
1674 3068 1938 3141 pollutum
1961 3069 2228 3127 duxerit?
2253 3073 2518 3141 Secundo,

517 3160 849 3216 incurrimus
874 3160 1133 3215 offensam
1162 3158 1283 3213 Dei.
1303 3159 1444 3214 Nam
1467 3157 1610 3215 sicut
1636 3156 1873 3215 carnalis
1895 3157 2074 3230 diligit.
2096 3160 2376 3217 carnalem
2403 3161 2522 3235 pul-

517 3246 903 3314 chritudinem,
946 3248 1024 3303 ita
1058 3247 1205 3303 Deus
1239 3246 1597 3320 spiritualem,
1639 3261 1764 3318 quae
1793 3254 1878 3303 est
1921 3246 2269 3319 pulchritudo
2308 3250 2520 3307 animae.

518 3336 747 3408 Quando
784 3351 913 3409 ergo
954 3337 1135 3394 anima
1172 3351 1271 3409 per
1315 3341 1600 3407 peccatum
1639 3334 1975 3408 inquinatur,
2020 3336 2168 3393 Deus
2210 3336 2518 3403 offenditur,

517 3433 575 3482 et
599 3427 724 3482 odio
756 3425 922 3482 habet
949 3431 1313 3498 peccatorem.
1343 3423 1562 3495 Sapien.
1603 3438 1706 3479 xiv
1737 3440 1750 3477 :
1784 3423 1920 3480 odio
1949 3431 2076 3482 sunt
2108 3425 2220 3482 Deo
2254 3425 2451 3499 impius
2473 3432 2523 3481 et

519 3515 765 3590 impietas
787 3514 919 3587 ejas.
946 3513 1052 3571 Sed
1077 3512 1277 3570 Christi
1299 3512 1481 3584 passio
1505 3512 1610 3569 hoo
1633 3519 1896 3582 removet,
1923 3514 2017 3585 qui
2042 3514 2157 3569 Deo
2181 3514 2334 3597 ljatri
2359 3515 2519 3571 salis·

517 3601 648 3658 fecit
696 3618 791 3673 pro
829 3606 1074 3673 peccato,
1124 3614 1222 3671 pro
1258 3611 1369 3670 quo
1414 3598 1532 3669 ipse
1574 3598 1736 3655 homo
1770 3598 2088 3655 satisfacere
2133 3616 2245 3657 non
2288 3605 2516 3674 poterat,

516 3691 676 3761 cujus
696 3688 937 3745 charitas
961 3687 1065 3743 fuit
1096 3688 1273 3759 major
1299 3691 1356 3741 et
1383 3684 1694 3743 obedientia
1730 3686 1876 3760 quod
1907 3694 2195 3759 peccatum
2230 3689 2391 3763 primi
2423 3688 2522 3745 ho·

515 3777 681 3858 minis
709 3784 764 3832 et
785 3775 1186 3850 praevaricatio·
1211 3774 1315 3833 Ro.
1350 3790 1388 3830 v
1424 3791 1438 3829 :
1483 3774 1617 3832 Cum
1644 3773 1859 3830 inimici
1879 3790 2104 3833 essemus
2127 3776 2261 3843 Deo,
2287 3776 2519 3833 reconci-

515 3863 639 3919 liati
665 3880 846 3920 sumus
878 3864 981 3919 Deo
1004 3880 1108 3937 per
1133 3870 1357 3919 mortem
1388 3860 1496 3933 filit
1517 3864 1651 3933 ojus.
1681 3861 1885 3931 Tertio,
1913 3863 2246 3922 incurrimus
2282 3864 2338 3921 in
2370 3864 2517 3921 infir-

516 3950 787 4006 mitatem.
817 3951 957 4007 Nam
985 3950 1145 4008 homo
1168 3950 1336 4008 semel
1365 3949 1643 4022 peccando
1665 3950 1842 4007 credit
1869 3951 2218 4023 postmodum
2240 3970 2275 4010 a
2297 3957 2516 4029 peccato
