2850 4517
480 345 603 408 204
962 358 1016 405 s·
1059 359 1293 404 monas
1334 357 1662 410 AQUINAns
1700 359 2011 434 ornacum

474 493 581 551 pro
604 474 829 537 invicem
856 480 920 532 ut
936 473 1241 532 salvemini.
1268 469 1354 532 Ut'
1376 473 1524 533 enim
1551 475 1686 532 dicit
1714 477 1903 535 Ambr.
1923 475 2092 536 multi
2117 481 2334 542 minimi
2355 485 2490 546 dum

476 570 899 636 congregantur,
930 569 987 620 et
1012 561 1477 630 unanimesfiunt,
1501 561 1640 618 fiunt
1655 564 1861 636 magni,
1893 573 1950 622 et
1973 567 2492 646 multorumprec'es

480 651 815 730 impossibile
842 659 927 708 est
952 658 1147 712 utnon
1176 652 1493 724 impetrent,
1519 653 1819 711 secundum
1846 653 2349 720 illud‘Matt.-xvur
2382 680 2399 718 z
2427 663 2491 721 Si

478 741 581 798 duo
606 758 671 798 σω
688 739 831 799 vobis
858 745 1217 797 consenseriut
1236 755 1397 812 super
1421 741 1736 806 tei-ramae
1755 743 1908 799 omni.
1923 759 1984 802 rc
2002 762 2375 822 quamcumque
2386 769 2490 827 pe-

363 841 371 848 ·
479 830 692 898 tieriut,
718 829 809 902 fiet
838 829 947 885 illis
984 845 1019 884 a
1040 836 1201 901 patre
1226 845 1339 884 mco
1364 828 1457 902 qui
1481 829 1542 885 in
1569 830 1712 886 coelis
1737 837 1833 888 cst.
1858 832 1927 888 Et
1955 832 2079 891 ideo
2101 851 2208 892 non
2237 840 2490 912 singula-

478 919 613 976 riter
640 917 942 975 orationem
980 917 1329 989 porrigimuS,
1360 917 1455 974 sed
1495 919 1654 991 quasi
1677 935 1747 975 ex
1776 920 2020 978 unanimi
2047 939 2312 983 consensu
2337 927 2488 998 dici-

477 1021 619 1072 muS,
666 1006 833 1063 Pater
877 1011 1073 1062 noster.
1119 1005 1588 1063 Considerandum
1629 1013 1714 1064 est
1756 1009 1942 1078 etiam,
1985 1011 2116 1078 auia
2145 1029 2270 1088 spes
2297 1029 2486 1077 nostra

477 1103 563 1151 est
590 1094 659 1151 ad
688 1096 863 1150 Deum
892 1109 985 1165 per
1014 1091 1309 1162 Christum,
1343 1095 1645 1152 secundum
1676 1096 1818 1154 illud
1856 1097 2020 1157 Rom.
2047 1117 2086 1157 v
2129 1119 2144 1157 ε
2189 1103 2487 1178 laetificati

476 1199 545 1238 ex
585 1182 690 1255 fide
712 1199 895 1255 pacem
933 1181 1211 1240 habeamus
1229 1182 1318 1258 ‘ad
1358 1183 1528 1240 Deum
1552 1201 1654 1257 per
1681 1186 1973 1243 Dominum
2015 1203 2261 1248 nostrum
2302 1195 2484 1254 Iesum

478 1269 775 1336 Christum,
803 1285 903 1342 per
929 1285 1077 1342 quem
1104 1269 1349 1329 habemus
1375 1287 1630 1329 accessum
1649 1272 1752 1345 per
1775 1273 1930 1346 fidem
1953 1275 2014 1332 in
2034 1278 2274 1349 qratiam
2299 1283 2481 1353 istam,

477 1357 536 1414 in
560 1375 664 1430 qua
704 1365 905 1422 stamus
932 1365 984 1415 et
1018 1358 1322 1431 ylariamur
1342 1359 1404 1416 in
1430 1377 1520 1432 spe
1545 1362 1731 1433 ylorioe
1755 1362 1998 1435 filiorum
2030 1367 2152 1424 Dei.
2181 1371 2284 1427 Per
2304 1369 2484 1446 ipsum

477 1447 623 1502 enim
654 1446 748 1521 qui
776 1455 861 1504 est
891 1447 1201 1518 unigenitus
1240 1449 1340 1504 Dei
1369 1449 1514 1506 filius
1553 1449 1838 1519 naturalis,
1866 1452 2132 1512 efficimur
2175 1457 2276 1516 fllii
2307 1462 2484 1536 adop-

478 1536 599 1603 tivi,
628 1536 757 1608 quia
782 1540 843 1591 ut
880 1535 1083 1593 dicitur
1108 1536 1235 1594 Gal.
1263 1553 1325 1596 ιν
1352 1553 1367 1592 z
1391 1537 1550 1598 Misit
1585 1538 1728 1595 Deus
1746 1539 1922 1612 filium
1947 1559 2119 1612 suum,
2147 1553 2210 1603 ut
2235 1549 2482 1623 adoptio-

476 1607 597 1681 nem
611 1624 853 1697 filiorum
872 1625 1241 1698 reciperemus.
1264 1625 1381 1684 Tali
1410 1626 1580 1698 igitur
1598 1633 1786 1687 tenore
1804 1631 1980 1688 Deum
2001 1641 2215 1706 patrem
2237 1639 2478 1710 profiteri

476 1713 757 1781 debemus,
787 1720 850 1770 ut
871 1713 1155 1790 privilegio
1177 1715 1442 1788 unigeniti
1470 1732 1578 1774 non
1607 1717 1900 1792 derogetur
1927 1738 1941 1777 z
1970 1722 2114 1780 unde
2137 1726 2278 1798 Aug.
2307 1727 2478 1786 dicit:

478 1821 505 1854 α
532 1801 655 1859 Noli
698 1802 796 1858 tibi
826 1802 1032 1876 aliquid
1062 1804 1373 1876 specialiter
1398 1805 1700 1864 vindicare.
1725 1808 1906 1867 Solius
1939 1811 2142 1870 Christi
2169 1815 2482 1888 specialiter

476 1899 560 1947 est
588 1897 765 1964 pater,
791 1891 947 1948 nobis
978 1892 1231 1952 omnibus
1253 1891 1313 1950 in
1332 1895 1605 1951 communi
1635 1901 1792 1970 pater
1818 1900 1924 1968 est',
1949 1901 2082 1974 quia
2109 1902 2262 1961 illum
2305 1905 2478 1964 solum

476 1980 813 2052 genuit,·nos
832 1981 1065 2053 creavit,
1083 1985 1141 2038 et
1161 1980 1286 2058 ideo
1310 1981 1530 2054 dicitur,
1553 1984 1725 2043 Pater
1749 1993 1929 2044 noster
1949 2007 2005 2046 a.
2066 1982 2088 2068 '-

1240 2152 1528 2223 CAPUT
1589 2127 1708 2226 v'1.

485 2292 604 2356 Ubi
646 2288 983 2353 ostenditur
1021 2288 1143 2372 Dei
1173 2291 1386 2369 patric
1421 2294 1644 2372 nostri,
1691 2313 1865 2378 quem
1903 2317 2167 2379 oramus,
2211 2312 2479 2385 potestas

552 2379 905 2532 ggigemm
930 2377 1357 2504 comedendum
1372 2399 1488 2462 per
1513 2383 1642 2458 Ιιοσ,
1672 2387 1838 2506 quod
1861 2388 2094 2517 dicitur
2117 2419 2145 2459 .·
2175 2394 2302 2505 Qui
2326 2415 2387 2462 es
2405 2398 2478 2504 viu

543 2599 692 2657 Solet
720 2605 906 2658 autem
932 2601 1249 2690 contingere
1274 2603 1391 2679 spei
1415 2605 1662 2666 defectus
1683 2598 1905 2684 pro'pter
1927 2613 2308 2688 impotentiam
2336 2623 2472 2695 ejus,

475 2701 509 2743 a
536 2701 645 2760 quo
675 2686 937 2745 auxilium
966 2695 1115 2746 esset
1142 2691 1492 2764 sperandum.
1517 2694 1638 2752 Non
1667 2695 1814 2754 enim
1851 2699 2054 2758 sufficit
2088 2703 2158 2760 ad
2179 2707 2301 2780 ,spei
2331 2708 2477 2766 fidu-

473 2775 636 2842 ciam,
678 2776 825 2850 quod
855 2777 944 2834 ille
967 2779 1056 2836 cui
1099 2795 1223 2852 spes
1262 2780 1534 2848 innititur,
1560 2783 1900 2845 voluntatem
1927 2789 2127 2850 habeat
2153 2794 2471 2870 edJuvandi,

472 2865 579 2922 nisi
604 2865 749 2922 adsit
770 2872 1034 2940 potestas.
1056 2868 1405 2927 Satisautem
1432 2871 1732 2932 voluntatis
1759 2875 1962 2936 divinae
1988 2884 2474 2956 promptitudinem

471 2953 541 3011 ad
580 2956 882 3028 juvandum
934 2955 1305 3030 exprimimuS,
1347 2967 1560 3034 patrem
1605 2979 1729 3020 eum
1776 2967 2100 3039 profitendo,
2149 2972 2246 3029 sed
2296 2991 2366 3032 ne
2407 2977 2476 3033 da

471 3043 792 3112 excellentia
819 3045 1113 3118 potestatis
1149 3049 1268 3120 ejus
1314 3049 1616 3121 dubitetur,
1659 3053 1912 3112 subditur
1943 3073 1958 3114 ε
1985 3057 2091 3125 Qm·
2112 3076 2166 3118 cc
2204 3061 2267 3119 in
2311 3065 2476 3123 coelis.

468 3134 590 3189 Non
616 3133 761 3187 enim
784 3149 905 3190 esse
933 3135 991 3190 in
1022 3135 1176 3194 coelis
1211 3137 1416 3194 dicitur
1451 3140 1595 3198 sicut
1619 3157 1656 3200 a
1677 3142 1848 3204 coelis,
1871 3154 2182 3218 contentae,
2203 3153 2304 3208 sed
2329 3156 2480 3213 sicut

470 3218 639 3278 coelos
672 3236 773 3277 sua
808 3221 1011 3279 virtute
1050 3224 1534 3297 comprehendens,
1579 3232 1880 3290 secundum
1921 3234 2054 3292 illud
2085 3236 2268 3294 Eccle.
2303 3257 2473 3301 xxiv.

472 3309 675 3379 Gyrum
698 3307 814 3364 coeli
842 3309 1068 3368 circuivi
1087 3312 1201 3368 sola
1220 3329 1239 3370 .·
1259 3314 1562 3386 quinimmo
1583 3333 1746 3392 super
1769 3327 1942 3379 totam
1969 3322 2233 3383 coelorum
2253 3332 2480 3402 magni-

471 3397 716 3454 tudinem
737 3399 910 3455 virtus
932 3401 1053 3474 ejus
1078 3399 1293 3458 elevata
1314 3410 1417 3473 est,
1445 3406 1744 3464 secundum
1773 3409 1905 3466 illud
1928 3412 2128 3471 Psalm.
2158 3431 2269 3473 vm
2293 3434 2309 3474 ε
2337 3419 2479 3477 Elo-

467 3490 595 3542 vata
617 3494 693 3543 est
718 3477 1114 3558 maynificcutia
1137 3493 1230 3550 tua
1252 3505 1415 3563 super
1451 3493 1617 3560 coelos,
1648 3495 1809 3553 Deus.
1832 3497 1905 3556 Et
1933 3500 2057 3558 ideo
2079 3503 2150 3560 ad
2176 3505 2297 3576 spei
2325 3507 2478 3566 fidu·-

467 3574 610 3644 ciam
636 3575 1069 3645 confirmandam
1091 3575 1351 3634 virtutem
1374 3580 1494 3652 ejus
1515 3583 1853 3655 profitemur,
1876 3605 2001 3661 quae
2024 3590 2195 3648 coelos
2211 3594 2472 3666 sustinet,

466 3668 523 3717 et
550 3663 909 3744 transcendit.
948 3664 1051 3720 Per
1086 3663 1191 3720 hoc
1218 3665 1387 3722 etiam
1420 3667 1868 3749 impedimentum
1895 3677 2173 3749 quoddam
2201 3683 2478 3742 orationis

468 3750 796 3809 excluditur.
834 3752 973 3810 Sunt
1004 3752 1153 3812 enim
1186 3753 1359 3829 aliqui
1400 3759 1496 3831 qui
1533 3775 1622 3816 res
1661 3759 1928 3821 humanas
1967 3763 2123 3824 fatali
2151 3772 2475 3831 necessitati

466 3838 708 3897 siderum
742 3840 1014 3928 subdunt,
1034 3849 1228 3909 contra
1256 3843 1391 3909 illud
1424 3847 1572 3920 quod
1605 3848 1826 3919 dicitur,
1856 3852 2061 3913 Jerem.
2095 3870 2140 3914 x
2171 3873 2187 3915 z
2219 3859 2272 3916 A
2300 3858 2475 3934 siquas

467 3925 582 3992 eccli
612 3927 775 3994 notite
811 3939 1071 4002 metuere,
1101 3939 1229 4008 'quw
1265 3941 1446 4009 aeuus
1487 3934 1698 3997 timent.
1739 3941 2049 4003 Secundum
2072 3940 2292 4007 'autem-
2321 3949 2472 4009 hunc
