2850 4517
568 329 687 408 438
720 378 731 393 .
1044 346 1098 392 s.
1144 346 1377 392 rueme
1416 347 1750 398 sommus
1786 341 2097 393 croscum

565 458 823 531 eogitari,
872 460 961 520 vel
1000 446 1302 519 desiderari
1344 470 1542 537 potest,
1591 470 1675 521 est
1719 464 1899 519 minus
1941 476 2109 535 quam
2150 460 2320 515 Deus.
2351 456 2602 527 Propter

566 548 713 620 quod
742 548 946 606 dicitur
973 549 1031 606 in
1071 550 1177 607 sob
1200 568 1388 610 xxxv!
1420 568 1435 607 ε
1465 554 1600 610 Ecce
1632 554 1776 609 Deus
1811 568 2036 623 maanus
2060 550 2274 606 vincens
2299 544 2597 603 scientiam

562 644 826 694 nostram.
853 638 998 697 Psal.
1018 654 1140 713 xn:
1166 642 1417 699 Excelsus
1439 658 1598 716 saper
1620 658 1797 699 omnes
1817 649 1993 715 qentes
2013 639 2295 720 Dominus.
2321 636 2439 693 Isa.
2465 646 2548 689 ιι
2577 646 2592 687 :

565 722 674 780 Gai
710 726 937 783 similem
975 728 1179 801 fecistis
1216 730 1432 786 Deum?
1471 729 1834 787 Familiaritas
1875 738 2060 787 autem
2094 726 2195 783 Dei
2241 722 2590 785 ostenditur,

565 814 612 869 si
646 831 744 887 per
772 817 940 875 coelos
968 819 1141 874 sancti
1170 819 1527 891 accipiantur.
1555 818 1694 889 Quia
1723 820 1868 876 enim
1903 826 2122 891 propter
2160 816 2284 888 ejus
2321 808 2595 870 altitudi-

480 914 485 919 ’
564 918 691 959 nem
719 904 890 979 aliqui
917 906 1195 974 dixerunt,
1233 907 1378 981 quod
1420 908 1658 965 humana
1702 924 1808 965 non
1849 914 2022 975 curat,
2055 910 2274 979 oportet
2315 898 2598 958 conside-

568 1008 713 1063 rare,
753 994 1069 1066 quianobis.
1098 1002 1182 1053 est
1222 996 1454 1066 vicinu3‚
1495 996 1660 1054 immo
1689 997 1929 1063 intimus,
1970 995 2100 1069 quia
2131 992 2344 1049 dicitnr
2373 1002 2509 1045 esse
2537 987 2597 1043 in

564 1081 719 1138 coelis
728 1080 787 1138 id
800 1089 885 1139 est
898 1084 953 1140 in
964 1084 1185 1151 sanctie,
1200 1082 1295 1159 qui
1306 1085 1431 1144 coeli
1441 1085 1716 1154 dicuntur,
1728 1084 2024 1143 secundum
2033 1082 2164 1138 illud
2177 1080 2392 1137 Psalm.
2407 1089 2594 1133 xvm:

566 1168 700 1225 Goeli
735 1178 1000 1227 enarrant
1031 1170 1261 1245 qloriam
1292 1173 1417 1229 Dei.
1456 1172 1569 1229 Jer.
1608 1188 1714 1230 xiv
1751 1190 1766 1228 :
1815 1174 1894 1229 Ta
1929 1172 1987 1227 in
2023 1168 2170 1226 nobis
2205 1184 2284 1232 es,
2325 1163 2596 1221 Domine.

562 1258 681 1313 Hoc
703 1259 849 1315 enim
872 1260 1028 1315 affert
1052 1259 1252 1318 fiducia
1282 1261 1564 1319 orantibus
1593 1262 1856 1335 quantum
1884 1260 1952 1317 ad
1979 1258 2104 1315 duo.
2143 1255 2359 1322 Primo,
2397 1268 2600 1325 quan-

566 1353 682 1401 tum
718 1346 789 1402 ad
820 1348 1283 1421 propinquitatem
1311 1352 1431 1417 Dei,
1459 1350 1758 1408 secundum
1786 1349 1915 1405 illud
1942 1346 2077 1404 Psal.
2109 1358 2290 1403 cxciv
2345 1359 2360 1397 :
2402 1340 2600 1412 Prope

562 1440 641 1490 est
668 1433 925 1491 Dominus
943 1434 1183 1492 omnibus
1201 1436 1568 1495 invocantibus
1593 1454 1728 1495 eam.
1751 1438 1906 1495 Unde
1925 1434 2104 1493 Matth.
2131 1448 2192 1487 vr
2219 1448 2236 1486 ε
2270 1431 2366 1487 Tu
2391 1435 2601 1484 autem

561 1538 679 1579 eum
714 1522 977 1591 oraveris,
1000 1523 1155 1582 intra
1194 1525 1255 1582 in
1296 1526 1611 1601 cubiculum,
1652 1527 1864 1584 scilicet
1883 1524 2063 1582 cordis.
2093 1518 2384 1584 Secundo,
2443 1516 2605 1589 quia

560 1627 657 1683 per
699 1612 1060 1683 patrocinium
1106 1613 1337 1672 aliorum
1382 1622 1717 1673 sanctorum·
1741 1628 2015 1688 possumus
2053 1610 2367 1681 impetrare
2423 1604 2606 1678 quod

557 1700 815 1771 petimus,
838 1701 1137 1759 secundum
1161 1702 1295 1761 illud
1313 1704 1413 1761 Job
1437 1720 1476 1761 v
1499 1722 1514 1759 z
1541 1704 1632 1763 Ad
1657 1705 1880 1777 aliquem
1899 1705 2194 1759 sanctorum
2223 1700 2600 1752 convertere.

557 1790 674 1846 Jac.
706 1805 745 1846 v
791 1806 807 1845 ε
854 1790 1021 1849 Orate
1038 1810 1144 1865 pro
1185 1792 1430 1861 invicem,
1469 1800 1534 1851 ut
1568 1794 1862 1851 salvemini.
1901 1788 2262 1849 idoneitatem
2308 1786 2504 1841 etiam
2535 1789 2601 1839 et

557 1880 959 1951 congruitatem
1004 1882 1205 1956 accipit
1246 1884 1424 1941 oratio
1466 1900 1536 1941 ex
1559 1884 1662 1942 hoc
1703 1882 1847 1957 quod
1884 1879 2076 1937 dicitur
2114 1878 2239 1933 esse
2279 1875 2344 1929 in
2389 1872 2594 1941 coeliS,

555 1968 857 2025 secundum
880 1970 1026 2042 quod
1044 1964 1147 2044 ‘per
1174 1971 1341 2030 coelos
1364 1972 1670 2047 spiritualia
1688 1972 1827 2029 bona
1849 1975 1905 2027 et
1921 1974 2122 2027 aeterna
2143 1962 2592 2037 intelliguntur,

555 2056 613 2111 in
654 2056 853 2131 quibus
893 2068 977 2116 est
1013 2056 1297 2119 beatitudo
1336 2067 1560 2136 propter
1587 2062 1713 2119 duo.
1758 2060 1951 2126 Primo,
1982 2056 2109 2131 quia
2133 2070 2232 2127 per
2259 2052 2376 2109 hoc
2417 2051 2596 2108 exci-

555 2152 703 2201 tatur
734 2154 981 2205 nostrum
1004 2148 1336 2207 desiderium
1368 2150 1440 2207 ad
1473 2149 1741 2209 coelestia.
1781 2147 2020 2205 Tendere
2044 2144 2192 2219 enim
2231 2141 2414 2199 debet
2443 2140 2593 2195 illuc

554 2232 885 2291 desiderium
918 2244 1183 2307 nostrum,
1216 2238 1307 2294 ubi
1335 2245 1548 2313 patrem
1571 2239 1848 2305 habemuS,
1881 2234 2009 2309 quia
2036 2232 2146 2290 illic
2170 2247 2232 2287 es
2254 2229 2592 2287 haereditas

551 2327 761 2377 nostra.
788 2324 902 2378 Col.
930 2340 998 2379 ιιι
1036 2342 1050 2380 :
1081 2326 1211 2391 Quae
1233 2342 1446 2383 sursum
1471 2322 1594 2383 sa‘nt
1619 2326 1859 2401 quaerite.
1892 2342 1931 2382 1.
1961 2325 2062 2380 Pet
2097 2338 2122 2379 ε.
2153 2320 2224 2376 In
2257 2316 2590 2375 hoeredita-

551 2412 657 2461 tem
701 2407 1195 2477 immarcessibilem,
1252 2421 1612 2471 conservatam
1651 2416 1712 2471 in
1757 2412 1915 2471 ooelis.
1956 2408 2221 2474 Secundo,
2269 2406 2417 2479 quia
2475 2420 2589 2478 por

547 2490 654 2546 hoc
690 2490 1014 2550 informatur
1054 2502 1117 2551 ut
1160 2497 1236 2553 sit
1282 2497 1396 2555 vita
1436 2500 1697 2570 coelestiS,
1743 2510 1804 2557 ut
1848 2498 2018 2555 simus
2061 2494 2368 2553 conformes
2410 2491 2588 2565 patri

548 2576 780 2648 coelesti,
828 2584 1127 2642 secundum
1155 2584 1311 2643 illud.
1353 2588 1530 2645 ICor.
1560 2604 1642 2646 xv
1679 2606 1694 2645 z
1728 2587 1910 2657 Qualis
1945 2585 2175 2649 coelestis,
2203 2582 2340 2639 tales
2367 2586 2429 2636 et
2461 2596 2586 2638 eae-

546 2666 694 2723 lestes
720 2684 741 2725 .·
770 2675 827 2726 et
854 2670 971 2729 haec
998 2673 1107 2731 duo
1135 2674 1343 2733 faciunt
1369 2676 1624 2734 idoneum
1651 2678 1722 2735 ad
1751 2676 2058 2752 petendum,
2089 2671 2303 2729 scilicet
2329 2670 2586 2727 deside-

546 2755 689 2813 rium
716 2757 959 2831 coeleste,
985 2768 1043 2819 et
1064 2760 1181 2821 vita
1203 2764 1443 2823 eoelestis
1465 2782 1534 2822 ex
1555 2766 1754 2839 quibus
1778 2766 1954 2823 oratio
1980 2776 2220 2835 congrua
2247 2760 2338 2817 fit.

1294 2956 1513 3022 Prima
1545 2958 1784 3039 petitio.

610 3110 985 3183 Sanctificetur
1020 3130 1209 3171 nomen
1234 3122 1405 3172 tuam.
1437 3119 1567 3174 Haee
1594 3122 1677 3173 est
1713 3116 1887 3190 prima
1913 3116 2131 3189 petiti0,
2174 3114 2234 3171 in
2263 3130 2382 3187 qua
2412 3113 2582 3185 peti-

542 3202 633 3251 tus
657 3205 719 3253 ut
747 3214 942 3257 nomen
971 3203 1090 3274 eJus
1116 3204 1172 3259 iu
1196 3204 1351 3261 nobis
1374 3206 1768 3273 manifestetur,
1795 3210 1849 3261 et
1873 3204 2208 3262 declaretur.
2237 3202 2345 3259 Bst
2371 3210 2580 3259 autem

536 3296 734 3341 nomen
758 3286 860 3343 Dei
896 3287 1071 3359 primo
1106 3289 1371 3359 mirabile,
1412 3293 1542 3365 quia
1587 3293 1643 3347 in
1679 3292 1931 3349 omnibus
1962 3292 2238 3349 creaturis
2277 3289 2582 3346 mirabilia

537 3380 798 3442 operatur
838 3390 853 3428 ε
896 3374 1037 3430 unde
1081 3377 1343 3435 Dominus
1371 3381 1427 3435 in
1454 3378 1767 3452 Evangelio,
1807 3382 1974 3438 Marc.
2005 3380 2110 3438 ult.
2160 3397 2177 3436 z
2219 3378 2298 3436 ln
2342 3378 2582 3435 nomine

534 3472 644 3513 meo
671 3459 932 3517 doemonia
972 3460 1207 3533 efficient,
1246 3472 1354 3522 etc.
1393 3468 1659 3537 Secunde,
1693 3476 1776 3525 est
1805 3460 2062 3526 amabile.
2095 3472 2224 3526 Act.
2270 3482 2337 3525 xv
2391 3484 2408 3523 :
2441 3466 2582 3525 Non

534 3549 613 3597 est
647 3544 799 3601 aliud
832 3564 1021 3605 nomen
1046 3549 1231 3607 datum
1268 3554 1362 3609 sub
1390 3556 1531 3622 coelo,
1561 3573 1622 3611 m
1662 3572 1763 3629 qao
1797 3563 2044 3629 oporteat
2078 3574 2178 3614 nos
2203 3558 2390 3613 sabos
2417 3556 2582 3629 fieri.

533 3626 689 3721 §alus
716 3636 899 3691 autem
926 3643 1011 3693 est
1038 3638 1110 3693 ab
1136 3640 1386 3698 omnibus
1409 3642 1703 3715 diligenda.
1739 3644 2063 3717 Exemplum
2093 3645 2163 3701 de
2190 3644 2364 3703 beato
2398 3647 2590 3719 Igna-

534 3715 632 3775 ῑῑο,
666 3717 759 3784 qui
793 3725 975 3778 tamen
1003 3739 1198 3781 nomen
1236 3728 1439 3787 Christi
1462 3731 1670 3801 dilexit,
1713 3734 1859 3807 quod
1887 3750 2015 3790 cum
2049 3734 2340 3807 Trajanus
2369 3734 2593 3809 requi-

533 3801 681 3851 reret
705 3798 871 3898 abeo
901 3816 959 3864 ut
990 3826 1185 3868 nomen
1212 3814 1414 3872 Christi
1443 3826 1685 3891 negaret,
1718 3821 2000 3894 respondit
2027 3822 2180 3895 quod
2205 3822 2284 3879 de
2314 3839 2424 3879 ore
2453 3825 2592 3895 ejus

534 3890 801 3941 removeri
830 3905 935 3947 non
974 3906 1157 3966 posset
1187 3918 1203 3957 ι
1245 3910 1302 3959 et
1340 3918 1468 3962 eum
1507 3905 1600 3965 ille
1627 3908 1928 3966 minaretur
1971 3909 2083 3966 sibi
2121 3916 2307 3984 caput
2333 3910 2592 3968 abscin-
