2850 4517
744 344 839 391 m.
864 359 945 378 -
968 344 1049 391 ns
1074 345 1432 391 remouens
1473 348 1860 406 ommi-urs,
1893 348 2030 393 mc,
2275 334 2397 396 253

384 462 587 531 evasit,
618 467 677 519 et
699 459 1096 519 beatitudinem
1124 477 1250 535 quae
1275 459 1383 518 sibi
1412 478 1447 519 a
1476 462 1591 520 Deo
1618 462 2021 535 repromittitur
2046 464 2298 535 cogitans
2323 467 2392 523 ad

387 552 637 610 divinum
654 566 897 608 amorem
925 566 1033 632 non
1063 550 1455 608 accenderetur
1477 550 1655 607 :unde
1680 553 1822 623 Aug.
1846 568 1860 607 ε
1884 551 2073 607 Durus
2086 559 2161 609 est
2184 554 2398 612 animus

386 640 643 707 homt'nis,
696 638 789 712 qui
836 638 936 695 etsi
977 638 1307 695 dilectionum
1340 638 1496 696 -nolit
1545 638 1837 711 impedire,
1881 640 2066 697 saltem
2117 657 2222 698 non
2247 709 2249 712 ¹
2271 643 2395 699 velit

318 721 321 727 ’
386 728 697 801 rependere.
744 726 813 783 Et
853 726 1257 794 universaliter,
1298 726 1444 782 sicut
1493 727 1858 797 cogitationes
1902 728 2065 785 malae
2106 730 2396 788 destruunt

388 817 734 883 charitatem,
769 816 849 872 ita
894 814 1053 871 honae
1098 831 1222 871 eam
1272 816 1582 889 acquirunt,
1623 817 1892 879 nutriunt,
1925 824 1981 873 et
2022 827 2392 876 conservant:

389 906 535 962 unde
568 903 827 978 jubemur
871 904 978 959 lsa.
1006 919 1029 959 1
1061 920 1075 958 ε
1105 902 1336 976 Auferte
1378 904 1526 961 mala
1567 904 1947 977 cogitationum
1984 913 2291 965 vestrarum
2331 908 2396 963 ab

386 994 553 1053 ocutis
579 993 727 1050 meis.
753 992 973 1066 Sapien.
1004 1008 1024 1049 1
1057 990 1365 1049 :Perversoe
1392 993 1734 1066 cogitationes
1754 1001 2009 1067 separant
2037 1011 2074 1050 a
2101 996 2232 1052 Deo.
2257 998 2395 1054 Sunt

388 1087 576 1143 autem
600 1087 657 1138 et
679 1082 809 1151 duc,
827 1097 953 1155 quae
975 1080 1221 1138 habitam
1247 1081 1580 1138 charitatem
1599 1091 1822 1154 augent.
1839 1083 2082 1140 Primum
2095 1094 2186 1141 est
2213 1085 2395 1141 cordis

388 1170 667 1245 separatio
695 1186 727 1227 a
750 1173 1005 1227 terrenis.
1018 1171 1123 1226 Cor
1144 1171 1290 1226 enim
1314 1170 1553 1243 perfecte
1577 1170 1632 1227 in
1660 1171 1878 1229 diversa
1905 1172 2035 1229 ferri
2060 1189 2164 1247 non
2190 1181 2388 1247 potest.

386 1262 544 1319 Unde
580 1258 763 1316 nullus
803 1259 950 1317 valet
991 1259 1167 1315 Deum
1208 1263 1265 1315 et
1307 1260 1574 1317 ,mundum
1616 1259 1862 1333 diligere.
1901 1260 1970 1316 Et
2016 1262 2139 1319 ideo
2187 1271 2393 1337 quanto

389 1349 565 1422 magis
592 1347 663 1405 ab
685 1364 871 1405 amore
894 1354 1237 1409 terrenorum
1266 1354 1452 1405 noster
1476 1349 1691 1405 animus
1715 1348 2020 1422 elongatur,
2035 1356 2189 1407 tanto
2218 1352 2395 1423 magis

388 1439 638 1495 firmatur
666 1438 723 1493 in
754 1435 1047 1494 dilectione
1089 1436 1297 1493 divina.
1327 1438 1483 1494 Unde
1519 1440 1662 1509 Aug.
1700 1438 1834 1494 dicit
1877 1439 1935 1494 in
1983 1438 2076 1494 lib.
2107 1439 2392 1495 LXXXIII

387 1534 567 1600 quaest
598 1542 611 1581 ε
652 1524 955 1582 Chai-itatis
982 1540 1237 1581 venenum
1268 1532 1342 1581 est
1370 1542 1486 1598 spes
1512 1526 1993 1605 adipiscendorum,
2023 1536 2118 1584 aut
2147 1529 2392 1586 retinen-

386 1614 579 1669 dorum
604 1612 1002 1685 temporalium.
1018 1613 1429 1669 Nutrimentum
1456 1615 1576 1687 ejus
1603 1624 1684 1671 est
1709 1616 2018 1672 imminutio
2042 1616 2388 1689 cupiditatis:

342 1744 349 1746 -
387 1703 670 1776 perfectio,
702 1702 851 1759 nulla
874 1702 1167 1775 cupiditas,
1200 1703 1331 1775 quia
1368 1702 1526 1758 radix
1551 1703 1792 1759 omnium
1823 1704 2092 1761 malorum
2121 1712 2205 1761 est
2233 1707 2385 1779 cupi-

386 1792 553 1849 ditas.
597 1790 857 1864 Quisquis
897 1791 1065 1863 igitur
1099 1789 1428 1847 charitatem
1471 1792 1679 1847 nutrire
1719 1790 1856 1859 vult,
1885 1791 2050 1849 instet
2081 1794 2388 1850 minuendis

386 1876 801 1950 cupiditatibus.
847 1878 946 1935 Est
981 1883 1167 1934 autem
1211 1877 1487 1951 cupiditas
1518 1893 1675 1933 amor
1715 1878 2074 1950 adipiscendi,
2107 1886 2203 1935 aut
2243 1879 2386 1936 obti-

386 1966 555 2023 nendi
584 1965 924 2038 temporalia.
951 1966 1126 2039 Hujus
1156 1966 1545 2023 imminuendae
1573 1966 1790 2021 initium
1829 1972 1913 2021 est
1954 1968 2128 2023 Deum
2176 1970 2385 2037 timere,

387 2056 484 2131 qui
508 2052 666 2132 solus·
684 2053 860 2111 timeri
888 2055 1007 2111 sine
1026 2070 1218 2111 amore
1246 2070 1353 2112 non
1378 2062 1578 2127 potest.
1607 2054 1676 2111 Et
1712 2061 1935 2128 propter
1977 2055 2082 2113 hoc
2123 2057 2386 2130 ordinatae

386 2144 609 2200 fuerunt
632 2142 943 2215 religiones,
972 2144 1027 2200 in
1046 2143 1265 2216 quibus,
1293 2149 1349 2199 et
1377 2159 1476 2217 per
1497 2158 1636 2216 quas
1658 2159 1690 2200 a
1718 2141 2004 2201 mundanis
2030 2153 2088 2201 et
2114 2150 2388 2221 corrupti-

386 2232 589 2289 bilibus
634 2232 848 2289 animus
889 2232 1144 2303 trahitur,
1171 2242 1228 2289 et
1276 2232 1504 2303 erigitur
1545 2232 1614 2288 ad
1655 2232 1842 2289 divina
1879 2248 1893 2287 ε
1933 2232 2080 2306 quod
2116 2234 2388 2307 signa-tur,

387 2322 439 2379 11
462 2319 707 2379 Machab.
737 2336 777 2389 ι,
811 2320 901 2377 ubi
948 2320 1151 2377 dicitur
1182 2338 1197 2379 ε
1225 2320 1456 2393 Refulsit
1493 2320 1590 2387 sol,
1620 2320 1740 2392 qui.
1755 2320 1918 2392 prius
1955 2329 2077 2379 erat
2102 2320 2158 2378 in
2188 2323 2388 2379 nubilo.

388 2409 500 2477 Sol,
531 2409 588 2466 id
606 2417 711 2477 est,
734 2410 1049 2467 intellectus
1070 2410 1344 2468 humanus
1367 2416 1454 2467 est
1479 2410 1534 2467 iu
1559 2410 1762 2488 nubilo,
1794 2409 2015 2484 quando
2061 2411 2280 2469 deditus
2305 2422 2388 2469 est

387 2498 621 2555 terrenis
650 2516 664 2553 z
696 2498 791 2555 sed
818 2498 1069 2571 refulget,
1098 2500 1315 2573 quando
1345 2515 1378 2557 a
1413 2506 1756 2575 terrenorum
1803 2516 1989 2559 amore
2025 2501 2309 2573 elongatur
2337 2510 2393 2558 et

387 2586 707 2644 retrahitur.
733 2587 888 2643 Tunc
914 2588 1061 2644 enim
1084 2588 1353 2661 splendet,
1386 2592 1445 2644 et
1473 2594 1604 2644 tunc
1629 2588 1848 2645 divinus
1875 2604 2031 2644 amor
2064 2588 2116 2645 in
2147 2606 2212 2645 eo
2241 2606 2393 2647 cres·-
2500 2656 2508 2661 ⁷

388 2676 488 2733 cit.
537 2674 849 2732 Secundum
888 2682 972 2733 est
1013 2676 1173 2733 firma
1214 2674 1484 2748 patientia
1511 2676 1568 2731 in
1614 2675 1881 2732 adversis,
1921 2678 2266 2734 Manifestum
2311 2688 2393 2735 est

388 2764 539 2821 enim
578 2764 725 2837 quod
771 2764 989 2837 quando
1034 2764 1227 2837 gravia
1265 2779 1365 2837 pro
1402 2779 1468 2819 eo
1507 2779 1668 2836 quem
1711 2762 2006 2834 diligimuS,
2039 2767 2391 2835 sustinemus,

390 2867 549 2911 amor
589 2852 706 2925 ipse
746 2867 855 2909 non
900 2853 1221 2919 destruitur,
1248 2852 1415 2908 immo
1449 2851 1670 2907 crescit.
1691 2852 1852 2908 Cant.
1884 2855 1916 2906 8
1950 2868 1963 2905 ε
1990 2840 2162 2923 Aquoe
2187 2854 2392 2922 multoe,

390 2940 449 2997 id
478 2946 564 2997 est
585 2934 966 3013 tribulationes
986 2940 1192 3008 multae,
1214 2957 1321 2997 non
1342 2945 1600 3012 poterunt
1623 2938 1932 3010 extinguere
1963 2939 2300 2999 charitatem.
2327 2930 2394 2999 Et

390 3028 519 3085 ideo
542 3030 718 3085 sancti
750 3030 853 3085 viri
878 3028 973 3103 qui
1002 3029 1364 3087 adversitates
1390 3043 1486 3100 pro
1510 3028 1625 3082 Deo
1647 3026 1935 3095 sustinent,
1959 3029 2134 3099 magis
2171 3030 2226 3085 in
2269 3032 2386 3104 ejus

391 3116 685 3174 dilectione
712 3118 1001 3176 firmantur
1031 3135 1045 3175 ε
1075 3118 1219 3174 sicut
1247 3116 1444 3175 artifex
1469 3115 1600 3172 illud
1642 3115 1937 3173 artificium
1983 3118 2157 3189 magis
2183 3118 2382 3190 diligit,

393 3206 450 3261 in
492 3221 603 3278 quo
646 3205 767 3279 plue
808 3206 1100 3263 laboravit.
1130 3206 1199 3263 Et
1240 3205 1368 3262 inde
1408 3212 1494 3261 est
1535 3204 1682 3279 quod
1727 3204 1915 3260 fideles
1963 3215 2169 3279 quanto
2210 3208 2394 3281 'plures

394 3292 719 3355 afflictiones
742 3310 841 3368 pro
864 3295 981 3351 Deo
1009 3294 1299 3363 sustinent,
1324 3302 1478 3351 tanto
1504 3294 1679 3365 magis
1701 3293 1985 3350 elevantur
2013 3296 2068 3351 in
2099 3311 2284 3353 amore
2309 3297 2394 3369 ip-

394 3382 530 3445 siue.
550 3382 690 3438 Gen.
729 3398 815 3440 vu
844 3400 858 3439 ι
884 3383 1261 3456 Multiplicatoe
1293 3389 1421 3441 sunt
1456 3398 1628 3455 aquae,
1655 3382 1725 3440 -id
1767 3387 1870 3450 est,
1921 3381 2320 3454 tribulationes,
2347 3393 2396 3442 et

392 3470 731 3529 elevaverunt
766 3488 951 3528 arcam
989 3472 1049 3528 in
1075 3471 1312 3537 sublime,
1332 3462 1394 3528 'id
1432 3478 1517 3528 est
1545 3470 1863 3540 Ecclesiam,
1892 3470 1978 3529 vel
2024 3472 2260 3528 animam
2289 3473 2390 3528 viri

386 3560 544 3633 justi.

1072 3696 1167 3759 Do
1214 3692 1530 3757 dilectione
1581 3695 1718 3759 Dei.

463 3825 869 3899 Interrrogatus
883 3827 1134 3885 Christus
1154 3835 1282 3886 ante
1309 3827 1620 3901 passionem
1648 3842 1679 3883 a
1708 3826 2054 3900 legisperitis,
2083 3824 2229 3898 quod
2254 3835 2392 3881 esset

396 3914 699 3975 maximum
726 3923 783 3972 et
812 3915 1049 3990 primum
1076 3916 1414 3995 mandatum,
1438 3914 1595 3982 dixit,
1612 3915 1744 3972 Mat.
1775 3930 1905 3972 χχιι
1931 3932 1944 3969 :
1976 3912 2180 3987 Diliqes
2205 3912 2396 3969 Domi-
