2850 4517
593 390 717 460 228
1076 406 1129 453 s.
1172 404 1406 450 ⁹2quAE
1446 400 1774 453 neumam
1815 400 2140 455 croscum,

596 532 689 590 Sic
710 542 843 601 ergo
879 525 949 584 ad
988 523 1087 581 Dei
1114 522 1417 579 bonitatem
1446 518 1731 595 pertinuit,
1763 522 1826 573 ut
1849 532 1947 591 per
1971 516 2140 573 fllium
2169 530 2332 573 suum
2359 522 2614 576 naturam

595 620 893 677 humanam
937 613 1237 688 collapsam
1278 611 1582 683 repararet.
1624 606 1815 665 Modus
1854 614 2038 665 autem
2080 608 2446 681 reparationis
2493 600 2614 664 talis

596 722 718 765 esse
760 704 977 772 debuit,
1020 701 1167 777 quod
1212 707 1269 756 et
1314 707 1528 757 naturae
1569 695 1893 769 reparandae
1921 696 2257 759 conveniret,
2307 704 2364 752 et
2409 697 2614 753 morbo,

594 797 825 855 Naturae
873 793 997 849 dieo
1036 789 1377 864 reparandae,
1421 802 1553 861 qma
1589 800 1713 843 cum
1759 784 1919 841 bomo
1961 785 2036 841 sit
2079 784 2366 841 rationalis
2409 794 2618 843 naturae

596 883 771 942 libero
799 881 1027 939 arbitrio
1070 880 1354 953 praeditus,
1404 891 1514 934 non
1557 892 1626 933 ex
1667 871 2010 932 necessitate·
2044 874 2333 930 exterioris
2377 876 2612 942 virtutis,

600 974 697 1031 sed
728 971 1029 1029 secundum
1058 969 1334 1041 propriam
1364 967 1704 1023 voluntatem
1748 964 1815 1021 ad
1846 971 2054 1021 statum
2081 964 2432 1021 rectitudinis
2461 982 2620 1021 revo-

598 1062 807 1123 candus
834 1060 959 1115 fuit.
1002 1059 1191 1115 Morbo
1216 1059 1405 1123 etiam,
1455 1054 1584 1129 quia
1612 1068 1738 1111 cum
1777 1054 1998 1111 morbus
2035 1054 2398 1127 perversitate
2428 1053 2619 1111 volun-

600 1151 735 1209 tatis
760 1152 1104 1213 consisteret,
1138 1145 1379 1217 oportuit
1407 1140 1552 1217 quod
1577 1142 1834 1202 voluntas
1862 1143 1929 1199 ad
1966 1142 2354 1198 rectitudinem
2391 1144 2620 1200 reduce·

602 1230 773 1297 retur.
790 1236 1105 1295 Voluntatis
1126 1240 1309 1292 autem
1338 1233 1596 1291 humanae
1619 1232 1893 1289 rectitudo
1917 1230 2168 1289 consistit
2198 1232 2250 1287 in
2279 1230 2620 1288 ordinatione

603 1329 825 1393 amoris,
858 1326 952 1397 qui
980 1330 1065 1381 est
1091 1322 1405 1397 principalis
1435 1320 1694 1379 affectio.·
1723 1317 2024 1379 ordinatus
2053 1321 2237 1377 autem
2269 1332 2428 1377 amor
2458 1328 2542 1377 est
2568 1326 2622 1376 ut

603 1420 781 1473 Deum
817 1428 981 1487 super
1016 1412 1199 1469 omnia
1240 1410 1534 1484 diligamus
1586 1410 1745 1485 quasi
1792 1423 2063 1466 summum
2107 1410 2332 1475 bonum,
2373 1416 2433 1466 et
2474 1416 2536 1466 ut
2569 1410 2618 1464 in

602 1505 785 1579 ipsum
811 1503 1109 1559 referamus
1133 1500 1317 1559 omnia
1346 1514 1472 1575 quae
1496 1513 1744 1558 amamus
1771 1506 2050 1574 tamquam
2075 1498 2130 1555 ln
2157 1497 2414 1557 ultimum
2443 1498 2616 1569 finem,

603 1581 751 1651 etlut
778 1593 833 1648 in
860 1591 985 1649 aliis
1008 1592 1256 1649 amandis
1278 1598 1526 1647 servetur
1555 1588 1775 1647 debitus
1801 1584 1956 1656 ordo,
1991 1594 2051 1644 ιιι
2079 1586 2292 1644 scilicet
2315 1586 2614 1661 corporalia

605 1680 981 1752 spiritualibus
1008 1688 1417 1753 postponamus.
1447 1678 1530 1736 Ad
1559 1676 1968 1753 provocandum
1999 1682 2181 1733 autem
2208 1683 2458 1733 nostrum
2487 1692 2615 1733 ame

602 1780 721 1829 rem
752 1770 809 1827 in
850 1770 1023 1826 Deum
1052 1768 1181 1825 nihil
1222 1768 1399 1841 magis
1424 1768 1608 1835 valere
1635 1768 1814 1841 potuit
1847 1780 2013 1841 quam
2041 1766 2188 1839 quod
2217 1763 2463 1823 Verbum
2503 1767 2607 1832 Dei,

604 1876 704 1933 per
732 1861 877 1934 quod
908 1859 1091 1916 omnia
1113 1859 1261 1916 facta
1288 1866 1436 1925 sunt,
1469 1856 1537 1915 ad
1579 1858 1986 1931 reparationem
2021 1862 2236 1914 naturae
2265 1860 2473 1913 nostrae
2510 1874 2616 1913 eam

605 1956 929 2013 assumeret,
962 1956 1023 2004 ut
1047 1948 1194 2005 idem
1234 1954 1381 2005 esset
1410 1952 1467 2003 et
1493 1948 1660 2015 Daue,
1693 1952 1748 2002 et
1775 1945 1956 2002 homo.
1993 1944 2173 2001 Primo
2212 1944 2462 2019 quidem,
2501 1947 2617 2018 quia

604 2049 673 2097 ex
699 2039 805 2097 hoc
848 2040 1087 2095 maxime
1132 2034 1540 2094 demonstratur
1585 2042 1852 2109 quantum
1895 2034 2042 2091 Deus
2083 2032 2278 2105 diligat
2322 2034 2608 2101 hominem,

608 2128 751 2201 quod
780 2140 880 2203 pro
922 2131 1041 2197 ejus
1074 2125 1249 2183 salute
1286 2126 1452 2183 homo
1479 2124 1599 2180 fleri
1627 2124 1954 2207 voluit,.nec
1999 2124 2084 2179 est
2129 2121 2340 2195 aliquid
2383 2124 2531 2197 quod
2560 2122 2616 2180 ad

608 2216 905 2275 amandum
935 2214 1109 2287 magis
1132 2220 1408 2287 provocet,
1436 2227 1600 2287 quam
1621 2213 1766 2287 quod
1798 2212 1996 2287 aliquis
2024 2228 2083 2267 se
2107 2220 2408 2285 cognoscat
2437 2213 2614 2269 amari.

608 2304 819 2359 Deinde
842 2301 991 2375 quod
1018 2301 1180 2357 bomo
1224 2298 1431 2357 habens
1478 2299 1814 2357 intellectum
1845 2308 1900 2358 et
1931 2298 2186 2357 affectum
2215 2299 2283 2356 ad
2327 2301 2617 2373 corporalia

612 2393 947 2463 depressum,
982 2392 1050 2446 ad
1080 2404 1144 2445 ea
1168 2398 1295 2462 quae
1318 2384 1486 2461 supra
1515 2404 1574 2445 se
1602 2395 1732 2446 sunt
1756 2391 1824 2446 de
1844 2390 1992 2447 facili
2019 2388 2220 2447 elevari
2261 2407 2367 2445 non
2388 2398 2617 2465 poterat.

610 2477 793 2535 Facile
822 2484 1005 2534 autem
1036 2484 1119 2533 est
1145 2477 1352 2534 homini
1381 2478 1608 2535 cuilibet
1637 2484 1699 2535 ut
1735 2479 1902 2537 alium
1928 2478 2201 2536 hominem
2230 2478 2430 2552 diligat
2455 2487 2514 2537 et
2537 2496 2620 2537 co-

612 2572 859 2641 gnoscat,
892 2564 987 2622 sed
1016 2566 1363 2625 considerare
1385 2564 1633 2625 divinam
1663 2568 2028 2630 altitudinem,
2063 2576 2116 2623 et
2144 2569 2198 2623 in
2226 2584 2350 2624 eam
2379 2566 2517 2625 ferri
2541 2586 2621 2633 per

614 2656 859 2714 debitum
884 2656 1087 2713 amoris
1122 2656 1399 2725 affectum,
1433 2668 1542 2715 non
1571 2666 1656 2715 est
1691 2660 1933 2714 omnium
1973 2657 2276 2723 hominum,
2309 2656 2407 2715 sed
2448 2674 2622 2715 eorum

616 2746 709 2820 qui
736 2762 833 2818 per
860 2746 962 2802 Dei
990 2745 1253 2803 auxilium
1293 2762 1420 2803 cum
1457 2760 1654 2820 magno
1681 2746 1864 2803 studio
1895 2756 1949 2804 et
1986 2746 2170 2803 labore
2199 2763 2231 2803 a
2259 2748 2624 2819 corporalibus

616 2834 687 2893 ad
712 2832 1021 2909 spiritualia
1044 2832 1418 2892 sublevantur»
1446 2832 1519 2894 Ut
1543 2852 1673 2909 ergo
1697 2834 1947 2891 omnibus
1976 2841 2188 2909 pateret
2217 2836 2306 2891 via
2337 2836 2406 2891 ad
2439 2838 2620 2901 Deum,

614 2924 793 2980 voluit
818 2926 963 2981 Deus
976 2920 1139 2981 homo
1160 2925 1295 2990 fleri,
1323 2934 1382 2982 ut
1398 2924 1796 2997 etiamparvuli
1823 2924 2352 3000 Deumcognoscere
2376 2932 2433 2979 et
2453 2942 2624 2982 amare

616 3019 861 3087 possent,
894 3022 949 3071 et
965 3013 1229 3086 paulatIm
1254 3014 1582 3089 proficerent
1607 3014 1676 3070 ad
1699 3014 2020 3089 perfectum.
2044 3014 2153 3069 Per
2173 3012 2277 3069 hoc
2297 3014 2468 3069 etiarn
2494 3013 2626 3087 quod

617 3102 768 3158 Deus
796 3100 992 3157 factus
1012 3109 1096 3156 est
1132 3100 1314 3169 homo,
1360 3113 1486 3173 spes
1521 3100 1685 3157 datur
1723 3100 1928 3157 homini
1957 3106 2019 3155 ut
2049 3100 2332 3172 pervenire
2362 3108 2536 3173 possit
2566 3098 2627 3157 ad

622 3188 883 3261 perfectae
920 3186 1277 3245 beatitudinis
1310 3189 1806 3263 participationem,
1848 3205 2013 3263 quam
2051 3188 2198 3245 solus
2227 3190 2378 3245 Deus
2407 3194 2628 3245 natura-

620 3276 751 3333 liter
775 3274 959 3335 habet.
987 3276 1161 3334 Homo
1189 3278 1334 3334 enim
1364 3294 1532 3334 ‘suam
1569 3278 1941 3336 infirmitatem
1968 3290 2320 3351 cognoscens,
2354 3278 2400 3335 si
2427 3280 2478 3335 ei
2512 3294 2630 3352 pro-

622 3366 941 3423 mitteretur
980 3360 1127 3441 quod
1173 3368 1243 3423 ad
1290 3366 1692 3424 beatitudinem·
1731 3352 2059 3441 perveniret,
2109 3369 2267 3441 cujus
2310 3366 2402 3423 vix
2447 3364 2631 3439 Angeli

622 3465 753 3514 sunt
800 3454 1049 3530 capaces,
1095 3462 1220 3529 q'uae
1260 3454 1470 3514 scilicet
1508 3457 1560 3512 in
1603 3456 1812 3513 visione
1850 3458 1949 3513 Dei
1988 3468 2046 3515 et,
2075 3454 2334 3512 fruitione
2364 3456 2629 3523 consistit,

622 3546 717 3605 vix
762 3546 867 3602 hoc
914 3558 1135 3618 sperare
1164 3552 1367 3618 posset,
1418 3544 1524 3603 nisi
1567 3558 1634 3603 ex
1679 3546 1785 3603 alia
1827 3554 1984 3620 parte
2025 3544 2126 3601 sibi
2159 3542 2400 3617 dignitas
2429 3552 2636 3602 naturae

623 3632 885 3691 humanae
904 3634 1303 3699 ostenderetur,
1348 3648 1514 3708 quam
1541 3636 1677 3693 tanti
1719 3636 1956 3693 aestimat
1984 3636 2148 3702 Deus,
2183 3642 2242 3689 ut
2273 3651 2371 3708 pro
2401 3636 2521 3707 ejus
2549 3649 2638 3689 sa-

624 3726 741 3783 lute
766 3724 881 3781 fieri
902 3723 1065 3780 homo
1089 3720 1341 3788 voluerit,
1365 3735 1420 3780 et
1450 3726 1530 3782 sic
1551 3742 1649 3799 per
1671 3726 1769 3781 boc
1793 3724 1938 3800 quod
1960 3723 2116 3781 Deus
2144 3722 2323 3781 sactus
2348 3732 2432 3779 est
2457 3722 2634 3787 hom0,

625 3812 781 3888 s'pem
824 3811 979 3867 nobis
1014 3808 1167 3868 dedit
1210 3813 1465 3868 ut‘etiatn
1509 3813 1668 3869 homo
1695 3820 1878 3887 posset
1919 3815 2203 3887 pervenire
2241 3812 2308 3869 ad
2341 3810 2464 3876 hoc,
2498 3810 2640 3885 quod

625 3900 877 3955 uniretur
927 3898 1053 3955 Deo·
1090 3916 1186 3972 per
1234 3900 1457 3974 beatam
1503 3898 1835 3957 fruitionem.
1875 3900 2034 3957 Valet
2063 3886 2231 3957 etiarn·
2276 3899 2485 3956 homini
2529 3914 2643 3956 suae

627 3986 873 4058 oa'gnitio
894 3984 1179 4059 diguitatis
1198 4004 1265 4047 ex
1280 3984 1415 4059 hoc,
1438 3968 1591 4063 >quod
1617 3988 2082 4048 Deushumanam
2104 3996 2361 4049 naturam
2388 4001 2645 4066 assump-
