2850 4517
556 395 679 455 348
1035 406 1085 447 s.
1130 405 1363 446 ‘rnoMAE
1403 402 1730 451 nouimus
1771 400 2080 445 opuscmdt

550 539 773 583 servare
801 522 869 578 ad
901 520 1285 593 perfectionem
1325 520 1614 589 pertineat,
1647 517 1778 589 qnia
1818 517 1888 572 de
1931 515 2037 572 hoc
2065 516 2330 573 Dominus
2369 516 2508 574 dicit
2546 534 2564 573 ι

554 614 661 680 Qui
671 618 841 685 potest
862 624 1067 681 capere,
1082 606 1280 678 capiat.
1296 605 1492 661 Mattb.
1519 621 1647 661 xix.
1669 605 1738 659 Et
1759 603 2052 676 Apostolus
2067 604 2224 671 dicit,
2243 605 2264 659 1
2280 606 2410 661 Cor.
2435 622 2520 663 vu
2549 624 2563 659 :

555 704 631 759 De
658 698 961 772 virginibus
982 702 1305 770 proeceptum
1338 694 1562 775 Domini
1599 710 1704 749 non
1733 694 1892 750 habeo
1922 710 1941 750 .·
1970 692 2249 768 consiliunt
2273 701 2456 750 autem
2479 696 2564 751 do.

550 794 687 849 Sunt
712 795 899 847 autem
925 785 1151 842 consilia
1179 785 1247 839 de
1276 783 1533 855 operibus
1561 783 1930 855 perfectionis,
1961 790 2017 839 et
2061 791 2248 839 tamen
2277 784 2567 855 virginitas

551 885 873 939 conservata
904 876 1110 948 absque
1134 880 1261 929 voto
1290 871 1643 945 perfectionis
1671 877 1877 929 statum
1905 886 2010 926 non
2035 870 2222 927 habet.
2250 873 2399 929 Dicit
2425 876 2567 931 enim

552 972 695 1039 Aug.
723 967 777 1021 in
799 966 935 1019 libro
955 964 1021 1019 de
1047 960 1349 1033 virginibus
1373 978 1386 1016 :
1408 980 1434 1012 α
1457 959 1648 1032 Neque
1676 960 1822 1014 enim
1850 959 1988 1031 ipsa,
2012 960 2225 1016 scilicet
2254 961 2564 1032 virginitas,

553 1059 685 1132 quia
713 1052 1001 1125 virginitas
1030 1058 1133 1118 est,
1166 1049 1262 1105 sed
1287 1049 1417 1121 quia
1446 1049 1560 1103 Deo
1589 1047 1770 1103 dicata
1800 1054 1903 1113 est,
1936 1047 2252 1115 honoratur,
2285 1067 2414 1121 quae
2443 1053 2566 1109 licet

553 1148 608 1203 in
638 1159 803 1201 carne
831 1147 1099 1209 servetur,
1127 1154 1193 1194 ac
1222 1154 1315 1210 per
1342 1138 1448 1193 hoc
1475 1140 1644 1192 etiam
1671 1136 1960 1207 virginitas
1992 1137 2239 1209 corporis
2268 1140 2568 1212 spiritualis

554 1241 659 1302 est,
679 1248 843 1306 quam
872 1234 1035 1287 vovet
1053 1234 1107 1283 ot
1128 1235 1312 1285 servat
1331 1226 1668 1282 continentia
1693 1225 1914 1297 pietatis
1935 1244 1982 1279 ι).
2001 1226 2071 1280 Et
2089 1225 2232 1283 infra
2256 1244 2270 1281 ε
2293 1248 2317 1280 α
2335 1230 2568 1286 Honora·

558 1323 669 1378 tius
708 1322 763 1374 in
793 1317 959 1373 animi
990 1314 1145 1371 bonis
1172 1313 1263 1369 illa
1291 1312 1632 1369 continentia
1659 1312 1996 1367 numeranda
2029 1319 2115 1368 est
2141 1330 2251 1385 qua
2281 1316 2568 1387 integritas

556 1409 738 1465 carnis
782 1405 881 1477 ipsi
930 1402 1165 1459 creatori
1208 1402 1405 1458 animae
1433 1409 1489 1456 et
1531 1399 1712 1458 carnis
1743 1406 1989 1467 vovetur,
2032 1410 2409 1473 consecratur,
2451 1422 2568 1461 ser-

558 1504 723 1554 vatur
741 1514 790 1548 ».
809 1490 1155 1548 Manifestum
1170 1496 1254 1544 est
1285 1494 1470 1544 autem
1499 1488 1646 1559 quod
1675 1486 2101 1543 archidiaconiet
2129 1492 2307 1546 curati
2339 1494 2566 1567 presby·-

558 1584 662 1639 teri
706 1582 807 1639 etsi
838 1595 1026 1636 curam
1052 1578 1357 1635 animarum
1384 1576 1644 1645 habeant,
1675 1592 1778 1631 non
1807 1583 1992 1632 tamen
2015 1593 2075 1633 se
2103 1588 2234 1634 voto
2260 1581 2568 1653 astringunt

559 1672 629 1729 ad
681 1668 989 1741 hujusmodi
1031 1684 1219 1725 curam
1273 1665 1606 1729 habendam,
1654 1663 1897 1737 alioquin
1945 1680 2051 1719 non
2101 1674 2325 1739 possent
2368 1669 2566 1742 absque

560 1763 889 1819 auctoritate
933 1760 1051 1830 ejus
1092 1758 1185 1830 qui
1226 1756 1279 1811 in
1326 1762 1455 1809 voto
1497 1760 1760 1826 perpetuo
1790 1754 2107 1827 dispensare
2144 1766 2355 1829 posset,
2391 1759 2564 1815 archi-

559 1849 882 1904 diaconatus
904 1846 1249 1919 parochiaeve
1270 1859 1456 1899 curam
1477 1842 1755 1897 dimittere
1774 1858 1788 1897 :
1807 1843 1909 1898 etsi
1937 1842 2103 1915 igitur
2129 1846 2560 1914 archidiaconus

556 1937 643 1994 vel
682 1936 965 2009 presbyter
1007 1942 1232 1990 curatus
1268 1922 1506 2003 ali'quem
1539 1929 1889 2002 perfectionis
1932 1940 2118 1988 actum
2161 1942 2441 2001 exerceat,
2488 1935 2562 1991 vel

558 2025 799 2081 officium
845 2024 1099 2097 accipiat,
1150 2038 1258 2077 non
1305 2028 1488 2077 tamen
1537 2019 1889 2092 perfectionis
1935 2028 2140 2076 statum
2191 2022 2379 2079 habet.
2423 2025 2490 2079 Et
2522 2025 2562 2079 si

559 2116 684 2187 quis
744 2120 894 2169 recte
934 2112 1263 2176 consideret,
1291 2109 1454 2181 hujus
1501 2107 1852 2180 perfectionis
1894 2115 2098 2172 statum
2151 2112 2329 2181 magis
2375 2112 2563 2169 habent

562 2203 821 2273 religiosi,
851 2201 945 2273 qui
970 2218 1035 2256 ex
1065 2206 1192 2255 voto
1220 2199 1303 2254 sui
1328 2197 1536 2253 ordinis
1557 2196 1863 2267 obligantur
1889 2198 1954 2253 ad
1980 2196 2102 2265 hoc,
2130 2200 2562 2273 quodepiscopis

563 2291 972 2346 subministrent
1008 2288 1062 2341 in
1093 2287 1177 2341 his
1207 2302 1332 2358 quae
1373 2286 1445 2341 ad
1479 2302 1666 2341 curam
1699 2286 2001 2341 animarum
2045 2288 2322 2358 pertinent
2375 2290 2562 2361 praedi-

560 2377 736 2433 cando
780 2385 833 2431 et
876 2374 1146 2431 audiendo
1185 2373 1573 2440 confessiones,
1622 2388 1788 2446 quam
1823 2374 1924 2445 ipsi
1971 2374 2343 2432 archidiaconi
2372 2377 2560 2433 curati.

559 2466 683 2520 Jam
710 2476 839 2517 vero
869 2460 1014 2532 quod
1045 2468 1198 2515 sexto
1222 2460 1561 2531 proponitur,
1596 2467 1998 2532 argumentum,
2035 2463 2121 2517 vel
2153 2463 2415 2535 perfectio
2440 2466 2564 2521 cha-

562 2552 746 2607 ritatis
782 2564 888 2604 non
931 2555 1259 2619 potestesse
1304 2548 1360 2603 in
1405 2564 1638 2620 persona
1683 2565 1807 2621 quae
1847 2565 1955 2606 non
1999 2550 2073 2605 sit
2108 2552 2164 2606 in
2203 2559 2372 2619 statu,
2424 2560 2564 2626 patet

563 2639 863 2705 secundum
889 2637 1151 2709 praedicta
1174 2637 1395 2693 omnino
1419 2653 1540 2693 esse
1569 2637 1788 2693 salsum.
1819 2640 1954 2695 Sunt
1975 2639 2118 2717 enim
2146 2640 2320 2712 aliqui
2346 2642 2400 2695 in
2423 2648 2562 2697 statu

567 2727 914 2802 perfectionis
936 2727 1312 2799 imperfectam
1336 2726 1680 2794 charitatem,
1706 2727 1791 2781 vel
1815 2728 2036 2783 omnino
2056 2728 2262 2785 nullam
2291 2729 2558 2795 habenteS,

566 2819 707 2874 sicut
755 2817 910 2873 multi
950 2817 1185 2889 episcopi
1230 2822 1286 2873 et
1330 2815 1569 2887 religiosi
1615 2816 1668 2870 in
1721 2823 1947 2888 peccato
1991 2818 2208 2873 mortali
2257 2820 2560 2874 existentes.

568 2907 830 2977 Quamvis
872 2905 1038 2977 igitur
1068 2905 1223 2961 multi
1261 2904 1388 2960 boni
1420 2904 1595 2961 curati
1626 2903 1924 2977 perfectam
1960 2905 2289 2963 charitatem
2319 2908 2559 2971 habeant,

570 3002 629 3050 ut
656 2995 765 3050 sint
803 2995 977 3067 parati
1010 2994 1249 3050 animam
1272 3008 1428 3049 suam
1465 3008 1666 3065 ponere
1697 3007 1794 3065 pro
1829 2992 1970 3060 aliis,
2003 3011 2109 3050 non
2138 3002 2320 3051 tamen
2358 3001 2564 3069 propter

568 3082 671 3138 hoc
696 3088 826 3137 sunt
850 3082 904 3136 in
937 3087 1087 3136 statu
1116 3080 1466 3153 perfectionis
1494 3096 1507 3134 :
1530 3080 1659 3152 quia
1689 3095 1796 3135 non
1822 3080 2019 3135 desunt
2053 3082 2211 3137 multi
2237 3083 2385 3152 laici,
2413 3082 2565 3139 etiam

569 3170 865 3239 conjugati,
886 3169 1134 3226 eamdem
1155 3170 1444 3225 charitatis
1464 3167 1852 3242 perlectionem
1883 3169 2162 3238 habenteS,
2191 3180 2253 3228 ut
2284 3186 2380 3244 pro
2403 3171 2566 3229 salute

572 3258 941 3329 proximorum
985 3257 1160 3329 parati
1191 3257 1298 3313 sint
1325 3258 1537 3312 animas
1566 3273 1784 3329 ponere,
1818 3274 1920 3314 nec
1958 3265 2138 3315 tamen
2170 3262 2224 3315 in
2260 3268 2411 3317 statu
2454 3275 2567 3332 per-

573 3346 823 3402 fectionis
873 3361 992 3401 esse
1036 3345 1311 3401 dicuntur.
1357 3343 1514 3413 Quod
1559 3359 1691 3400 vero
1734 3345 1966 3419 septimo
2009 3349 2338 3419 proponitur
2373 3358 2568 3421 septem

572 3435 830 3493 diaconos
859 3434 930 3491 ab
956 3434 1231 3506 Apostolis
1260 3434 1542 3488 institutos
1565 3433 1915 3505 perfectionis
1938 3440 2144 3491 statum
2177 3436 2452 3515 habuisse,
2479 3436 2568 3492 hoc

572 3540 673 3579 nec
700 3541 766 3579 ex
797 3530 966 3590 textu,
995 3538 1096 3577 nec
1134 3538 1199 3576 ex
1222 3521 1359 3591 glos.
1393 3521 1580 3577 haberi
1611 3528 1791 3595 potest
1836 3541 1852 3579 ε
1884 3524 2032 3597 quod
2069 3526 2213 3581 enim
2245 3540 2342 3581 eos
2383 3526 2568 3583 dicitur

573 3611 740 3667 fuisse
761 3612 943 3685 plenos
979 3609 1191 3681 Spiritu
1222 3608 1413 3666 Sancto
1443 3618 1494 3668 et
1519 3611 1805 3683 sapientia,
1839 3613 2080 3670 ostendit
2109 3604 2202 3669 eos
2232 3614 2429 3685 gratiae
2459 3628 2571 3687 per-

574 3698 864 3755 fectionem
895 3698 1170 3766 habuisse,
1202 3714 1327 3771 quae
1346 3704 1536 3771 'potest
1564 3715 1684 3755 esse
1711 3699 1878 3756 etiam
1903 3701 1960 3757 in
1982 3700 2068 3757 his
2096 3702 2190 3775 qui
2219 3710 2428 3758 statum
2456 3716 2572 3774 per·-

576 3787 829 3843 fectionis
854 3802 959 3843 non
986 3786 1189 3843 habent
1219 3803 1231 3841 :
1266 3786 1409 3859 quod
1441 3804 1570 3844 vero
1598 3788 1654 3843 in
1682 3787 1791 3860 glo·
1817 3788 1980 3847 Bedae
2004 3790 2224 3859 dicitur,
2258 3790 2406 3862 quod
2429 3796 2572 3845 eraut

575 3872 906 3929 sublimioris
936 3872 1140 3944 gradus
1185 3880 1242 3929 et
1279 3873 1512 3945 proximi
1558 3874 1704 3930 circa
1739 3890 1912 3942 aram,
1952 3876 2202 3947 designat
2231 3875 2574 3931 eminentiam

576 3959 781 4030 gradus
806 3959 894 4016 vel
927 3960 1111 4015 oflicii.
1138 3960 1299 4017 Aliud
1329 3969 1512 4019 autem
1535 3969 1624 4019 est
1653 3978 1772 4020 esse
1799 3964 1857 4019 in
1893 3965 2087 4037 gradu,
2119 3973 2176 4021 et
2203 3964 2354 4022 aliud
2381 3978 2500 4021 esse
2523 3963 2573 4019 in
