2850 4517
430 339 549 412 366
908 366 957 407 s.
1004 354 1236 405 ’rnoMAE
1278 351 1605 409 ,sommus
1645 352 1955 401 opuscum

433 483 556 539 fidei
590 496 684 554 per
724 478 1071 535 dilectionem
1112 476 1407 551 operantis,
1444 475 1664 545 liqnum,
1689 474 1908 545 soeuum,
1947 462 2222 545 stipulam,
2256 462 2424 531 detri-

429 578 660 626 mentum
700 567 963 641 patietur,
1014 569 1121 639 ipse
1162 573 1338 621 tamen
1386 564 1564 619 salvus
1609 563 1736 627 erit,
1782 562 1858 617 sie
1917 569 2092 619 tamen
2139 562 2291 633 quasi
2331 580 2428 635 per

432 658 603 729 iynem
633 676 652 715 .·
673 664 726 713 et
764 663 955 714 contra
985 654 1082 711 hos
1128 668 1341 710 errores
1381 652 1585 708 dicitur
1613 652 1668 707 in
1709 650 1968 724 Symbolo
2000 668 2014 705 ε
2045 650 2228 709 Vita-m
2271 658 2430 707 aeter-

430 762 575 803 nam.
604 749 796 803 Amen.
1905 812 1911 815 ,

501 836 605 891 Alii
634 851 765 893 vero
787 835 880 908 qui
912 842 1121 907 septem
1146 831 1403 888 articulos
1432 830 1581 887 circa
1611 830 1771 885 fidem
1797 829 2104 885 divinitatis
2129 830 2426 902 assignant,

432 940 527 981 eos
554 925 635 982 sic
660 926 1019 997 distinguunt,
1057 931 1113 977 ut
1137 921 1347 994 primus
1382 920 1456 977 sit
1484 919 1552 976 de
1581 919 1836 976 essentiae
1867 918 2096 975 unitate.
2127 920 2426 985 SecunduS,

430 1014 499 1069 de
522 1030 751 1086 persona
782 1013 970 1084 patris.
1006 1010 1241 1077 Tertius,
1273 1011 1341 1066 de
1385 1023 1616 1081 persona
1660 1007 1776 1063 filii.
1803 1008 2061 1077 Quartus),
2089 1007 2158 1064 de
2187 1023 2432 1080 persona

430 1102 665 1173 Spiritus
692 1101 888 1157 sancti.
920 1100 1169 1169 Quintus,
1204 1098 1272 1153 de
1308 1099 1504 1153 effectu
1551 1096 1865 1152 creationis.
1891 1097 2108 1161 Sextus»,
2137 1096 2208 1152 de
2235 1096 2431 1153 effectu

431 1190 906 1254 remunerationiS,
936 1188 1037 1243 sub
1064 1203 1173 1259 quo
1198 1185 1665 1257 comprehendunt
1698 1186 2154 1240 resurrectionem
2179 1190 2237 1240 et
2265 1185 2432 1241 vitam

431 1286 713 1335 aeternam.
759 1278 827 1333 Et
872 1279 953 1333 sic
994 1276 1123 1330 dum
1163 1275 1554 1348 praedictorum
1589 1290 1686 1330 sex
1731 1273 2087 1330 articulorum
2132 1274 2430 1330 secundum

432 1366 683 1423 dividunt
708 1367 760 1421 in
788 1374 900 1421 tres
932 1383 945 1419 z
974 1365 1226 1435 quintum
1251 1379 1378 1419 vero
1405 1372 1460 1419 et
1499 1372 1715 1420 sextum
1753 1364 2109 1435 compingunt
2151 1363 2206 1419 in
2245 1379 2427 1431 unum,

433 1454 569 1509 fiunt
598 1453 893 1509 secundum
921 1467 1013 1507 eos
1041 1462 1251 1524 septem
1276 1449 1514 1506 articuli.
1541 1452 1655 1506 Nec
1680 1451 1846 1506 refert
1873 1458 2138 1523 quantum
2173 1450 2244 1506 ad
2285 1450 2433 1508 veri·

431 1548 598 1598 tatem
630 1542 776 1605 tide-i,
800 1541 883 1596 vel
914 1556 1159 1596 errorum
1194 1541 1516 1596 vitationem
1539 1530 1775 1612 qualiter
1798 1538 2228 1611 distinguantur.

498 1632 657 1686 Nunc
686 1635 857 1686 restat
887 1627 1535 1696 considerare·articulos,
1565 1629 1657 1700 qui
1703 1628 1976 1700 pertinent
2017 1629 2084 1683 ad
2117 1628 2430 1687 humanita-

431 1727 543 1776 tem
570 1719 789 1786 Christi,
821 1719 968 1775 circa
988 1735 1153 1793 quam
1182 1718 1349 1773 etiam
1388 1734 1486 1774 sex
1518 1716 1778 1773 articulos
1805 1716 2168 1788 distinguunt,
2201 1734 2429 1790 quorum

433 1811 637 1881 primus
662 1815 745 1864 est
774 1810 921 1864 circa
957 1808 1367 1881 conceptionem
1412 1812 1469 1861 et
1496 1804 1840 1862 nativitatem
1877 1805 2098 1870 Christi,
2132 1808 2429 1863 secundum

432 1899 576 1971 quod
614 1889 815 1953 dicitur
848 1900 954 1954 lsa.
986 1903 1041 1953 et
1075 1897 1440 1953 introducitur
1467 1896 1658 1963 Matth.
1695 1912 1712 1951 ι
1744 1913 1756 1949 :
1791 1894 1924 1949 Ecce
1959 1896 2122 1967 νίν-ρο
2153 1898 2426 1970 concipiet,

414 1994 482 2042 ‚et
505 1989 685 2060 pariet
709 1988 883 2058 filium
902 1994 955 2043 et
976 1986 1253 2043 vocabitur
1277 2002 1462 2042 nomen
1503 1986 1614 2056 ejus
1641 1984 1980 2041 Emmanuel.
2011 1985 2080 2039 Et
2103 1986 2252 2042 circa
2293 1988 2430 2042 hunc

434 2078 587 2131 multi
618 2077 834 2132 suerunt
876 2087 1105 2143 erroreS,
1142 2090 1372 2148 quorum
1419 2074 1626 2146 primus
1667 2072 1769 2129 fuit
1817 2073 2114 2129 dicentium
2155 2075 2427 2131 Christum

432 2165 599 2220 fuisse
638 2181 833 2236 purum
872 2163 1163 2230 hominem,
1196 2170 1252 2218 et
1290 2162 1435 2235 quod
1476 2177 1580 2217 non
1625 2177 1859 2233 semper,
1885 2162 2006 2228 fuit,
2037 2164 2130 2218 sed
2183 2180 2216 2219 a
2264 2165 2426 2221 Maria

431 2253 663 2323 sumpsit
693 2253 991 2309 exordium.
1030 2252 1096 2306 Et
1129 2253 1233 2306 iste
1274 2260 1358 2306 est
1395 2267 1548 2306 error
1585 2251 1951 2323 carpocratis,
1984 2260 2040 2307 et
2081 2252 2342 2316 Cerinthi,
2377 2258 2429 2308 et

429 2341 667 2406 EbioniS,
696 2349 749 2395 et
781 2340 927 2395 Pauli
954 2340 1312 2405 samosateni,
1336 2348 1390 2393 et
1420 2338 1654 2405 Photini,
1687 2346 1877 2395 contra
1902 2354 2039 2413 quos
2063 2339 2284 2408 dicitur,
2316 2342 2428 2397 Ro-

428 2444 573 2484 man.
606 2444 668 2483 rx
702 2445 713 2481 :
740 2428 833 2481 Ea·
854 2426 1043 2497 quibus
1066 2433 1141 2482 est
1184 2426 1429 2483 Christus
1465 2426 1748 2483 secundam
1771 2444 2006 2495 carnem,
2033 2429 2124 2501 qai
2160 2436 2234 2484 est
2265 2445 2428 2502 super

428 2515 607 2571 omnia
635 2515 775 2570 Deus
798 2514 1093 2570 benedictus
1107 2514 1166 2569 in
1183 2515 1391 2570 soecula.
1414 2515 1696 2571 Secundus
1720 2532 1872 2572 error
1901 2524 1985 2572 est
2009 2517 2426 2575 Manichaeorum

429 2604 744 2669 dicentium,
774 2603 917 2676 quod
948 2602 1196 2659 Christus
1231 2620 1335 2659 non
1372 2602 1562 2660 habuit
1587 2620 1778 2661 verum
1797 2620 2012 2679 corpus,
2045 2606 2142 2662 sed
2169 2607 2424 2679 phantas-

431 2694 617 2757 ticum,
646 2704 835 2747 contra
866 2692 1007 2765 quod
1035 2692 1298 2771 Dominus
1324 2693 1455 2749 Luc.
1489 2693 1591 2749 ult.
1623 2695 1971 2766 reprehendit
1999 2711 2239 2751 errorem
2265 2697 2426 2754 disci-

428 2782 676 2853 pulorum
698 2798 917 2836 suorum
937 2781 1029 2853 qui
1050 2781 1354 2838 conturbati
1377 2790 1427 2839 et
1443 2782 1732 2853 perterriti
1755 2783 2086 2839 oestimabant
2105 2801 2159 2839 se
2175 2785 2426 2858 spiritum

428 2868 625 2925 videre.
658 2870 727 2925 Et
751 2870 903 2927 Matt.
934 2886 1034 2926 xlv
1064 2890 1075 2923 :
1114 2870 1355 2927 Videutes
1380 2886 1497 2925 eum
1522 2886 1691 2943 supra
1723 2888 1872 2927 mare
1895 2874 2271 2939 ambulantem,
2304 2882 2426 2930 tnr-

430 2956 545 3013 bati
566 2966 692 3014 sant
716 2960 960 3024 direntes,
988 2959 1113 3031 quia
1135 2960 1455 3031 phantasma
1479 2967 1576 3025 est,
1601 2966 1651 3016 et
1672 2976 1792 3032 prae
1825 2962 2014 3016 timore
2043 2964 2422 3028 clamaverunt,-

430 3062 661 3117 quorum
688 3049 996 3119 opinionem
1022 3049 1285 3104 Dominus
1309 3050 1540 3105 removit
1563 3049 1750 3105 dicens
1777 3066 1790 3103 ε
1817 3048 2014 3105 Habete
2035 3050 2313 3121 fiduciam,
2341 3070 2424 3123 eqo

427 3151 562 3199 sum,
590 3135 751 3190 nolite
780 3137 985 3192 timere.
1015 3138 1231 3193 Tertius
1256 3155 1409 3193 error
1437 3145 1519 3193 est
1545 3138 1836 3204 Valentini,
1869 3140 1963 3211 qui
1992 3140 2126 3216 dicit
2151 3142 2423 3196 Christum

428 3224 650 3280 coeleste
674 3239 871 3295 corpus
894 3226 1160 3293 attulisse,
1187 3227 1428 3300 nihilque
1456 3227 1524 3281 de
1547 3227 1768 3297 Virgine
1798 3213 2177 3301 assumpsisse,
2211 3230 2308 3285 sed
2337 3247 2425 3306 per

429 3314 601 3385 ipsam
635 3305 889 3386 tanquam
912 3331 1006 3387 per
1037 3316 1231 3375 rivum,
1256 3322 1348 3369 aut
1380 3316 1616 3369 fistulam
1641 3316 1758 3371 sine
1785 3316 1891 3372 ulla
1919 3316 1985 3371 de
2016 3318 2104 3373 illa
2146 3328 2425 3390 assumpta

428 3415 591 3457 carne
626 3404 901 3467 transisse,
930 3413 1120 3461 curura
1161 3404 1304 3475 quod
1332 3402 1550 3470 dicitur,
1583 3403 1705 3459 Gal.
1740 3421 1798 3460 ιν
1828 3422 1840 3458 :
1881 3405 2032 3461 Misit
2084 3407 2222 3462 Dens
2254 3408 2430 3479 filiunt

427 3506 579 3545 suum
607 3490 807 3561 pictum
850 3508 914 3546 ex
935 3492 1173 3546 muliere.
1205 3491 1446 3560 Quartus
1482 3500 1566 3547 est
1599 3509 1749 3549 error
1781 3493 2125 3567 Apollinaris,
2150 3496 2245 3569 qui
2290 3495 2427 3551 dixit

430 3578 632 3649 aliquid
663 3580 818 3634 Verbi
862 3582 913 3634 in
952 3596 1113 3635 carue
1144 3581 1308 3637 fuisse
1346 3598 1685 3646 conversum,
1717 3592 1809 3638 aut
1845 3592 2288 3647 transmutatum,
2323 3598 2430 3639 non‘

382 3722 395 3733 ,
430 3678 609 3723 autem
636 3684 851 3723 carnem
876 3670 941 3723 de
967 3670 1150 3726 Mariae
1170 3686 1332 3725 carne
1354 3680 1680 3742 susceptam.
1704 3672 1928 3743 Propter
1954 3671 2081 3728 illud
2105 3674 2249 3727 enim
2281 3673 2432 3746 quod
2510 3680 2515 3687 “

430 3755 647 3819 dicitur,
674 3758 829 3812 Joan.
866 3773 881 3811 ι
919 3776 928 3809 :
972 3756 1194 3812 Verbum
1226 3775 1350 3814 oraro
1377 3760 1579 3831 fuctum
1603 3768 1698 3827 est,
1727 3760 1979 3835 intelligit
2018 3762 2164 3834 quod
2189 3761 2435 3817 Verbum’

430 3846 501 3895 sit
528 3845 578 3897 in
602 3862 765 3899 carne
794 3862 1133 3913 conversum,
1167 3857 1355 3903 contra
1397 3853 1538 3921 quod
1571 3854 1758 3907 statim
1798 3852 1996 3905 ibidem
2028 3852 2280 3907 subditur
2311 3871 2321 3904 :
2353 3852 2434 3907 Εἴ

429 3929 689 3985 habitavit
716 3932 769 3985 in
794 3934 957 3987 nobis.
990 3935 1107 3989 Non
1136 3942 1317 3993 autem
1348 3939 1399 3993 in
1427 3947 1612 3995 nostra
1641 3948 1836 3997 natura
1866 3942 2074 4013 integre
2101 3939 2416 4006 habitasset,
