2850 4517
554 359 675 423 388
1031 375 1085 420 s.
1129 371 1364 419 'recum
1404 373 1734 426 Aoumms
1775 372 2090 418 opuseuna

624 490 718 550 Aa
749 489 960 564 Vesper.
992 505 1153 562 super
1174 489 1374 547 Psalm.
1405 487 1729 562 Antiphonae
1751 487 2024 545 Laudem.

624 580 827 638 Psalm.
858 578 991 654 Cap.
1022 578 1183 653 Hym.
1218 578 1371 640 Vere.
1389 576 1541 654 *siout
1565 575 1625 634 in
1650 575 1847 650 primis
1885 575 2148 649 Vesper-is.

625 667 718 727 Aa
754 667 1089 743 Maynitioat.
1127 667 1359 740 Antiph.
1398 667 1448 724 O
1473 681 1694 734 sacrum
1734 665 2068 736 convivium,
2100 667 2156 722 in
2186 681 2297 738 quo
2323 665 2580 724 Christus

558 757 811 825 sumitur,
844 755 1113 833 recolitur·
1132 755 1393 814 memoria
1422 755 1694 828 passionis
1729 755 1870 828 ejus,
1903 769 2057 811 mens
2086 753 2345 828 impletur
2369 754 2574 828 gratia,

559 855 617 906 et
639 847 840 904 futurae
867 845 1057 918 gloriae
1078 845 1236 902 nobis
1260 844 1460 918 pignus
1483 844 1668 912 datur,
1696 843 1858 900 Allel.
1883 843 2044 900 Allel.

632 934 845 1000 Oratio,
882 940 947 992 ut
987 933 1049 990 in
1083 933 1283 1006 primis
1331 932 1593 1006 Vesperis.
1623 931 1735 989 Per
1769 938 1938 988 octav.
1970 931 2266 990 Invitator.
2295 930 2578 990 Christum

560 1040 761 1099 panem
786 1022 1119 1095 Angelorum
1143 1027 1200 1079 et
1222 1021 1522 1090 hominum,
1553 1020 1748 1078 Venite
1771 1019 2087 1078 adoremus,

628 1113 719 1170 Aa
762 1111 1096 1170 Benedictus.
1149 1109 1380 1184 Antiph.
1432 1109 1548 1182 Ego
1593 1123 1718 1166 sum
1759 1108 1920 1183 panis
1948 1109 2148 1178 .vivu3,
2195 1106 2292 1182 qui
2318 1110 2387 1166 de
2431 1107 2575 1167 coelo

560 1201 849 1272 descendi3
878 1199 975 1274 qui
1002 1197 1299 1256 manducat
1323 1215 1391 1255 ex
1416 1197 1522 1255 hoc
1547 1213 1708 1272 pane,
1739 1198 1890 1262 vivet
1918 1197 1978 1254 in
1999 1204 2290 1256 aeternum.
2444 1216 2452 1220 ·

630 1291 723 1348 Ad
762 1289 1098 1364 Maqnificat.
1145 1288 1374 1362 Antiph.
1427 1289 1746 1345 Memoriam
1789 1287 1921 1345 fecit
1965 1287 2299 1346 mirabilium
2347 1301 2576 1344 suorum

564 1377 875 1436 misericors
927 1383 988 1435 et
1020 1377 1315 1434 miserator
1352 1375 1640 1446 DominuS,
1685 1391 1872 1437 escam
1909 1375 2070 1440 dedit,
2114 1365 2438 1435 timentibus
2487 1393 2574 1435 se.

568 1467 782 1526 Goetera
812 1465 994 1524 omnia
1018 1464 1179 1540 fiant,
1200 1464 1342 1524 'sicut
1363 1465 1425 1522 in
1446 1463 1558 1524 die.

1356 1657 1461 1712 AD
1504 1655 1784 1714 MISSAM

638 1790 854 1866 cibavit
880 1790 1029 1852 enim
1050 1805 1146 1851 eos
1171 1807 1242 1851 ex
1262 1791 1425 1868 adipe
1443 1792 1724 1861 frumenti,
1749 1789 1985 1851 Alleluia
2015 1805 2030 1849 ε
2055 1798 2114 1850 et
2137 1790 2210 1850 de
2231 1798 2392 1868 petra
2414 1791 2582 1851 melle

568 1883 841 1944 saturavit
868 1899 983 1953 eos,
1012 1871 1265 1952 Alleluia,
1296 1880 1834 1962 Alleluia,'Alleluia.

646 1966 797 2033 Vere.
840 1969 1097 2032 Exultate
1130 1970 1245 2030 Deo
1272 1969 1514 2046 adjutori
1537 1974 1744 2040 nostro,
1767 1967 2004 2044 jubilate
2025 1968 2143 2028 Deo
2167 1967 2360 2030 Jacob.
2385 1968 2584 2029 Gloria

569 2057 743 2134 Patri,
772 2068 883 2119 etc.

642 2149 829 2211 Gloria
852 2148 917 2209 in
942 2147 1177 2210 excelsis.

1441 2291 1714 2388 oRA'no

640 2463 809 2536 Deus,
834 2465 933 2542 qui
960 2463 1118 2524 nobis
1144 2463 1248 2524 suh
1271 2465 1630 2525 sacramento
1657 2465 1893 2525 mirabili
1921 2465 2192 2540 passionis
2220 2473 2332 2528 tuae
2368 2484 2588 2539 memo-

573 2554 713 2613 riam
749 2551 1043 2626 reliquisti,
1088 2551 1270 2611 tribue
1303 2566 1638 2627 quaesumus,
1677 2555 1760 2612 ita
1787 2569 1888 2612 nos
1921 2554 2169 2630 corporis
2204 2561 2264 2613 et
2301 2556 2590 2628 sanguinis

576 2642 655 2701 tui
684 2657 842 2701 sacra
866 2641 1131 2718 mysteria
1151 2643 1419 2711 venerari,
1453 2650 1514 2700 ut
1533 2642 1928 2716 redemptionis
1947 2651 2063 2702 tuae
2083 2643 2325 2703 fructum
2347 2643 2408 2702 in
2427 2643 2592 2702 nobis

566 2731 775 2807 jugiter
802 2733 1122 2802 sentiamus,
1149 2732 1253 2804 Qui
1282 2732 1444 2801 vivis,
1472 2740 1582 2790 etc.

711 2937 717 2944 -
754 2904 1031 2974 -LEG'T'IO
1076 2915 1444 2972 EmsTOLAE
1489 2915 1706 2972 ΒΕΑΤΙ
1749 2914 1968 2971 PAun
2008 2913 2394 2986 APOSTOLI,

745 3033 753 3040 ·
1268 3015 1369 3068 AD
1424 3011 1893 3069 commanos,

641 3146 881 3215 Fratres,
920 3148 1039 3221 ¹Ego
1080 3148 1227 3204 enim
1264 3147 1453 3220 accepi
1493 3163 1526 3203 a
1572 3147 1826 3218 Domino,
1875 3147 2023 3222 quod
2064 3153 2128 3205 et
2163 3147 2374 3210 tradidi
2412 3148 2594 3218 vobis,

576 3237 836 3311 quoniam
862 3237 1126 3292 Dominus
1151 3235 1309 3292 Jesus
1336 3235 1393 3290 in
1421 3249 1532 3308 qua
1561 3240 1721 3291 nocte
1751 3235 2092 3305 tradebatur,
2125 3237 2344 3311 accepit
2370 3252 2594 3310 panem,

575 3335 633 3384 et
660 3325 868 3398 gratias
894 3341 1062 3397 agens
1092 3325 1275 3396 fregit,
1307 3329 1364 3380 et
1390 3322 1528 3379 dixit
1562 3339 1575 3379 z
1606 3323 1873 3398 Accipite,
1901 3333 1958 3382 et
1985 3325 2338 3394 manducate,
2363 3326 2485 3382 Hoc
2511 3329 2602 3382 est

575 3431 775 3490 corpus
797 3429 999 3481 meum,
1024 3410 1171 3488 quod
1196 3425 1294 3486 pro
1320 3411 1482 3470 vobis
1504 3412 1753 3488 tradetur
1784 3430 1799 3468 x
1827 3412 1932 3470 hoc
1955 3413 2122 3472 facite
2149 3416 2207 3472 in
2235 3430 2420 3472 meam
2439 3429 2600 3472 com-

576 3503 1048 3565 memorationem.
1076 3501 1339 3566 Similiter
1367 3507 1425 3559 et
1454 3501 1707 3570 calicem,
1739 3511 2033 3579 postquam
2061 3505 2324 3573 coenavit,
2353 3503 2596 3562 dicens:

573 3594 679 3652 Hic
710 3591 857 3652 calix
879 3607 1080 3650 novum
1112 3597 1506 3654 testamentum
1547 3596 1634 3654 est
1660 3591 1716 3646 in
1744 3607 1869 3649 meo
1891 3594 2164 3664 sanguine
2212 3611 2229 3650 ι
2257 3593 2367 3650 hoc
2405 3591 2596 3658 facite,

576 3682 1029 3757 quotiescumque
1072 3681 1309 3748 sumitis,
1358 3681 1417 3736 in
1461 3695 1641 3736 meam
1683 3683 2282 3741 commemorationem.
2332 3679 2600 3751 Quoties-

581 3786 815 3845 cumque
842 3771 988 3827 enim
1014 3767 1418 3826 manducabitis
1440 3783 1639 3842 panem
1659 3768 1825 3838 hunc,
1857 3777 1913 3826 et
1938 3771 2170 3828 calicem
2191 3770 2420 3837 bibetis,
2445 3784 2600 3825 mor·-

579 3865 703 3916 tem·
719 3859 937 3916 Domini
972 3857 1371 3916 annuntiabitis
1396 3858 1572 3920 donec
1597 3857 1807 3923 veniat.
1845 3859 2042 3932 Itaque
2069 3859 2602 3938 quicumqqemau-

580 3946 865 4008 necaverit
904 3965 1123 4024 panem,
1168 3947 1259 4011 vel
1294 3946 1497 4007 biberit
1537 3945 1769 4009 calicem
1794 3949 2016 4008 Domini
2060 3948 2307 4022 indigne,
2352 3962 2486 4006 reus
2518 3953 2604 4003 est

1542 4099 1548 4105 .
1562 4093 1618 4102 >-·-·
1624 4090 1643 4096 ‘⁹
2387 4094 2494 4106 -·-*‘

637 4105 668 4115 ,ν
680 4106 769 4116 ’Μ’
1302 4115 1464 4126 ’.ῃ--
