2850 4517
511 314 596 377 ³2
990 327 1043 375 s.
1087 322 1323 373 rsonae
1360 319 1691 377 souma-ns
1730 289 2043 371 cresconii

513 450 824 520 respectum
857 443 930 503 ad
955 441 1121 511 aliud,
1150 442 1296 501 ‚sicut
1331 439 1725 515 ,bipeshomini
1752 446 1806 498 et
1848 439 1939 499 avi
1964 456 2059 515 per
2102 446 2415 515 respectum
2446 441 2520 498 ad

517 520 912 610 quadrupedia,
961 531 1095 591 nibil
1123 530 1374 606 probibet
1401 531 1570 589 etiam
1610 546 1953 587 communem
1998 530 2353 603 spirationem
2390 547 2521 604 pro-

511 623 808 700 prietatem
846 622 976 684 dici.
1017 620 1160 692 Quia
1186 635 1316 679 vero
1357 620 1414 675 in
1457 618 1951 693 divinis-personas
1990 618 2123 677 solis
2166 618 2524 677 relationibus

517 712 946 785 distinguuntur,
970 710 1229 777 notiones
1251 715 1438 767 autem
1460 716 1590 767 sunt
1612 708 1811 780 quibus
1832 708 2142 766 divinarum
2170 724 2524 783 personarum

517 800 797 863 distinctio
841 800 1154 869 innotescit,
1185 814 1407 861 necesse
1444 804 1529 855 est
1554 801 1805 855 notiones
1835 798 2145 871 aliqualiter
2174 798 2245 855 ad
2296 798 2527 855 relatio-

516 907 644 951 nem
685 891 976 965 pertinere,
1020 889 1116 947 sed
1145 904 1335 947 earum
1363 894 1601 963 quatuor
1643 904 1788 947 verae
1818 887 2109 945 relationes
2137 894 2285 953 sunt,
2325 889 2528 963 quibus

517 980 719 1043 divInae,
744 994 992 1055 personae
1019 977 1350 1045 adinvicem
1375 976 1709 1034 referuntur.
1732 975 1935 1047 Quinta
1954 992 2084 1033 vero
2110 976 2282 1044 notio,
2314 978 2529 1035 scilicet

519 1068 914 1128 innascibilitas
937 1066 1008 1125 ad
1031 1066 1350 1125 relationem
1365 1066 1637 1141 ,per-tinet,
1664 1066 1807 1122 sicut
1828 1064 2117 1137 relationis,
2134 1066 2373 1139 negatio,
2398 1083 2530 1124 nam

523 1156 838 1231 negationes
884 1156 954 1213 ad
1003 1172 1175 1229 genus
1219 1155 1644 1213 affirmationum
1693 1155 2047 1223 reducuntur,
2096 1163 2153 1213 et
2196 1155 2531 1228 privationes

521 1248 592 1305 ad
637 1262 808 1319 genus
835 1244 1140 1312 habituum,
1188 1245 1332 1303 sicut
1367 1260 1477 1301 non
1518 1244 1679 1301 bomo
1714 1244 1785 1301 ad
1820 1254 2014 1317 genus·
2031 1242 2283 1311 hominis,
2328 1252 2385 1301 et
2423 1262 2530 1303 non

523 1334 708 1393 album
755 1334 827 1392 ad
872 1350 1045 1407 genus
1089 1333 1377 1391 albedinis.
1432 1332 1723 1391 Sciendum
1772 1340 1953 1389 tamen
2002 1333 2148 1406 quod
2180 1333 2527 1405 relationum,

523 1423 722 1499 quibus
751 1438 997 1498 personae
1038 1423 1106 1481 ad
1151 1421 1384 1479 invicem
1413 1421 1741 1493 referuntur,
1772 1421 2029 1495 quaedam
2056 1423 2351 1481 nominatae
2374 1431 2528 1493 sunt,

468 1512 481 1524 ’
526 1520 588 1569 ut
627 1506 930 1585 paternitas
984 1518 1040 1568 et
1077 1511 1286 1578 filiatio,
1343 1526 1470 1584 quae
1512 1512 1747 1584 propriae
1790 1509 2107 1567 relationem
2154 1511 2465 1584 significant
2514 1530 2529 1569 z

527 1601 779 1675 quaedam
809 1616 939 1657 vero
979 1600 1349 1667 innominatae,
1377 1599 1487 1656 iliae
1515 1598 1727 1656 scilicet
1752 1598 1951 1673 quibus
1978 1601 2141 1657 Pater
2166 1608 2223 1657 et
2263 1601 2433 1657 Filius
2460 1601 2534 1658 ad

526 1690 790 1764 Spiritum
811 1690 1071 1748 Sanctum
1090 1680 1416 1757 referuntur,
1444 1694 1499 1745 et
1526 1688 1761 1761 Spiritus
1785 1689 2017 1747 Sanctus
2036 1689 2104 1747 acl
2124 1706 2219 1747 eos
2249 1707 2263 1744 z
2290 1692 2387 1747 sed
2414 1691 2533 1748 loco

527 1778 855 1836 relationum
878 1779 1081 1834 utimur
1100 1778 1406 1835 nominibus
1420 1792 1704 1850 organum.
1724 1778 2069 1835 Manifestum
2092 1786 2177 1836 est
2192 1782 2358 1851 enim,
2384 1782 2533 1855 quod

527 1867 830 1926 communis
873 1868 1120 1943 spiratio,
1149 1874 1209 1925 et
1235 1863 1812 1943 processio'originem
1838 1868 2165 1946 significant,
2200 1887 2306 1927 non
2349 1880 2534 1930 autem

529 1958 822 2017 relationes
867 1948 1130 2031 originem
1159 1967 1575 2032 consequentes,
1606 1958 1753 2031 quod
1780 1964 1961 2033 potest
1990 1958 2251 2033 perpendi
2279 1976 2345 2017 ex
2388 1962 2535 2019 rela-

525 2047 768 2105 tionibus
796 2048 976 2106 Patris
1011 2052 1068 2104 et
1102 2046 1244 2103 Filii.
1277 2046 1575 2103 Generatio
1614 2048 1761 2102 enim
1788 2046 2059 2119 significat
2084 2049 2321 2105 activam
2362 2052 2536 2123 origi-

531 2154 674 2203 nem,
705 2153 871 2210 quam
898 2136 1252 2209 consequitur
1276 2134 1626 2208 paternitatis
1648 2134 1841 2191 relatio
1869 2152 1882 2190 ε
1914 2136 2177 2195 nativitas
2207 2154 2335 2196 vero
2360 2139 2533 2211 signi-

531 2224 661 2283 ficat
702 2225 978 2299 passivam
1003 2222 1119 2290 filii,
1151 2239 1318 2297 quam
1344 2224 1695 2298 consequitur
1726 2223 1917 2281 relatio
1944 2225 2244 2283 filiationis,
2274 2228 2534 2285 Similiter

533 2314 700 2387 igitur
726 2312 793 2369 ad
822 2328 1164 2369 communem
1189 2312 1545 2386 spirationem
1564 2314 1811 2387 sequitur
1834 2314 2017 2393 aliqua
2043 2316 2256 2386 relatio,
2284 2324 2340 2373 et
2366 2318 2536 2375 etiam

531 2402 604 2459 ad
642 2400 1066 2474 processionem.
1113 2400 1218 2459 Sed
1247 2400 1378 2475 quia
1421 2399 1715 2459 relationes
1743 2396 2097 2463 innominatae'
2142 2412 2290 2473 sunt,
2328 2406 2539 2463 utimur

532 2487 843 2549 nominibus
865 2496 1106 2558 actuum,
1137 2502 1236 2563 pro
1258 2488 1569 2549 nominibus
1595 2490 1943 2551 relationum.

1285 2658 1569 2730 CAPUT
1638 2662 1785 2732 LX.

585 2799 784 2881 Quod,
811 2798 953 2870 licet
973 2800 1292 2869 relationes
1312 2802 1380 2868 in
1403 2803 1632 2869 divinis
1652 2806 2035 2871 subsistentes
2058 2806 2185 2872 sint
2208 2806 2505 2890 quatuor,

975 2898 1172 2961 tamen
1197 2911 1318 2959 non
1343 2900 1489 2959 sum
1515 2894 1640 2960 nisi
1674 2899 2101 2976 trespersonoe.

607 3026 1075 3085 Considerandum
1120 3032 1304 3083 autem
1342 3026 1510 3100 quod,
1551 3027 1803 3099 quamvis
1847 3028 2142 3087 relationes
2180 3029 2545 3091 subsistentes

537 3116 596 3171 in
623 3114 824 3172 divinis
865 3116 976 3173 sint
1020 3114 1156 3188 ipsae
1201 3129 1445 3188 personae
1472 3113 1692 3182 divinae,
1741 3122 1805 3173 ut
1843 3132 2013 3192 supra
2046 3119 2255 3176 dictum
2282 3126 2387 3189 est,
2433 3138 2545 3178 non

540 3210 724 3261 tamen
785 3208 1000 3278 oportet
1045 3218 1165 3259 esse
1205 3203 1445 3275 quinque
1497 3204 1583 3259 vel
1642 3211 1877 3278 quatuor
1924 3222 2183 3281 personas
2240 3192 2545 3267 secundum

541 3308 826 3351 numerum
838 3291 1177 3371 ‚relationum
1211 3308 1224 3347 ε
1251 3306 1509 3355 numerus
1536 3294 1680 3353 enim
1705 3294 2111 3353 distinctionem
2152 3297 2394 3371 aliquam
2423 3313 2547 3355 con·

541 3381 987 3454 sequitur.·Sicut
1012 3380 1158 3435 enim
1184 3396 1348 3436 unum
1375 3388 1459 3436 ast
1486 3380 1836 3451 indivisibile,
1861 3384 1947 3441 vel
1973 3384 2287 3453 indivisum,
2316 3387 2393 3443 ita
2418 3387 2545 3460 plu-

519 3468 736 3539 „ralitas
760 3472 844 3523 est
882 3466 1172 3533 divisibile,
1196 3466 1277 3523 vel
1309 3467 1563 3525 divisum.
1592 3471 1673 3527 Ad
1702 3470 2073 3545 pluralitatem
2108 3474 2252 3531 enim
2281 3490 2546 3547 persona·-

524 3572 665 3615 .rum
694 3554 992 3629 requiritur
1023 3555 1169 3629 quod
1198 3554 1493 3616 relationes
1514 3558 1626 3615 vim
1664 3558 2032 3632 distinctivam
2074 3562 2311 3619 habeant
2334 3561 2547 3621 ratione

542 3642 924 3723 oppositionis,
952 3659 1080 3701 nam
1115 3642 1360 3701 formalis
1385 3645 1667 3704 distinctio
1708 3664 1814 3705 non
1864 3657 1951 3707 est
1973 3650 2080 3706 nisi
2119 3667 2215 3723 per
2242 3652 2545 3726 oppositio-

523 3751 688 3805 nem.
720 3732 786 3803 si„
806 3747 934 3804 ergo
955 3731 1237 3807 praedictae
1265 3732 1558 3791 relationes
1587 3735 1961 3808 inspiciantur,
1990 3739 2290 3811 paternitas
2318 3745 2377 3797 et
2402 3740 2550 3799 filia-

524 3821 624 3883 ‚tio
651 3820 1048 3896 oppositionem
1075 3820 1144 3879 ad
1175 3820 1408 3897 invicem
1438 3822 1639 3881 babent
1660 3822 1965 3893 relativam,
1998 3827 2141 3884 unde
2168 3844 2277 3887 non
2301 3844 2365 3888 se
2390 3845 2548 3889 com-

545 3908 829 4003 patiuntur
849 3909 906 3987 in
929 3909 1118 3987 eodem
1139 3914 1437 3987 supposito,
1464 3919 1686 3987 propter
1707 3909 1811 3973 hoc
1828 3921 2061 3989 oportet,
2078 3917 2223 3989 quod
2241 3916 2551 3991 paternitas
