2850 4517
517 346 634 413 418
993 364 1044 404 s.
1093 354 1324 404 rfloMAE
1366 353 1712 411 acorna-rra·
1733 358 2067 413 oruscum·

517 482 667 533 recte
695 475 945 533 viventes
975 474 1134 535 :sive
1163 491 1262 549 per
1284 476 1458 543 vivoS,
1490 476 1561 533 ad
1591 476 1851 543 litteram,
1880 474 2005 531 illos
2030 474 2125 547 qui
2150 474 2520 538 tunc-vivent,

517 572 574 621 et
593 577 690 638 per
711 571 974 631 mortuos,
993 579 1184 622 omnes
1203 565 1296 637 qui
1318 566 1516 622 mortui
1542 569 1691 621 sunt.
1710 566 1811 621 Est
1823 552 2008 621 autem
2026 564 2198 636 judex
2218 579 2326 620 non
2350 563 2517 619 solum

518 654 576 712 in
597 661 862 726 quantum
885 646 1036 710 Deus
1062 659 1166 721 est,
1189 652 1284 710 sed
1313 653 1481 711 etiam
1506 652 1559 709 in
1586 646 1854 726 quantum
1885 652 2149 709 homo.Et
2174 652 2278 708 hoc
2304 658 2519 725 propter

518 742 646 797 tria.
678 742 878 810 Primo,
907 742 1036 815 quia
1068 741 1439 798 necessarium
1463 747 1549 797 est
1593 748 1653 796 ut
1676 740 1960 813 judicandi
1998 740 2253 812 judicem.
2278 740 2523 797 videant.¹

518 830 790 888 Divinitas
826 834 1010 888 autem
1049 836 1134 886 est
1177 830 1256 886 ita
1299 828 1720 895 delectabibilis,
1764 829 1910 903 quod
1954 828 2133 885 nullus
2174 834 2361 903 potest
2412 829 2520 885 sine

518 918 719 991 gaudio
743 934 866 975 eam
891 918 1077 975 videre
1095 910 1123 974 'z
1154 926 1210 975 et
1237 918 1362 977 ideo
1386 917 1567 975 nullus
1595 910 1889 976 damnatus
1910 917 2113 992 poterit
2150 933 2275 975 eam
2315 917 2515 981 videre,

518 1008 648 1080 quia
673 1013 805 1063 tunc
828 1007 1110 1079 gauderet.
1137 1007 1206 1063 Et
1230 1006 1354 1064 ideo
1379 1021 1602 1064 necesse
1629 1012 1715 1063 est
1746 1014 1809 1063 ut
1847 1013 2112 1079 appareat
2137 1007 2191 1061 in
2219 1006 2397 1063 forma
2424 1006 2521 1061 hoss
2554 1025 2560 1031 ·

521 1096 701 1163 minis,
732 1103 792 1153 ut
819 1096 891 1153 ab
919 1096 1170 1153 omnibus
1189 1096 1465 1154 videatur.
1486 1097 1715 1153 Joan.-v
1745 1112 1760 1151 ε
1792 1096 2108 1173 Ροιοειαιοηι
2132 1094 2285 1177 dedit
2302 1094 2518 1168 eijudi-

519 1183 662 1241 cium
701 1184 899 1256 faeere,
923 1184 1051 1258 quia
1089 1184 1236 1256 filius
1276 1184 1505 1241 hominia
1542 1191 1638 1241 eet.
1670 1177 1959 1253 Secundo,
1983 1188 2115 1260 quia
2155 1184 2277 1257 ipse
2326 1184 2517 1239 meruit

521 1272 626 1329 hoc
665 1272 926 1341 officium,
953 1273 1254 1330 secundum
1282 1273 1429 1346 quod
1457 1271 1639 1329 homo.
1682 1264 1804 1346 Ipse
1845 1274 2031 1340 enirm·
2052 1272 2355 1331 secundum
2382 1272 2517 1343 quod

521 1361 684 1418 homo
722 1362 825 1418 suit
875 1362 1076 1434 injuste
1106 1360 1406 1433 judicatus,
1440 1367 1496 1417 et
1523 1378 1590 1417 ex
1626 1360 1729 1419 hoc
1757 1363 1905 1422 Deus
1948 1362 2078 1418 fecit
2117 1360 2519 1432 eum·Judicem

523 1449 695 1505 totius
738 1450 949 1505 mundi.
985 1448 1088 1505 Job
1122 1464 1309 1505 xxxvi
1343 1468 1356 1503 ε
1389 1450 1567 1507 Causa
1609 1456 1704 1506 tua
1750 1450 1905 1522 quasi
1934 1450 2103 1523 :impii
2138 1449 2392 1521 judicata
2430 1456 2517 1515 est,

523 1554 736 1593 eausam
759 1536 1127 1611 judiciumque
1152 1537 1392 1611 recipies.
1418 1538 1623 1605 Tertio,
1653 1545 1715 1595 ut
1750 1544 1930 1595 cesset
1967 1539 2278 1611 desperatio
2306 1538 2378 1595 ab
2404 1554 2519 1594 orn-

525 1626 701 1693 nibus,
743 1626 790 1681 si
833 1626 918 1694 ab,
950 1625 1165 1685 homine
1191 1626 1547 1699 judicantur.
1573 1627 1629 1684 Si
1672 1626 2008 1685 enim-solus
2054 1628 2201 1683 Deus
2230 1627 2517 1699 judicaret,

523 1715 770 1773 homines
807 1715 983 1773 territi
1027 1715 1400 1789 desperarent.
1442 1716 1605 1773 Lucae
1642 1730 1729 1774 xn
1760 1732 1773 1771 z
1812 1711 2072 1775 Videbunt
2092 1716 2271 1787 filium
2302 1715 2519 1771 hominis

524 1804 819 1862 venientem
845 1804 906 1861 in
926 1804 1082 1861 nube.
1104 1804 1394 1876 iudicandi
1428 1820 1558 1861 vero
1598 1812 1727 1861 sunt
1755 1820 1945 1861 omnes
1969 1805 2064 1878 qui
2105 1812 2253 1868 sunt,
2286 1804 2516 1870 fuerunt,

525 1901 582 1949 et
606 1899 785 1950 erunt.
811 1896 1004 1967 Apost.
1034 1894 1083 1949 11
1111 1893 1356 1951 Corinth.
1380 1908 1417 1949 v
1433 1910 1446 1947 :
1462 1893 1651 1950 Omnes
1677 1910 1771 1950 nos
1796 1892 2142 1964 manifestari
2163 1900 2373 1965 oportet
2389 1899 2521 1949 »ante

529 1981 770 2040 tribunal
796 1981 1022 2049 Christi,
1047 1989 1108 2039 ut
1155 1981 1363 2055 referat
1403 1982 1760 2056 unusquisque
1792 1982 2025 2055 propria
2064 1982 2327 2054 corporate,
2364 1986 2531 2055 prout·

523 2071 701 2142 pessit,
726 2058 836 2127 ,ς’ἰὺὸ
862 2070 1075 2136 bonum,
1100 2070 1210 2127 sive
1236 2072 1453 2128 malum.
1475 2071 1573 2127 Est
1612 2076 1816 2138 autem,
1844 2072 1988 2128 sicut
2028 2070 2166 2130 dicit
2208 2062 2520 2140 Gregorius,

527 2157 864 2231 quadruplex
899 2157 1206 2215 differentia
1235 2158 1377 2215 inter
1398 2156 1884 2229 judicandos-Aut
1912 2156 2057 2213 enim
2086 2156 2375 2229 judicandi
2402 2161 2524 2213 sunt

525 2246 674 2316 boni,
697 2254 792 2303 aut
819 2246 970 2303 mali.
1001 2246 1265 2303 Malorum
1291 2255 1477 2303 autem
1506 2246 1729 2320 quidam
1750 2244 2278 2313 condemnabuntur,
2302 2247 2397 2303 sed
2425 2260 2525 2301 non

520 2335 932 2406 judicabuntur,
963 2335 1106 2391 sicut
1133 2334 1400 2403 infideles,
1430 2349 1663 2409 quorum
1682 2335 1828 2391 facta
1858 2350 1963 2393 non
2000 2334 2383 2403 discutientur,
2403 2334 2527 2407 quia

529 2423 622 2495 qui
647 2439 751 2477 non
778 2421 944 2477 eredit
959 2422 1078 2493 jam
1097 2422 1371 2494 judicatus
1394 2430 1491 2489 eet,
1518 2432 1580 2480 ut
1614 2420 1817 2479 dicitur
1838 2424 1994 2479 Joan.
2021 2440 2108 2481 ιιι.
2141 2422 2377 2493 Quidam
2402 2438 2526 2479 vero

521 2510 1036 2567 ⁴condemnabuntur
1090 2517 1146 2565 et
1179 2511 1591 2584 judicabuntur,
1634 2512 1780 2568 'sicut
1810 2511 1997 2568 fideles
2035 2511 2541 2584 quidecesserunt·

529 2616 653 2657 cum
681 2605 908 2673 peccato
937 2601 1174 2657 mortali.
1207 2607 1342 2676 Apo.
1375 2604 1536 2659 Rom.
1566 2617 1625 2659 vr
1656 2600 1965 2674 :Stipendia
1981 2593 2187 2676 peccati
2211 2618 2355 2659 mora
2380 2619 2399 2659 .·
2422 2618 2545 2659 non·

529 2690 674 2746 enim
704 2688 1062 2746 excludentur
1091 2706 1122 2747 a
1150 2689 1362 2764 judicio
1385 2698 1632 2764 ¹propter
1672 2688 1849 2748 fidem'
1872 2704 2039 2765 quam
2068 2689 2399 2748 habuerunt.
2422 2692 2527 2749 Bo·-

531 2794 724 2835 norum
748 2779 912 2835 etiam
942 2780 1166 2852 quidam
1191 2780 1569 2847 salvabuntur,
1596 2788 1653 2836 et
1672 2796 1791 2836 non
1826 2778 2243 2854 judicabuntur,
2262 2795 2529 2854 pauperes

529 2867 740 2927 scilicet
767 2868 963 2941 spiritu
987 2878 1212 2942 propter
1246 2870 1441 2937 Deum,
1466 2869 1767 2942 quinimmo
1795 2868 1931 2925 alios
1961 2868 2306 2941 judicabunt,
2332 2870 2552 2925 Matth..

531 2973 636 3014 xrx
670 2974 682 3011 ε
713 2956 812 3014 Vos
845 2958 938 3029 qui
977 2958 1141 3014 secuti
1171 2958 1292 3015 estis
1323 2974 1428 3025 πω,
1458 2958 1517 3013 in
1560 2956 1958 3031 regeneratione
1990 2975 2107 3015 cum
2147 2958 2344 3014 sederit
2366 2957 2531 3029 lfilius

530 3045 756 3101 hominis
775 3045 836 3101 in
862 3046 976 3101 sede
1002 3048 1298 3126 '’najestatis
1314 3064 1445 3113 euae,
1457 3046 1703 3118 ‚sedebitis
1724 3053 1773 3103 et
1792 3064 1881 3113 vos
1901 3064 2062 3120 super
2082 3047 2221 3103 sedes
2234 3046 2527 3113 duodecim,

521 3133 826 3204 judicantes
849 3134 1117 3191 duodecim
1145 3135 1320 3193 tribus
1346 3136 1560 3194 Israel:
1590 3136 1735 3209 quod
1766 3136 1988 3209 quidem
2017 3152 2124 3193 non
2160 3136 2335 3193 solum
2362 3135 2547 3192 intel··

533 3222 718 3293 ligitur
751 3221 820 3277 de
865 3222 1166 3296 discipulis,
1214 3224 1308 3280 sed
1357 3225 1525 3281 etiam
1574 3225 1644 3281 de
1668 3224 1939 3282 ‚omnibus
1968 3224 2353 3298 -pauperibu‘s3
2396 3224 2529 3281 alias

533 3307 730 3367 Paulus
758 3311 851 3383 qui
881 3310 1005 3384 plus
1030 3311 1153 3369 aliis
1181 3311 1468 3379 laboravit,
1503 3327 1610 3368 non
1642 3318 1789 3370 esset
1834 3313 1903 3370 de
1945 3330 2173 3372 numero
2205 3314 2443 3381 illorum,
2475 3318 2530 3368 et

531 3396 656 3453 ideo
681 3398 1091 3470 intelligendum
1114 3408 1199 3469 est
1243 3401 1410 3458 etiam
1434 3400 1502 3457 de
1542 3402 1793 3459 omnibus
1822 3404 2197 3478 sequentibus
2216 3403 2525 3477 ApostoloS,

411 3534 420 3541 .
532 3492 589 3543 et
615 3485 683 3543 de
708 3489 1036 3561 Apostolicis
1066 3490 1218 3546 viris·
1245 3490 1372 3547 Ideo
1399 3495 1592 3564 Apost.
1623 3492 1881 3549 lCorint.
1908 3508 1969 3549 v1
2003 3510 2016 3547 :
2046 3493 2137 3549 An
2160 3488 2373 3549 nescitis
2400 3505 2499 3565 quo
2549 3533 2555 3540 .

531 3574 682 3631 niam
704 3578 930 3650 Anqeloe
949 3576 1350 3651 judicabimus?
1371 3580 1479 3637 lsa.
1509 3595 1577 3651 ru
1606 3597 1619 3635 ε
1652 3580 1922 3637 Dominus·
1954 3581 2025 3637 ad
2054 3579 2321 3654 judicium
2358 3580 2529 3637 veniet

531 3680 651 3720 eiam
673 3666 1090 3749 senibuepopuli
1109 3666 1217 3733 sui,
1245 3674 1296 3726 et
1313 3668 1651 3744 principibus
1672 3669 1807 3743 ejus.
1838 3670 2071 3740 Quidam
2115 3676 2301 3727 autem
2346 3668 2530 3726 salva-

531 3751 736 3809 buntur
763 3762 819 3810 et
841 3755 1252 3826 judicabuntur,
1285 3757 1496 3816 scilicet
1538 3759 1830 3816 morientes
1854 3759 1909 3815 in
1936 3758 2175 3832 justitia.
2202 3760 2355 3817 Licet
2384 3758 2528 3816 enim

533 3840 590 3895 in
611 3842 828 3910 justitia
855 3842 1210 3915 decesserint,
1241 3846 1295 3919 ln
1319 3848 1676 3917 occupatione
1705 3856 1888 3919 tamen
1919 3844 2301 3921 temporalium
2340 3848 2398 3905 in
2424 3845 2529 3903 uli·

535 3940 644 4005 quo
667 3927 806 4003 lapsi
821 3936 977 4019 sunt,
1002 3939 1060 3990 et
1077 3932 1202 3993 ideo
1216 3932 1630 4013 judicabuntur,
1654 3936 1754 4007 sed
1776 3936 2155 3998 salvabuntur.
2182 3933 2561 3996 iudicabunt·-
