2850 4517
530 359 653 418 346
994 373 1065 420 a.
1110 373 1343 418 mouAE
1380 373 1720 455 autumans
1753 355 2060 421 croscum

474 563 481 570 .
528 489 589 546 in
628 489 875 551 Ecclesia
918 483 1218 562 primitiva.
1250 489 1395 548 Dicit
1431 490 1576 546 enim
1621 489 1676 544 in
1717 506 1754 546 v
1799 507 1848 545 c.
1889 488 2294 547 Ecclesiasticae
2333 489 2562 546 hieran-

530 579 687 646 chiae‚
722 587 835 635 tres
868 593 993 635 esse
1022 579 1245 635 ordines
1277 578 1673 636 ecclesiasticae
1713 578 2054 648 hierarchiae,
2089 578 2303 636 scilieet
2332 579 2558 651 episco-

534 681 743 738 porum,
785 665 1251 740 prosbyterorum,
1284 671 1339 724 ot
1366 665 1744 723 diaconorum.
1771 665 1875 722 Ubi
1907 665 2214 722 notandum
2251 671 2360 734 est,
2401 666 2556 738 quod

532 754 779 812 ordinem
806 755 1157 818 diaconorum
1201 755 1337 812 dicit
1374 771 1497 812 esse
1538 753 1909 828 purgativum,
1951 754 2199 812 ordinem
2230 761 2418 812 autem
2457 771 2556 812 sa-

528 843 813 901 cerdotum
836 843 1279 916 illuminativum,
1308 845 1554 901 ordinem
1581 859 1711 900 vero
1737 845 2118 917 episcoporum
2143 843 2510 916 perfectivum
2540 860 2554 898 ε

532 938 588 988 et
625 933 767 988 sicut
808 931 926 1004 ipse
971 933 1109 989 dicit
1149 933 1205 989 in
1247 949 1307 991 vi
1348 949 1434 990 ca.
1475 929 1719 1004 'ejusdem
1747 931 1891 1001 libri,
1922 930 2008 988 his
2052 932 2228 990 tribus
2266 931 2557 988 ordinibus

534 1027 645 1077 tres
683 1021 900 1078 ordines
946 1021 1039 1082 alii
1079 1023 1409 1095 respondent
1443 1039 1458 1077 ε
1488 1038 1616 1078 nam
1645 1022 1824 1078 ordini
1862 1021 2216 1078 'diaconorum
2258 1021 2556 1093 subjicitur

532 1110 665 1169 ordo
696 1109 1120 1192 immundorum,
1154 1111 1248 1184 qui
1274 1112 1598 1184 purgatione
1627 1110 1876 1182 indigent
1905 1128 1918 1166 ε
1950 1111 2129 1167 ordini
2154 1126 2286 1167 vero
2315 1109 2552 1182 presby-

439 1235 448 1244 ·
533 1203 777 1256 tororum
812 1198 1101 1273 subjicitur
1137 1199 1271 1256 ordo
1300 1199 1804 1268 illuminandorum,
1845 1199 2058 1256 scilieet
2100 1215 2256 1256 sacer
2291 1197 2551 1272 populna,

532 1286 629 1359 qui
655 1303 687 1344 a
708 1288 1051 1361 presbyteris
1093 1287 1434 1345 illuminatur
1455 1305 1553 1361 per
1581 1294 2052 1345 sacramentorum
2089 1279 2498 1362 susceptionem
2533 1303 2550 1340 ε

532 1375 708 1431 ordini
760 1391 891 1434 vero
946 1379 1326 1450 episcoporum
1370 1377 1662 1449 subjicitur
1713 1377 1846 1434 ordo
1897 1377 2278 1451 perfectorum,
2333 1374 2556 1432 scilicet

534 1464 942 1533 monachorum,
982 1465 1077 1539 qui
1104 1481 1203 1539 per
1238 1481 1430 1523 eorum
1457 1466 1784 1522 traditiones
1818 1466 2112 1522 edocentur
2151 1465 2220 1520 ad
2247 1463 2558 1536 perfectis-

533 1554 730 1610 simam
774 1553 1161 1626 perfectionem
1190 1570 1407 1612 sursum
1446 1562 1624 1612 actus.
1655 1557 1738 1610 Ex
1764 1571 1876 1629 quo
1905 1561 2051 1630 patet
2084 1551 2383 1610 secundum
2411 1553 2553 1608 Dio.

534 1641 679 1714 quod
718 1643 978 1715 perfectio
1007 1643 1328 1700 attribuitur
1354 1643 1486 1700 solis
1513 1645 1784 1718 episcopis
1819 1653 1876 1700 et
1905 1642 2199 1698 monachis.
2233 1640 2554 1713 Episcopi8‚

536 1739 797 1804 tanquam
862 1731 1305 1805 perfectioribus,
1364 1732 1648 1789 monachis
1713 1741 1900 1789 autem
1957 1737 2219 1804 tanquam
2263 1727 2554 1801 perfectio.

533 1820 639 1876 Sed
666 1836 735 1876 ne
757 1820 957 1894 aliquis
979 1821 1147 1888 dicat,
1181 1819 1329 1894 quod
1356 1821 1654 1894 Dionysius
1683 1822 1852 1878 tradit
1883 1820 2128 1876 ordinem
2158 1816 2554 1874 ecclesiastieae

532 1905 856 1966 hierarchiae
889 1909 959 1966 ab
993 1908 1271 1981 Apostolis
1296 1909 1629 1976 institutum,
1658 1923 1784 1964 cum
1814 1913 1998 1963 tamen
2031 1923 2104 1962 ex
2137 1905 2354 1981 Domini
2385 1904 2553 1961 insti-

537 1997 745 2052 tutione
784 1997 929 2054 idem
957 2006 1139 2055 essent
1168 1997 1409 2072 episcopi
1439 2006 1494 2054 et
1524 1996 1848 2071 presbyteri,
1875 1995 1982 2051 hoe
2021 1993 2311 2050 manifeste
2349 1992 2550 2050 falsum

534 2096 761 2157 apparet
790 2103 857 2142 ex
896 2087 1001 2144 hcc
1038 2087 1183 2160 quod
1210 2087 1435 2156 dicitur,
1465 2087 1597 2142 Luc.
1631 2102 1711 2142 x.
1753 2085 1877 2140 Post
1905 2084 2016 2140 hoec
2043 2090 2220 2140 autem
2248 2081 2552 2153 dosiynaoit

536 2174 815 2242 Domtnus,
833 2181 943 2232 etc.
964 2174 1056 2232 ubi
1084 2177 1219 2233 dicit
1242 2176 1366 2233 Glo.
1388 2193 1402 2232 t
1424 2175 1624 2254 «fiicut
1653 2173 1706 2230 in
1732 2172 2008 2246 Apostolis
2035 2178 2122 2228 est
2145 2171 2317 2229 forma
2347 2169 2553 2244 episeo-

535 2279 747 2334 porum,
788 2264 952 2322 sicin
994 2265 1341 2337 septuaginta
1388 2263 1602 2322 duobus
1631 2263 1802 2319 forma
1845 2271 1928 2319 est
1972 2259 2420 2335 presbyterorum
2455 2274 2550 2314 se-

534 2350 697 2406 cundi
726 2352 949 2420 ordiniS,
984 2361 1040 2409 et
1080 2353 1281 2408 mirum
1322 2359 1405 2410 est
1449 2369 1574 2409 cum
1603 2352 1706 2408 hoc
1753 2351 1858 2424 ipsi
1887 2351 2258 2417 introducant,
2307 2348 2553 2422 qualiter

536 2437 810 2510 propriam
850 2455 1043 2496 vocem
1070 2442 1341 2512 ignorent,
1378 2441 1568 2498 statim
1614 2440 1964 2514 postmodum
2001 2447 2328 2506 asserenteS‚
2369 2437 2550 2494 solum

450 2558 453 2561 -
534 2527 675 2582 eitra
714 2533 957 2599 tempora
1004 2529 1187 2586 Hiero,
1232 2531 1519 2604 episcopos
1549 2546 1580 2588 a
1621 2528 1959 2604 presbyteris
1997 2544 2117 2585 esse
2145 2527 2458 2594 distinctos,
2493 2531 2552 2581 et

534 2614 581 2669 si
610 2615 733 2688 quis
766 2617 1145 2674 ad-anteriora
1176 2627 1418 2691 tempora
1449 2618 1700 2691 progredi
1732 2617 1983 2686 voluerit,
2015 2617 2258 2674 inveniet
2283 2615 2456 2672 etiam
2491 2615 2552 2670 in

534 2703 707 2759 veteri
752 2703 870 2776 lege
914 2705 1203 2764 distinctos
1252 2709 1544 2764 Pontifices
1595 2725 1628 2764 a
1674 2706 1976 2762 minoribus
2019 2705 2440 2772 sacerdotibus,
2491 2704 2552 2758 in

535 2800 799 2873 quantum
828 2802 945 2852 erat
974 2797 1341 2854 sacerdotium
1373 2797 1503 2852 iliud
1532 2797 1702 2853 nostri
1732 2793 2024 2852 sacerdotii
2055 2794 2299 2868 figurale.
2331 2793 2556 2850 Dicitur·

534 2883 696 2951 enim,
726 2883 801 2939 di.
824 2901 918 2942 xx!
946 2901 996 2941 c.
1020 2885 1095 2941 De
1118 2886 1321 2958 quibus.
1345 2903 1359 2942 :
1391 2908 1415 2940 «
1437 2886 1644 2942 Summi
1676 2883 1983 2954 PontificeS,
2006 2891 2061 2940 et
2089 2883 2327 2939 minores
2357 2899 2553 2939 sacer-

535 2971 689 3028 dotes
728 2987 760 3028 a
798 2973 911 3029 Deo
948 2981 1075 3030 sunt
1102 2973 1340 3031 instituti
1382 2991 1478 3050 per
1522 2975 1762 3048 Moysen,
1798 2974 1983 3046 quiex
2018 2977 2294 3045 praecepto
2324 2971 2556 3028 Domini

534 3063 716 3116 Aaron
762 3061 817 3116 in
845 3077 1117 3118 summum
1144 3064 1482 3130 Pontificem,
1515 3062 1657 3118 fiilos
1701 3077 1830 3118 vero
1865 3062 1982 3138 ejus
2024 3061 2180 3116 unxit
2209 3061 2266 3117 in
2303 3061 2557 3118 minores
2637 3061 2648 3076 ⁸

535 3149 845 3205 sacerdotes
868 3170 917 3206 n.
941 3151 1021 3206 Ex
1046 3169 1152 3224 quo
1182 3159 1352 3224 patet,
1380 3152 1526 3226 quod
1553 3151 1749 3209 falsum
1775 3151 2110 3207 intellectum
2131 3148 2461 3222 concipiunt
2487 3167 2558 3206 ex

533 3235 715 3292 verbis
756 3238 977 3295 Hieron.
1011 3241 1133 3296 Non
1162 3241 1309 3297 enim
1345 3240 1583 3297 intendit
1619 3241 1800 3296 Hiero.
1835 3240 2037 3306 dicere,
2071 3239 2217 3311 quod
2255 3237 2312 3294 in
2349 3240 2558 3312 primi-

533 3325 647 3382 tiva
674 3326 917 3385 Ecciesia
946 3335 1090 3386 esset
1118 3329 1265 3386 idem
1294 3330 1448 3398 ord0,
1481 3331 1565 3388 vel
1593 3336 1771 3387 status
1799 3329 2195 3403 episcoporum,
2226 3335 2281 3384 et
2305 3331 2560 3404 presby-

531 3420 791 3485 terorum,
824 3417 922 3474 sed
958 3419 1104 3491 quod
1148 3419 1536 3477 vocabulorum
1584 3421 1814 3476 istorum
1844 3427 1962 3475 erat
2003 3418 2348 3490 promiscuus
2394 3435 2566 3486 usus,-

534 3506 663 3578 quia
692 3513 747 3560 et
776 3507 1082 3581 presbyteri
1107 3508 1429 3566 dicebantur
1458 3509 1698 3582 episcopi
1725 3497 1885 3582 quasi
1915 3507 2276 3574 intendentes„
2305 3513 2366 3562 et
2401 3510 2564 3581 epis-

532 3597 655 3667 copi
696 3597 1004 3669 presbyteri
1035 3605 1256 3670 propter
1297 3597 1626 3670 dignitatem
1663 3616 1677 3653 ε
1711 3599 1855 3654 unde
1885 3595 2127 3652 Isidorus
2154 3595 2308 3662 dicit,
2357 3603 2422 3652 et
2453 3597 2566 3654 ha-

531 3680 712 3750 betur,
762 3682 893 3740 dist.
932 3700 1041 3742 xx!
1068 3701 1190 3759 cap.
1225 3686 1425 3754 Cleros,
1455 3687 1600 3761 quod
1639 3686 1947 3761 presbyteri
1985 3686 2222 3742 minores
2264 3683 2406 3740 licet
2447 3689 2568 3743 sint

532 3770 867 3842 sacerdoteS,
892 3781 1073 3831 tamen
1092 3776 1448 3834 Pontificatus
1471 3777 1682 3850 apicem
1705 3792 1812 3831 non
1837 3774 2059 3842 habent,
2086 3775 2218 3848 quia
2241 3789 2346 3830 nec
2367 3775 2570 3832 chris-

534 3865 683 3912 mate
708 3859 940 3916 frontem
968 3863 1206 3934 signant,
1238 3879 1340 3922 nec
1368 3865 1620 3938 spiritum
1645 3863 2158 3941 paraclitum-dant,
2192 3862 2339 3936 quod
2369 3865 2570 3923 solum

535 3942 722 4000 deberi
747 3948 1013 4021 episcopis
1037 3951 1199 4009 lectio
1225 3956 1681 4026 ActuumApost.
1713 3953 2075 4021 demonstrat,
2115 3957 2172 4008 et
2201 3953 2506 4012 concludit
2551 3974 2568 4014 t
