2850 4517
831 420 896 463 -.1
927 435 1009 448 —-
1035 410 1435 477 communium
1484 408 1859 476 mammem}
2234 410 2345 469 151

339 536 668 591 increatam.
698 534 792 591 Ea
822 550 954 591 veto
982 552 1120 609 quae
1153 536 1248 592 ad
1241 523 1629 639 suppositum,
1656 523 1777 595 θἰνθ
1811 524 2144 631 hypostasim
2177 542 2341 613 perti-

340 632 516 690 nent,-
545 637 713 679 unum
752 630 965 680 tantum
989 626 1068 681 in
1105 610 1320 686 Christo
1360 615 1611 683 confiteri
1648 631 1911 708 oportet:
1916 660 1921 663 -
1946 622 2101 685 unde
2141 630 2187 685 si
2228 646 2347 686 esse

305 734 309 738 ’
341 714 650 785 accipiatur
673 714 972 769 secundum
997 714 1142 787 quod
1169 700 1343 801 unuin
1363 718 1487 773 esse
1512 719 1609 772 'est
1621 717 1809 773 'tinius
1818 702 2103 791 suppositi,
2129 718 2347 774 'videtur

341 802 637 857 dicendum
669 802 814 875 quod
845 803 899 857 in
929 800 1160 861 Christo·
1169 792 1258 860 s'it·
1277 792 1510 862 tantum
1526 789 1711 862 unitim·
1722 800 1862 863 esse.
1888 794 2235 863 Manifestum
2264 816 2346 864 est

343 892 492 947 enim
510 892 656 963 quod
685 900 872 964 partes
885 890 1076 949 divis'ae
1089 893 1330 965 singulte
1359 896 1640 968 propritim
1654 881 2025 953 'esseffiaben'tz
2050 896 2348 951 secundum

293 1040 307 1047 ⁷
343 989 530 1037 autem
569 980 714 1052 quod
753 981 817 1036 in
865 986 980 1038 toto
1023 970 1599 1069 θρηθίᾱθιθηιιιτ,>ηόίι
1620 983 1844 1041 habent
1884 1000 2045 1042 suum
2093 1001 2211 1041 esse
2252 984 2347 1040 sed

339 1084 535 1125 omnes
555 1077 682 1126 sont
707 1063 802 1144 per
821 1084 940 1127 esse
956 1059 1161 1127 totius-2
1181 1071 1405 1145 Si¹ergo
1398 1058 1857 1129 consideremus·
1842 1068 2021 1154 ipsum
2050 1074 2343 1141 Christum,

339 1164 408 1215 ut
443 1159 718 1232 quoddam
748 1160 1036 1231 integrum·
1051 1155 1422 1233 'suppositum
1440 1146 1679 1235 titianum
1716 1154 2059 1231 naturarum,
2090 1165 2207 1236 ejus
2244 1164 2350 1219 erit

344 1264 513 1305 unum
541 1254 754 1305 tantum
789 1240 936 1316 esse,-
947 1250 1100 1305 sicut
1139 1257 1206 1332 et
1224 1245 1391 1309 unum
1417 1239 1780 1331 suppositum.
1814 1251 1953 1321 Quia
1986 1267 2117 1309 vero
2149 1268 2347 1327 opera—

347 1339 523 1394 tiones
561 1328 1005 1411 supposuerunt·-
998 1343 1160 1406 sunt,
1204 1340 1396 1396 ‘visum
1428 1344 1544 1396 cst·
1549 1340 1875 1421 aliquibuS,
1908 1343 2055 1415 quod
2103 1342 2247 1399 sicut
2291 1344 2347 1398 in

344 1426 560 1484 Christo
583 1439 710 1483 non
719 1434 806 1484 est
826 1424 1135 1485 nisiun'um
1145 1398 1519 1511 suppositum,-
1512 1415 1633 1509 'ita
1644 1423 1760 1500 non'
1778 1436 1922 1487 esset
1952 1431 2055 1487 uisi
2082 1447 2186 1487 una
2212 1448 2345 1504 ope-

344 1518 508 1575 ratio.
533 1513 639 1574 Sed
668 1520 772 1573 non
805 1506 961 1573 {reete
975 1502 1517 1595 οθηθὶᾶθνθνθιιιηιετ
1522 1503 1697 1577 'nam'
1705 1521 1761 1575 in·
1793 1505 2036 1593 quolibet
2066 1518 2345 1577 individuo

344 1608 699 1679 reperiuntur
716 1596 928 1667 mdl'tae
917 1590 1294 1697 operationes,
1305 1602 1380 1663 ·θί
1391 1593 1527 1673 ‘sunt
1552 1608 1717 1681 plora
1732 1610 2109 1681 operationum
2142 1610 2347 1682 princi-

345 1698 454 1769 pia,
485 1696 628 1753 sicut
653 1697 714 1751 i‘n
729 1686 958 1751 homine
973 1686 1094 1752 alia
1118 1702 1228 1752 est
1238 1690 1490 1781 oper-atio
1520 1696 1881 1770 intelligendi,
1910 1697 2017 1754 alia
2052 1699 2343 1767 sentiendi,

345 1794 568 1857 propter
594 1778 980 1847 differentiam
989 1785 1209 1841 sensus
1205 1786 1300 1841 et
1309 1780 1663 1859 ἰΜθΉθόιήθι
1695 1788 1838 1843 sicut
1874 1787 1928 1843 in
1970 1788 2095 1859 igne
2124 1788 2231 1844 alia
2260 1794 2346 1843 est

343 1874 593 1945 operatio
617 1872 1004 1942 calefactioni3‚
1039 1874 1148 1931 alia
1173 1876 1525 1943 ascensionis,
1554 1874 1774 1948 propter
1802 1876 2166 1932 differentiam
2194 1877 2345 1933 calo·

345 1964 426 2016 ris
456 1968 510 2016 et
537 1956 792 2022 levitatis.
815 1962 1026 2020 Natura
1045 1952 1240 2048 autem
1256 1965 1608 2035 comparatur
1628 1963 1696 2019 ad
1722 1962 2113 2035 operationem,
2143 1971 2203 2018 ut
2228 1967 2347 2037 ejus

343 2049 692 2123 principium.
718 2050 839 2105 Non
861 2066 993 2123 ergo
1029 2056 1114 2107 est
1135 2058 1246 2107 una
1268 2050 1532 2135 operati0
1566 2051 1647 2105 in
1661 2049 1876 2107 Christo
1921 2057 2143 2123 propter
2180 2066 2347 2108 unum

341 2139 706 2211 suppositum,
737 2139 832 2195 sed
863 2139 988 2197 duae
1021 2132 1276 2225 propter
1287 2129 1455 2196 duas
1468 2133 1721 2225 naturaS,
1717 2140 1885 2196 sicut
1912 2156 1944 2196 e
1986 2155 2247 2196 converso
2291 2143 2346 2197 in
2444 2132 2450 2137 ’

341 2230 544 2285 Sancta
565 2228 836 2285 Trinitate
862 2236 946 2285 est
971 2246 1077 2286 una
1097 2230 1340 2315 operatio
1365 2218 1534 2285 triu'm
1549 2218 1911 2303 personarum
1936 2236 2157 2304 propter
2184 2246 2346 2287 unam

344 2324 615 2375 naturam.
639 2318 937 2391 Participat
963 2326 1144 2375 tamen
1165 2319 1410 2393 operatio
1423 2320 1828 2377 humanitatis
1815 2337 1870 2376 ιη
1894 2320 2107 2377 Christo
2138 2319 2346 2394 aliquid

341 2408 415 2464 de
441 2408 754 2480 operatione
781 2407 1005 2465 virtutis
1043 2409 1264 2467 divinae.
1303 2409 1560 2467 Omnium
1585 2412 1730 2466 enim
1768 2427 1960 2489 *eorum
1983 2427 2107 2484 quae
2141 2426 2345 2467 conve-

342 2496 500 2552 niunt
546 2496 600 2553 in
647 2513 817 2560 unum
871 2498 1231 2570 suppositum,
1283 2499 1333 2555 ei
1377 2500 1524 2573 quod
1572 2500 1927 2572 principalius
1977 2507 2080 2566 est,
2142 2507 2345 2557 caetera

341 2586 832 2643 instrumentaliter
877 2586 1211 2655 deserviunt,
1263 2586 1404 2644 sicut
1452 2596 1668 2646 caeterae
1714 2598 1898 2662 partes
1936 2589 2175 2645 hominis
2217 2596 2345 2645 sunt

341 2674 706 2732 instrumenta
746 2674 1077 2733 intellectus.
1121 2678 1212 2733 Sic
1258 2678 1427 2748 igitur
1471 2680 1527 2733 in
1570 2678 1793 2735 Christo'
1833 2678 2146 2734 humanitas
2186 2676 2345 2751 quasi

340 2764 622 2837 quoddam
643 2777 902 2837 organum
931 2766 1238 2823 divinitatis
1261 2772 1534 2821 censetur.
1564 2766 1723 2851 Patet
1753 2758 1937 2822 autem
1961 2768 2107 2839 quod
2138 2767 2346 2823 instruss

342 2859 592 2910 mentum
617 2856 729 2925 agit
755 2856 810 2909 in
839 2856 1043 2911 virtute
1071 2850 1386 2937 principalis
1430 2856 1663 2925 agentis.
1692 2854 1847 2909 Unde
1885 2856 1939 2907 in
1971 2854 2185 2909 actione
2227 2855 2346 2910 ins·
2401 2886 2407 2893 ·

341 2942 609 2999 trumenti
637 2958 744 2999 non
765 2945 948 3000 solum.
967 2944 1244 3001 invenitur
1270 2944 1445 2999 virtus
1471 2940 1839 3009 instrumenti,
1869 2941 1964 2997 se'd
1997 2942 2164 2997 etiam
2190 2943 2345 3015 prin-

339 3030 536 3102 cipalis
564 3032 816 3103 agentis:
821 3031 992 3087 siout
1031 3030 1133 3113 per
1157 3017 1427 3087 actionem
1458 3029 1671 3084 securis
1702 3028 1762 3083 fit
1792 3044 1937 3095 arca,
1982 3030 2039 3083 in
2078 3038 2343 3101 quantum

341 3119 552 3174 securis
579 3118 833 3191 dirigitur
861 3119 930 3173 a'b
954 3106 1300 3175 artifice.1ta
1324 3133 1455 3190 ergo
1471 3122 1535 3173 et
1576 3117 1820 3190 operatio
1851 3118 2103 3173 humanae
2135 3123 2343 3174 naturae

341 3208 400 3263 in
427 3207 642 3264 Christo
667 3207 964 3279 quamdam
1003 3208 1116 3265 vim
1147 3224 1216 3264 ex
1239 3207 1446 3265 deitate
1480 3206 1716 3263 habebat
1737 3220 1911 3279 supra
1950 3206 2211 3262 virtutem
2238 3207 2345 3263 hu-

339 3311 579 3351 manam.
608 3295 764 3366 Quod
801 3296 954 3352 enim
989 3302 1238 3367 tangeret
1280 3297 1574 3377 leprosum,
1609 3296 1967 3352 humanitatis
2008 3295 2154 3352 actio
2192 3295 2341 3351 suit.

225 3444 232 3450 ,
339 3386 450 3442 sed
467 3385 611 3458 quod
639 3393 822 3443 tactus
844 3387 936 3443 ille
963 3392 1202 3443 curaret
1194 3394 1236 3443 a
1265 3386 1435 3459 lepra,
1468 3403 1534 3465 ex
1571 3386 1775 3445 virtute
1802 3386 2110 3441 divinitatis
2148 3400 2345 3457 proce-

337 3474 526 3531 debat.
575 3476 642 3530 Et
677 3492 776 3548 per
813 3477 960 3533 hunc
1002 3476 1223 3533 modum
1259 3492 1446 3533 omnes
1491 3478 1611 3549 ejus
1652 3476 1912 3542 actioneS,
1964 3480 2019 3530 et
2067 3474 2345 3546 passiones

337 3564 594 3623 humanae
623 3565 827 3621 virtute
863 3567 1174 3623 divinitatis
1205 3566 1475 3630 salutares
1508 3566 1728 3623 fuerunt
1760 3583 1773 3623 ε
1804 3572 1858 3621 et
1886 3562 2008 3621 ideo
2051 3561 2372 3636 Dionysius'
2434 3603 2443 3607 -

337 3660 501 3709 vocat
540 3654 836 3711 humanam
881 3655 1084 3712 Christi
1127 3654 1500 3728 operationem
1543 3654 1937 3721 theandricam,
1986 3652 2043 3709 id
2086 3658 2189 3720 est,
2244 3650 2344 3705 Dei

335 3740 602 3799 virtutem
630 3744 760 3816 quia
789 3744 1002 3801 scilicet
1039 3744 1120 3800 sic
1148 3743 1480 3817 procedebat
1510 3760 1575 3799 ex
1601 3744 1940 3799 humanitate
1971 3740 2115 3814 quod
2162 3746 2344 3795 tamen

333 3831 394 3887 in
422 3846 490 3889 ea
525 3832 746 3904 vigebat
788 3832 1093 3890 divinitatis
1136 3834 1334 3890 virtus.
1360 3832 1605 3890 Vertitur
1648 3832 1813 3887 etiam
1854 3846 1887 3887 a
1931 3827 2258 3903 quibusdam
2286 3826 2343 3882 in

331 3920 566 3978 dubium
608 3920 677 3976 de
715 3921 996 3990 filiatione,
1026 3939 1097 3979 an
1139 3924 1213 3979 sit
1259 3938 1366 3980 una
1395 3928 1609 3978 tantum
1638 3920 1693 3974 in
1722 3919 1939 3975 Christo
1970 3923 2187 3991 propter
2214 3915 2343 3972 uni-

330 4018 512 4070 tatem
549 4010 840 4086 suppositi,
871 4012 958 4074 vel
990 4012 1114 4071 duae
1150 4017 1370 4086 propter
1397 4009 1721 4069 dualitatem
1749 4007 2075 4070 nativitatis.
2110 4004 2342 4065 Videtur
