2850 4517
723 380 813 427 xx.
844 396 924 411 -
951 379 1034 426 nn
1073 378 1491 425 suurn-mun
1546 380 1857 427 ananum
2179 367 2299 433 457

286 503 478 557 reatui·
500 496 774 571 angelum,
801 501 992 571 utpote
1032 494 1401 573 propinquum
1425 501 1483 553 et
1522 495 1849 557 familiarem
1889 497 2056 573 regis.
2083 500 2293 571 Tertio,

285 588 650 663 praeminebat
673 593 897 664 propter
928 584 1321 663 plenitudinem
1351 584 1657 661 splendoris
1694 586 1889 659 gratiae
1929 585 2152 649 divinae.
2184 594 2304 653 An-

287 679 396 751 geli
421 677 571 756 enim
611 677 944 751 participant
981 676 1160 751 ipsum
1206 675 1388 732 lumen
1418 675 1666 732 divinum
1710 677 1765 732 in
1810 692 2024 737 summa
2062 679 2304 754 plenitu-

288 767 435 824 dine.
461 764 565 822 Job
609 780 732 823 xxv
781 782 794 820 z
839 764 1120 841 Numquid
1158 772 1238 823 est
1277 781 1533 823 numerus
1574 764 1813 823 militum
1864 766 1997 843 ejus,
2044 776 2095 827 et
2141 786 2303 845 super

288 873 439 933 quom
463 872 570 912 non
589 862 774 931 surget
794 856 970 912 lumen
993 854 1152 931 ejus?
1167 852 1238 911 Et
1265 854 1390 910 ideo
1419 870 1635 929 semper
1660 864 1890 931 apparet
1917 873 2045 917 cum
2069 856 2297 919 lumine.

287 946 396 1003 Sed
436 943 702 1012 homineS,
722 952 779 1000 et
819 944 867 1000 si
915 941 1123 1017 aliquid
1170 941 1502 1017 participent
1551 944 1621 1000 de
1668 944 1785 1018 ipso
1832 945 2037 1005 lumine
2072 949 2291 1023 gratiae,

292 1050 486 1109 parum
510 1042 693 1089 tamen
719 1032 854 1089 etin
884 1032 1222 1089 obscuritate
1250 1031 1512 1105 quadam.
1538 1032 1659 1089 Non
1698 1048 1829 1107 ergo
1856 1033 2057 1093 decens
2083 1045 2225 1109 erat,
2239 1044 2303 1098 ut

289 1123 495 1181 homini
537 1122 902 1179 reverentiam
937 1121 1238 1191 exhiberet,
1283 1134 1573 1197 quousque
1620 1120 1822 1197 aliquis
1868 1124 2203 1185 inveniretur
2247 1128 2304 1184 in

289 1210 529 1270 humana
552 1218 768 1279 natura,
792 1211 885 1283 qui
915 1210 976 1266 in
1001 1211 1086 1268 his
1106 1209 1281 1267 tribus
1306 1208 1725 1283 designandum,
1752 1212 1900 1285 quod
1930 1212 1986 1270 in
2010 1213 2093 1271 his
2124 1215 2303 1273 tribus

292 1299 592 1359 excedebat
631 1316 776 1368 eum,
815 1298 988 1357 voluit
1041 1300 1091 1356 ei
1141 1298 1367 1373 angelus
1421 1300 1788 1359 reverentiam
1840 1301 2114 1371 exhibere,
2159 1306 2303 1363 unde

293 1388 472 1447 dixit.
501 1389 636 1447 Ave.
664 1389 821 1449 Unde
851 1390 1020 1446 Beata
1059 1388 1226 1461 Virgo
1260 1387 1494 1444 excessit
1544 1387 1765 1461 angelos
1812 1389 1867 1445 in
1908 1391 1976 1447 iis
2025 1391 2217 1461 tribua,
2250 1400 2308 1453 et

293 1479 470 1553 primo
513 1479 568 1534 in
613 1478 951 1550 plenitudine
992 1477 1210 1549 gratiae,
1239 1490 1366 1551 quae
1407 1475 1585 1547 magis
1626 1482 1712 1533 est
1748 1476 1805 1535 in
1853 1478 2020 1539 Beata
2061 1480 2304 1555 Virgine,

292 1582 460 1641 quam
501 1566 558 1623 in
581 1565 766 1641 aliquo
793 1565 1007 1639 angelo,
1040 1572 1097 1623 et
1136 1564 1262 1621 ideo
1309 1564 1379 1620 ad
1425 1563 1813 1621 insinuandum
1848 1564 1953 1624 hoc
1988 1568 2215 1641 angelus
2256 1570 2307 1629 ei

292 1656 656 1713 reverentiam
697 1656 962 1726 exhibuit,
984 1654 1222 1710 dicens:
1249 1652 1447 1709 Gratia
1483 1652 1662 1727 plena,
1692 1654 1851 1728 quasi
1896 1651 2107 1718 diceret
2134 1675 2147 1714 ι
2176 1658 2307 1717 Ideo

296 1744 526 1803 exhibeo
553 1743 938 1810 reverentiam,
973 1742 1100 1816 quia
1135 1757 1221 1801 me
1250 1741 1473 1799 excellis
1501 1740 1556 1798 in
1586 1740 1923 1815 plenitudine
1960 1746 2180 1822 gratiae.
2203 1748 2307 1808 Di-

295 1834 443 1889 citur
473 1837 658 1887 autem
683 1830 862 1887 Beata'
889 1830 1055 1902 Virgo
1095 1829 1257 1903 plena
1307 1831 1487 1903 gratia
1534 1837 1803 1906 quantum
1831 1832 1899 1892 ad
1944 1834 2072 1891 tria.
2103 1836 2305 1910 Primo,

295 1927 564 1997 quantum
589 1921 657 1977 ad
686 1920 948 1986 animam,
980 1920 1036 1975 in
1067 1935 1176 1994 qua
1203 1918 1397 1978 habuit
1421 1935 1640 1987 omnem
1665 1920 2063 1997 ‘plenitudinem
2088 1927 2306 1997 gratiae.

292 2014 436 2071 Nam
459 2010 638 2083 gratia
685 2006 785 2064 Dei
816 2008 979 2065 datur
1006 2008 1077 2065 ad
1105 2008 1235 2075 duo,
1267 2006 1481 2088 scilicet
1506 2008 1577 2065 ad
1620 2008 1822 2068 bonum
1864 2013 2222 2085 operandum,
2250 2022 2309 2072 et

296 2100 368 2159 ad
408 2096 694 2157 vitandum
746 2097 972 2164 malum,
1022 2103 1078 2153 et
1121 2104 1390 2171 quantum
1432 2096 1503 2153 ad
1545 2096 1655 2156 ista
1699 2098 1808 2157 duo
1851 2101 2307 2175 perfectissimam

297 2189 532 2263 gratiam
575 2185 766 2245 habuit
801 2187 970 2243 Beata
997 2183 1184 2259 virge.
1213 2186 1358 2245 Nam
1401 2186 1521 2258 ipsa
1568 2200 1729 2246 omne
1768 2198 2059 2265 peccatum
2105 2194 2305 2252 vitavit

295 2278 472 2349 magis
496 2292 663 2351 quam
691 2274 894 2349 aliquis
938 2283 1162 2332 sanctus
1206 2282 1332 2347 post
1373 2272 1671 2332 Christum.
1704 2277 2001 2337 Peccatum
2034 2282 2182 2340 enim
2209 2288 2309 2342 aut

298 2372 384 2422 est
410 2363 694 2438 originale,
725 2364 879 2420 etde
908 2364 1015 2421 isto
1055 2362 1158 2419 fuit
1181 2363 1446 2421 mundata
1474 2364 1530 2423 in
1569 2373 1727 2423 utero
1748 2382 1771 2447 ι
1812 2375 1909 2425 aut
1934 2371 2314 2441 mortale,‘aut

298 2453 530 2521 veniale,
558 2460 614 2509 et
638 2452 707 2509 de
732 2450 854 2511 istis
878 2452 1051 2510 libera
1078 2451 1202 2509 fuit.
1229 2452 1384 2511 Unde
1408 2454 1761 2515 canticorum
1789 2472 1850 2517 tv
1877 2473 1892 2513 ι
1932 2458 2065 2518 Tota
2080 2462 2313 2534 pulchra

298 2558 371 2608 ss,
416 2540 590 2598 amica
615 2557 751 2607 mea,
774 2548 824 2597 et
852 2541 1059 2597 macula
1088 2558 1196 2597 non
1223 2540 1393 2599 estin
1434 2547 1503 2599 te.
1535 2546 1677 2617 Aug.
1718 2546 1773 2603 in
1802 2545 1899 2605 lib.
1932 2547 2003 2605 de
2030 2557 2227 2611 natura
2255 2562 2312 2611 et

299 2631 516 2703 gratia:
541 2648 568 2679 α
591 2628 832 2698 Excepta
855 2628 1057 2685 Sancta
1084 2628 1304 2699 Virgine
1325 2630 1516 2697 Maria,
1534 2632 1581 2689 si
1597 2647 1787 2689 omnes
1811 2635 2001 2693 Sancti
2022 2644 2081 2695 et
2092 2642 2311 2701 Sanclae

299 2734 427 2776 cum
450 2714 542 2773 hic
567 2715 836 2781 viverent,
868 2713 1192 2785 interrogati
1216 2714 1467 2783 fuissent,
1501 2724 1685 2777 utrum
1706 2720 1826 2777 sine
1852 2733 2079 2795 peccato
2102 2740 2303 2801 essent,

301 2820 492 2865 omnes
537 2819 646 2861 una
687 2817 822 2859 voce
849 2800 1243 2859 clamassent:
1288 2799 1348 2857 Si
1391 2802 1689 2867 dixerimus
1726 2808 1855 2881 quia
1890 2821 2165 2885 peccatum
2202 2836 2311 2879 mm

303 2896 566 2959 habemur,
601 2890 708 2965 ipsi
732 2906 828 2949 nos
849 2889 1162 2959 seducimus,
1191 2896 1244 2948 et
1275 2890 1480 2949 veritas
1504 2892 1567 2951 in
1601 2894 1749 2955 nobis
1772 2914 1880 2955 non
1915 2907 2011 2960 est.
2046 2903 2304 2979 Excepta,

305 2987 549 3058 inquam,
601 2980 708 3039 hac
751 2988 942 3039 sancta
989 2978 1230 3050 Virgine,
1272 2978 1342 3035 de
1383 2996 1493 3053 qua
1533 2990 1755 3056 propter
1798 2986 2059 3055 honorem
2095 2993 2314 3055 Domini

306 3087 431 3127 cum
451 3069 521 3127 de
545 3076 773 3169 peccato
796 3066 999 3138 agitur,
1029 3064 1237 3126 nullam
1253 3080 1477 3141 prorsus
1496 3069 1623 3127 volo
1648 3073 2011 3145 quaestionem
2037 3076 2257 3143 habere.
2281 3103 2309 3139 ι

306 3160 518 3219 Scimus
557 3157 722 3229 enim,
745 3157 902 3232 quod
941 3155 992 3213 ei
1020 3152 1143 3230 plus
1181 3154 1378 3229 gratiae
1415 3156 1679 3219 collatum
1717 3160 1883 3221 ruerit
1916 3166 1987 3225 ad
2024 3178 2313 3243 peccatum

308 3264 376 3305 ex
401 3245 548 3304 omni
576 3254 733 3322 parte
759 3245 1107 3314 vincendum,
1135 3261 1262 3320 quae
1283 3244 1441 3305 illum
1460 3247 1749 3323 concipere
1777 3259 1837 3308 et
1870 3269 2063 3327 parere
2087 3264 2309 3333 meruit.

308 3351 474 3411 quem
511 3342 728 3394 constat
768 3332 978 3391 nullum
1020 3332 1276 3393 habuisse
1309 3341 1621 3411 peccatum.
1667 3336 1775 3397 Sed
1810 3338 2059 3405 Christus
2092 3350 2313 3411 excellit

308 3424 532 3485 Beatam
568 3422 888 3495 Virginem
874 3438 931 3480 ιιι
973 3421 1094 3487 hoc,
1126 3422 1274 3495 quod
1313 3423 1431 3480 sine
1457 3425 1709 3499 originali
1734 3438 2034 3507 conceptus
2060 3442 2119 3495 et
2148 3446 2313 3501 natus

279 3525 283 3529 ·
311 3524 425 3583 est;
456 3513 624 3569 Beata
651 3517 837 3569 autem
870 3509 1036 3583 Virgo
1073 3510 1128 3567 in
1169 3510 1420 3585 originali
1449 3520 1534 3571 est
1573 3523 1859 3595 concepta,
1883 3521 1985 3583 sed
2020 3539 2133 3583 non
2162 3534 2314 3589 nata.

313 3604 434 3676 ipsa
479 3602 647 3657 etiam
687 3599 930 3655 omnium
957 3598 1223 3680 yirtutum
1249 3616 1416 3676 opera
1448 3604 1712 3675 exercuit,
1762 3606 1857 3667 alii
1898 3616 2083 3675 autem
2126 3615 2319 3677 Sancti

313 3688 572 3763 specialia
633 3687 906 3764 quaedam,
950 3687 1081 3762 quia
1127 3686 1268 3749 alius
1307 3689 1412 3747 fuit
1458 3690 1697 3763 humilis,
1746 3694 1887 3755 alius
1922 3706 2129 3772 castus,
2178 3706 2319 3765 alius

314 3777 678 3834 misericors.
722 3784 780 3833 et
817 3776 983 3833 ideo
969 3776 1072 3848 ipsi
1110 3777 1312 3835 dantur
1353 3779 1408 3835 in
1438 3781 1746 3856 exemplum
1784 3786 2105 3857 specialium
2139 3793 2322 3861 virtu-,-

315 3871 453 3931 tum‚
484 3856 628 3919 sicu't
667 3863 866 3920 Beatus
893 3860 1150 3921 Nicolaus
1195 3862 1250 3919 in
1277 3867 1585 3939 exemplum
1620 3868 2032 3947 misericordiae‚
2064 3882 2173 3940 etc.
2209 3880 2321 3941 sed

314 3954 483 4010 Beata
507 3950 672 4023 Virgo
707 3950 766 4011 in
789 3950 1094 4024 exemplum
1123 3951 1368 4011 omnium
1395 3952 1717 4015 virtutum:
1749 3962 1881 4033 quia
1916 3962 1974 4023 in
2008 3981 2077 4027 ea
2112 3971 2321 4043 reperis
