2850 4517
612 309 733 369 352
1092 322 1143 365 s.
1188 320 1423 363 ‘rnoMAE
1464 318 1792 368 sommus
1832 312 2142 362 causeum

609 420 738 513 quia
784 437 1036 494 monachi
1082 434 1434 508 perfectionis
1474 440 1680 489 statum
1727 442 2033 501 assumunt,
2078 434 2202 491 ideo
2241 435 2322 491 eis
2365 435 2621 493 solemnis

608 528 918 584 benedictio
956 524 1253 581 secundum
1284 524 1604 580 traditiones
1633 522 2018 594 Apostolorum
2061 524 2246 578 datur.
2285 524 2448 593 Quod
2497 542 2622 596 ergo

612 619 789 689 primo
827 614 1163 688 proponitur,
1197 613 1342 685 quod
1372 613 1425 668 in
1469 612 1879 668 consecratione
1907 618 2020 667 tam
2049 612 2304 686 Episcopi
2333 629 2508 686 quam
2535 630 2620 669 sa-

610 706 869 771 cerdotis,
910 704 1078 762 verba
1111 702 1419 759 communia
1448 702 1816 775 proferuntur,
1850 701 1993 758 sicut
2021 701 2139 757 haec
2178 719 2192 757 ε
2225 702 2622 759 consecrentur

610 801 667 850 et
701 794 1111 851 sanctificentur
1144 807 1336 847 manus
1364 780 1644 857 istae,'etc.
1691 804 1796 846 non
1824 789 1955 846 facit
1985 790 2052 845 ad
2085 791 2431 863 propositum
2466 809 2481 847 ε
2523 808 2618 849 non

612 884 756 939 enim
798 897 941 938 nunc
985 881 1196 953 agimus
1233 880 1301 936 de
1344 878 1646 947 sacerdote,
1698 878 1753 934 in
1784 884 2049 951 quantum
2091 879 2352 935 sacerdos
2397 886 2508 947 est,
2549 884 2618 937 sic

610 974 757 1030 enim
788 972 843 1027 in
871 977 1019 1027 statu
1048 970 1268 1042 ponitur
1292 984 1387 1041 per
1414 968 1713 1025 solemnem
1739 968 2227 1037 consecrationem,
2259 983 2372 1025 non
2401 972 2616 1043 quidem
2733 1017 2739 1024 .

612 1062 667 1117 in
697 1067 844 1117 statu
865 1059 1213 1135 perfectionis
1237 1057 1438 1125 activo,
1469 1057 1552 1113 vel
1584 1057 1820 1130 passivo,
1853 1057 1950 1112 sed
1976 1057 2030 1111 in
2054 1064 2204 1113 statu
2232 1057 2613 1125 illuminativo,

610 1151 911 1207 secundum
953 1148 1294 1221 Dionysium,
1336 1146 1547 1203 scilicet
1588 1145 1644 1201 in
1686 1154 1952 1218 quantum
1994 1161 2184 1201 curam
2223 1147 2449 1220 accipit,
2499 1162 2618 1205 tunc

612 1242 755 1295 enim
788 1238 838 1294 ei
880 1236 1026 1293 nulla
1068 1236 1325 1291 solemnis
1360 1235 1670 1290 benedictio
1714 1234 2021 1301 adhibetur,
2067 1233 2210 1291 unde
2252 1242 2388 1292 tunc
2415 1238 2616 1295 nullum

614 1335 819 1384 statum
856 1326 1103 1398 suscipit,
1150 1325 1247 1380 sed
1288 1324 1349 1379 fit
1390 1325 1440 1379 ei
1473 1324 1731 1397 quaedam
1759 1323 1924 1379 officii
1954 1324 2287 1380 commissio.
2320 1325 2617 1400 Episcopus

612 1424 795 1474 autem
840 1415 909 1470 ad
958 1415 1129 1485 ipsam
1177 1429 1366 1469 curam
1407 1411 1737 1484 pastoralem
1767 1418 2119 1485 consecratur
2162 1419 2390 1486 propter
2429 1432 2618 1489 perpe-

614 1513 765 1561 tuam
794 1502 1199 1574 obligationem,
1234 1517 1341 1573 qua
1367 1516 1425 1557 se
1451 1500 1518 1557 ad
1551 1499 1878 1573 pastoralem
1906 1516 2096 1557 curam
2123 1501 2352 1574 obligat,
2385 1504 2529 1561 sicut
2559 1523 2616 1561 ex

612 1592 943 1665 supradictis
989 1596 1231 1663 apparet.
1280 1589 1437 1659 Quod
1484 1605 1612 1644 vero
1661 1590 1900 1645 secundo
1942 1591 2283 1663 proponitur,
2329 1593 2614 1649 dicendum

614 1682 758 1755 quod
790 1670 971 1737 unctio
1000 1680 1197 1752 capitis
1226 1694 1349 1751 quae
1380 1678 1598 1751 regibus
1636 1678 2011 1745 exhibebatur,
2045 1679 2263 1750 signum
2293 1688 2417 1736 erat
2448 1689 2618 1739 status

612 1770 864 1827 habentis
892 1768 1245 1842 principalem
1274 1783 1464 1823 curam
1503 1767 1673 1837 regni,
1721 1766 1813 1823 alii
1844 1772 2026 1822 autem
2071 1767 2165 1840 qui
2204 1775 2333 1823 sunt
2365 1769 2616 1827 officiales

612 1859 667 1915 in
711 1874 877 1929 regno
922 1865 1182 1930 tanquam
1220 1872 1325 1911 non
1374 1854 1638 1910 habentes
1683 1853 1981 1920 perfectam
2027 1856 2312 1925 regiminis
2357 1859 2612 1913 rationem

614 1963 720 2003 non
752 1948 1092 2018 ungebantur
1135 1962 1147 1999 :
1186 1945 1261 2002 ita
1298 1944 1466 2000 etiam
1499 1945 1552 1998 in
1583 1958 1750 2015 regno
1778 1943 2038 1999 Ecclesiae
2071 1943 2377 2018 Episcopus
2407 1948 2614 2018 ungitur

614 2046 875 2109 tanqu-am
902 2033 1272 2109 principaliter
1294 2032 1501 2089 habens
1529 2048 1717 2089 curam
1746 2032 2056 2104 regiminis;
2083 2032 2469 2091 Archidiaconi
2497 2052 2612 2090 vero

614 2134 670 2182 et
697 2122 1010 2198 Presbyteri
1037 2123 1213 2179 curati
1246 2138 1349 2177 non
1378 2130 1657 2192 unguntur
1681 2121 1738 2176 in
1771 2121 2115 2193 susceptione
2143 2137 2314 2188 curae,
2359 2124 2490 2196 quia
2521 2141 2611 2179 non

612 2214 919 2284 suscipiunt
948 2208 1325 2284 ‘principaliter
1352 2210 1561 2277 curam,
1599 2209 1694 2265 sed
1719 2209 2018 2282 quamdam
2059 2210 2610 2268 subministrationem

612 2301 716 2358 sub
754 2298 1047 2373 episcopali
1083 2298 1363 2368 regimine,
1396 2299 1541 2352 sicut
1571 2297 1700 2353 balii
1745 2297 1831 2353 vel
1866 2299 2142 2371 praepositi
2177 2299 2279 2354 sub
2323 2317 2471 2373 rege.
2512 2303 2611 2357 Nec

611 2394 834 2460 propter
862 2387 967 2441 hoc
1007 2386 1273 2457 sequitur,
1315 2386 1462 2457 quod
1488 2403 1583 2441 rex
1621 2386 1820 2443 habeat
1849 2394 2052 2443 statum
2089 2388 2464 2461 perfectionis,
2496 2391 2610 2463 quia

610 2488 746 2529 cura
771 2474 891 2545 ejus
916 2488 977 2529 se
1004 2472 1250 2529 extendit
1274 2473 1345 2529 ad
1370 2473 1710 2546 temporalia,
1741 2490 1850 2531 non
1875 2476 1944 2533 ad
1967 2475 2288 2551 spiritualia,
2317 2478 2467 2535 sicut
2493 2494 2610 2533 cura

432 2598 457 2611 ..
548 2625 595 2631 -..
609 2560 957 2636 episcopalis.
987 2562 1236 2619 Charitas
1260 2568 1444 2618 autem
1477 2564 1528 2617 in
1559 2579 1668 2636 qua
1694 2564 1956 2635 perfectio
1983 2565 2232 2621 consistit
2267 2581 2366 2638 per
2409 2582 2472 2622 se
2506 2582 2611 2621 res-

458 2658 470 2662 ’
495 2634 546 2649 ²
612 2652 749 2726 picit
788 2650 1072 2725 spirituale
1108 2650 1330 2721 bonum,
1363 2651 1505 2707 unde
1538 2658 1592 2706 et
1627 2667 1758 2708 cura
1795 2653 2097 2725 spiritualis
2136 2653 2204 2708 ad
2236 2654 2610 2725 perfectionem

613 2743 872 2816 pertinet,
916 2758 1020 2797 non
1047 2749 1231 2798 autem
1268 2756 1399 2797 cura
1439 2740 1770 2813 temporalis,
1817 2741 1945 2798 licet
1973 2758 2038 2796 ex
2081 2740 2327 2814 perfecta
2356 2743 2609 2798 charitate

614 2830 1073 2905 possitsexerceri.
1110 2829 1265 2899 Quod
1301 2846 1430 2887 vero
1465 2830 1627 2884 tertio
1665 2831 2004 2901 proponitur,
2049 2831 2206 2901 longe
2247 2839 2334 2886 est
2361 2847 2394 2887 a
2422 2846 2606 2904 propo-

614 2923 721 2978 sito
750 2938 780 2977 ·:
812 2936 919 2977 non
948 2920 1093 2976 enim
1121 2934 1265 2974 nunc
1304 2919 1516 2989 agimus
1545 2919 1613 2973 de
1653 2918 1986 2990 perfectione
2019 2919 2232 2988 meriti,
2259 2920 2410 2993 quod
2446 2924 2606 2994 potest

616 3027 736 3069 esse
774 3010 1047 3067 interdurn
1075 3008 1371 3081 perfectius
1410 3023 1515 3063 non
1553 3006 1727 3063 solum
1767 3007 1820 3063 in
1861 3015 2052 3065 curato
2083 3008 2427 3083 presbytero,
2458 3022 2604 3081 quam

616 3100 871 3171 episcopo
898 3097 981 3153 vel
1006 3096 1280 3167 religioso,
1314 3096 1409 3151 sed
1434 3095 1597 3151 etiam
1625 3095 1680 3150 in
1709 3094 1849 3152 laico
1874 3097 2186 3168 conjugato,
2225 3097 2325 3153 sed
2354 3096 2605 3169 loquimur

617 3186 686 3241 de
724 3185 1071 3258 perfectionis
1098 3193 1248 3241 statu
1288 3202 1300 3240 ε
1340 3184 1482 3239 unde
1511 3185 1676 3241 etiam
1709 3185 1762 3239 in
1799 3185 1900 3239 hoc
1927 3185 2144 3240 videtur
2176 3185 2442 3258 objiciens
2469 3198 2604 3240 suam

618 3287 809 3329 vocem
835 3274 1102 3343 ignorare.
1130 3274 1269 3328 Nam
1293 3272 1591 3327 secundum
1614 3272 1761 3345 quod
1787 3271 1996 3345 objicit,
2023 3288 2120 3328 nec
2144 3274 2316 3331 etiam
2340 3274 2440 3348 ipsi
2464 3272 2606 3345 Epis-

618 3362 741 3434 copi
776 3367 958 3419 essent
1001 3362 1054 3417 in
1097 3362 1289 3432 majori
1332 3366 1500 3427 statu,
1532 3376 1697 3432 quam
1740 3361 1998 3433 religiosi,
2040 3378 2164 3417 cum
2206 3362 2476 3418 interdum
2509 3359 2604 3414 sint

621 3450 844 3506 minoris
886 3449 1084 3505 meriti.
1118 3448 1271 3517 Quod
1312 3464 1441 3504 vero
1479 3457 1676 3521 quarto
1706 3453 2043 3523 proponitur,
2084 3450 2230 3523 quod
2269 3451 2604 3524 Episcopatus

617 3555 724 3595 non
768 3547 851 3594 est
892 3538 1047 3604 ord0,
1092 3536 1194 3592 hoc
1237 3536 1520 3592 manifeste
1545 3538 1788 3593 continet
1835 3539 2148 3607 falsitatem,
2183 3540 2229 3594 si
2261 3538 2500 3595 absolute
2529 3536 2604 3589 in-

620 3625 917 3698 telligatur.
946 3625 1212 3698 Expresse
1258 3626 1403 3680 enim
1441 3626 1574 3682 dicit
1604 3628 1828 3700 Dionys.
1877 3643 1995 3683 esse
2042 3635 2151 3683 tres
2191 3629 2410 3684 ordines
2443 3622 2604 3681 eccle-

619 3716 857 3771 siasticae
879 3713 1225 3783 hierarchias,
1249 3714 1458 3770 scilicet
1481 3715 1889 3787 Episcoporum,
1916 3716 2384 3790 Presbyterorum‚
2412 3720 2463 3771 et
2484 3712 2604 3768 Din-

619 3818 899 3869 conorum,
945 3810 1019 3871 et,
1051 3805 1138 3860 2⁴.
1171 3804 1246 3858 di.
1286 3820 1335 3858 c.
1380 3803 1580 3869 cleros,
1611 3803 1858 3872 habetur,
1892 3806 2036 3876 quod
2064 3806 2214 3861 ordo·
2235 3805 2600 3877 Episcoporum

620 3890 1055 3969 quadripartitus
1084 3898 1187 3951 est.
1219 3893 1393 3955 Habet
1418 3893 1562 3949 enim
1599 3892 1842 3953 ordinem
1882 3894 2180 3968 Episcopus
2215 3911 2314 3974 per
2338 3901 2604 3967 compara·
