2850 4517
775 348 844 393 x.
869 363 950 378 -
977 347 1216 393 ceu-raa
1261 350 1541 394 annonas
1585 351 1943 398 samsonem
2242 337 2361 400 509

356 461 596 522 sacravit
617 461 673 520 in
703 476 878 520 coena.
907 461 1024 520 Hoc
1045 463 1212 520 etiam
1241 469 1411 536 patet,
1445 466 1590 539 quod
1624 466 1799 538 magis
1835 465 2087 539 congruit
2133 468 2359 542 puritati

355 551 602 625 corporis
629 551 870 625 mystici.
901 551 960 610 id
983 556 1088 620 est,
1119 550 1396 620 Ecclesiae‚
1429 569 1555 627 quae
1592 555 1649 610 in
1689 553 1794 611 hoc
1832 554 2189 614 sacramento
2220 557 2357 630 figu-

357 649 531 698 ratur.
558 640 714 699 Unde
742 640 878 697 dicit
909 639 1076 714 Greg.
1109 641 1487 699 Nazianzenus
1524 644 1594 699 de
1635 642 1848 700 Pascha·
1874 644 2111 702 Domini.
2142 665 2169 698 α
2202 646 2359 704 Cele-

356 730 575 788 bremus
597 729 818 786 domino
851 728 1051 786 festum
1079 729 1134 786 in
1157 729 1353 803 jubilo,
1386 746 1493 787 non
1522 731 1579 788 in
1608 731 1876 789 fermento
1904 734 2108 790 veteris
2137 734 2362 792 malitiae

357 831 414 880 et
438 821 715 894 nequitiae,
741 817 913 874 sedin
951 819 1161 892 azymis
1189 818 1527 879 sinceritatis
1554 829 1611 878 et
1657 820 1928 879 veritatis.
1960 841 1986 874 n
2013 822 2135 879 Non
2175 830 2359 880 autem

358 917 582 987 propter
625 912 727 965 hoc
762 907 1113 975 intendimus,
1141 909 1288 982 quod
1315 925 1384 965 ex
1428 909 1757 992 fermentato
1798 909 1903 968 hoc
1938 912 2357 969 Sacramentum

357 997 550 1061 confici
577 1011 688 1053 non
710 996 905 1068 possit.
929 995 1077 1052 Dicit
1108 998 1254 1053 enim
1278 997 1447 1070 Greg.
1478 999 1621 1071 Papa
1648 999 1700 1054 in
1725 1000 1981 1071 Registro
2010 1016 2023 1054 ε
2056 1020 2083 1052 α
2114 1001 2360 1058 Romana

359 1086 600 1144 Ecclesia
623 1085 782 1140 offert
817 1099 1041 1157 azymos
1078 1101 1263 1158 panes,
1296 1092 1584 1160 propterea
1611 1087 1756 1158 quod
1786 1087 2040 1144 dominus
2086 1089 2225 1144 sine·
2252 1088 2359 1146 ulla

360 1175 743 1234 commixtione
772 1174 1012 1246 suscepit
1045 1189 1264 1231 carnem
1293 1193 1305 1229 :
1331 1175 1429 1232 sed
1458 1182 1678 1233 caeteroe
1705 1175 1963 1234 Ecclesiae
1991 1177 2224 1233 offerunt
2246 1177 2360 1233 fer-

363 1268 684 1328 mentatum,
716 1277 816 1335 pro
842 1276 910 1318 eo
932 1261 1080 1334 quod
1109 1262 1346 1318 Verbum
1377 1264 1555 1320 Patris
1592 1262 1843 1322 indutum
1878 1270 1961 1321 est
1990 1281 2173 1332 carne,
2197 1273 2252 1322 et
2274 1275 2358 1322 est

362 1367 522 1409 verus
549 1352 713 1415 Deus,
745 1355 802 1406 et
829 1365 992 1406 verus
1015 1349 1194 1406 homo.
1225 1352 1381 1419 Item,
1409 1360 1465 1407 et
1503 1350 1830 1409 fermentum
1858 1355 2244 1410 commiscetur
2273 1353 2359 1410 fa-

363 1440 514 1506 rinae,
542 1445 598 1494 et
617 1438 851 1495 efficitur
873 1438 1082 1513 Corpus
1107 1439 1318 1496 Domini
1351 1441 1521 1497 nostri
1551 1441 1677 1496 Jesu
1706 1440 1907 1499 Christi
1934 1441 2065 1499 vivi.
2095 1461 2122 1493 n

370 1637 546 1714 Quod
565 1597 654 1701 est
679 1637 1145 1715 Pur-garonam,
1171 1637 1239 1698 in
1261 1653 1378 1716 quo
1402 1594 1759 1716 pumuntur
1783 1639 1998 1700 anima
2019 1655 2058 1700 ιι
2073 1643 2357 1720 peccatis,

739 1741 876 1805 quoe
900 1740 1020 1785 non
1045 1724 1113 1786 in
1138 1724 1272 1786 vita
1287 1726 1575 1802 prementi
1590 1729 1971 1804 pumuntur.

433 1883 765 1942 Diminuitur
811 1886 997 1938 autem
1043 1881 1220 1937 virtus
1270 1879 1431 1954 hujus
1475 1881 1812 1938 sacramenti
1859 1882 1931 1938 ab
1974 1883 2044 1939 iis
2089 1885 2182 1958 qui
2222 1887 2359 1942 Pur·

361 1974 633 2049 gatorium
676 1976 878 2042 negant
916 1978 1040 2043 post
1067 1977 1321 2026 mortem.
1348 1971 1488 2026 Nam
1537 1971 1590 2025 in
1633 1971 1955 2043 Purgatorio
2000 1973 2363 2031 existentibus

363 2063 699 2138 praecipuum
753 2058 1054 2115 remedium
1095 2059 1154 2114 in
1198 2056 1302 2116 hoc
1345 2059 1700 2115 Sacramento
1743 2057 1974 2115 confert.
2020 2061 2165 2118 Dicit
2216 2064 2359 2120 enim

363 2149 827 2222 Greg.Nyssenus
852 2147 905 2203 in
931 2161 1181 2204 sermone
1203 2145 1272 2202 de
1295 2145 1568 2202 defunctis
1596 2163 1609 2201 :
1641 2165 1666 2198 α
1695 2145 1749 2202 Si
1782 2146 1982 2219 aliquis
2004 2147 2061 2204 in
2083 2147 2188 2206 hac
2212 2150 2359 2206 labili

364 2239 476 2296 vita
504 2243 730 2310 peccata
752 2251 988 2310 purgare
1013 2235 1192 2291 minus
1216 2236 1411 2308 potuit,
1446 2241 1569 2307 post
1604 2235 1894 2292 transitum
1935 2236 2061 2292 binc
2094 2253 2190 2310 per
2224 2241 2358 2296 Pur-

363 2327 557 2398 gatorii
592 2324 732 2397 ignis
774 2323 1158 2381 conflationem
1189 2324 1353 2379 citius
1400 2323 1575 2396 magis
1612 2338 1679 2381 ac
1722 2324 1894 2395 magis
1937 2323 2113 2382 fidelis
2160 2343 2356 2399 sponsa

363 2429 562 2488 sponso
593 2412 756 2480 dona,
783 2419 840 2469 et
866 2412 1073 2469 hostias
1115 2413 1170 2468 in
1203 2413 1471 2484 passionis
1514 2412 1833 2468 memoriam
1876 2413 2035 2470 offert
2074 2431 2171 2488 pro
2214 2415 2358 2484 filiis,

364 2517 500 2576 quos
529 2502 630 2573 ipsi
659 2517 860 2575 sponso
887 2500 1066 2559 Verbo
1101 2507 1159 2557 et
1189 2501 1542 2557 Sacramento
1574 2501 1648 2555 rei
1678 2501 1938 2573 praeclare
1962 2504 2170 2574 genuit,
2203 2521 2359 2578 poena

364 2591 618 2648 alacriter
645 2589 951 2661 expeditur,
986 2590 1282 2645 secundum
1305 2588 1453 2661 quod
1483 2590 1846 2661 praedicamus
1884 2591 2081 2661 dogma
2113 2594 2365 2651 veritatis

361 2683 662 2742 servantes,
682 2673 760 2732 i‘ta
789 2680 845 2729 et
870 2674 1164 2730 credimus.
1193 2694 1220 2726 n
1250 2676 1406 2738 item,
1436 2676 1811 2732 'theodoretus
1838 2676 2137 2751 Episcopus
2160 2683 2358 2754 Cyren.

362 2784 524 2842 super
553 2763 683 2822 illud
712 2762 828 2819 lad
857 2762 1102 2820 Corinth.
1131 2778 1198 2819 ιιι
1230 2780 1242 2816 :
1275 2761 1334 2817 Si
1362 2763 1516 2835 cujus
1537 2779 1667 2836 opus
1694 2764 1917 2831 arserit,
1944 2772 2053 2822 etc.
2084 2769 2165 2823 sic
2191 2769 2358 2827 dicit:
2394 2789 2403 2796 ·

369 2879 395 2911 κ
423 2857 570 2912 Dicit
597 2848 907 2926 Apostolus,
939 2850 1085 2923 quod
1115 2849 1416 2907 saivabitur
1445 2851 1526 2906 sic
1553 2861 1813 2925 tanquam
1855 2870 1952 2926 per
1980 2853 2360 2913 conflatorium

368 2949 546 3018 ignem
577 2946 898 3016 purgantem
924 2938 1192 3012 quidquid
1235 2940 1529 2995 intervenit
1572 2956 1667 3013 per
1710 2940 2038 2998 incautelam
2068 2945 2362 3015 praeteritae

367 3036 516 3096 vitae,
557 3048 623 3088 ex
661 3029 882 3103 pulvere
922 3026 1118 3083 saltem
1153 3027 1353 3101 pedum
1403 3027 1607 3083 terreni
1645 3043 1855 3095 sensus,
1901 3031 1953 3085 in
1997 3044 2104 3102 quo
2152 3034 2359 3089 tamdiu

369 3131 571 3188 manet,
595 3117 856 3192 quamdiu
879 3115 1144 3191 quidquid
1173 3115 1530 3188 corpulentiae
1556 3123 1612 3171 et
1642 3118 1840 3173 terreni
1872 3118 2101 3175 affectus
2122 3120 2357 3190 inhaesit,

367 3219 643 3284 purgetur,
671 3223 766 3279 pro
790 3221 900 3281 quo
929 3213 1101 3261 mater
1137 3204 1379 3262 Ecclesia
1402 3203 1615 3261 hostias
1636 3213 1691 3261 et
1727 3204 1874 3262 dona
1898 3206 2127 3279 pacifica
2165 3208 2362 3267 devote

364 3302 522 3359 offert
553 3317 566 3354 :
598 3304 654 3353 et
676 3299 757 3353 sic
783 3312 880 3370 per
908 3293 1012 3351 hoc
1034 3294 1271 3351 mundus
1307 3293 1433 3350 inde
1456 3293 1609 3368 prius
1636 3294 1842 3362 exiens,
1873 3295 2078 3352 domini
2120 3297 2359 3357 Sabaoth

367 3387 668 3464 purissimis
695 3385 867 3443 oculis
893 3382 1277 3439 immaculatus
1305 3382 1534 3440 assistit.
1566 3402 1593 3435 »

435 3479 565 3534 Haec
591 3481 737 3540 sunt,
765 3476 925 3531 Pater
957 3471 1321 3538 sanctissime,
1352 3488 1479 3545 quae
1506 3488 1576 3529 ex
1602 3471 2023 3531 auctoritatibus
2064 3474 2361 3533 Doctorum

365 3567 684 3625 Graecorum
711 3560 1009 3618 secundum
1037 3565 1277 3616 vestram
1306 3559 1609 3630 jussionem
1636 3560 1825 3633 excepi
1854 3568 1910 3617 et
1940 3564 2277 3635 exponenda,
2306 3572 2361 3619 et

367 3656 436 3712 ad
461 3652 928 3711 confirmationem
957 3663 1103 3705 verae
1129 3647 1253 3704 fidei
1279 3647 1603 3704 inducenda.
1631 3650 1985 3706 Inveniuntur
2013 3659 2192 3706 tamen
2221 3652 2360 3708 inter

367 3743 662 3818 praedictas
689 3739 1046 3796 auctoritates
1076 3724 1332 3811 quaedam
1362 3735 1677 3793 indecentes
1712 3737 2077 3811 expositiones
2112 3740 2359 3812 interpo-

370 3833 511 3897 sitoe,
535 3831 678 3886 sicut
720 3826 865 3902 quod
905 3827 1063 3898 loyes,
1093 3823 1314 3899 exponit
1363 3824 1656 3883 translator
1679 3825 1792 3882 fere
1835 3826 2036 3899 ubique
2072 3844 2359 3884 sermonem

367 3919 668 3984 mentalem,
694 3933 818 3974 cum
860 3914 1156 3972 secundum
1198 3929 1354 3972 usum
1395 3916 1685 3990 scripturae
1731 3915 1917 3974 latinae
1951 3916 2359 3976 convenientius
