<?xml version="1.0" encoding="UTF-8"?>
<!DOCTYPE html PUBLIC "-//W3C//DTD XHTML 1.0 Transitional//EN"
    "http://www.w3.org/TR/xhtml1/DTD/xhtml1-transitional.dtd">
<html xmlns="http://www.w3.org/1999/xhtml" xml:lang="en" lang="en">
 <head>
  <title>
</title>
<meta http-equiv="Content-Type" content="text/html;charset=utf-8" />
  <meta name='ocr-system' content='tesseract 3.04.00' />
  <meta name='ocr-capabilities' content='ocr_page ocr_carea ocr_par ocr_line ocrx_word'/>
</head>
<body>
  <div class='ocr_page' id='page_1' title='image "./sthomaquinatisd02thomgoog_0403.png"; bbox 0 0 2850 4517; ppageno 0'>
   <div class='ocr_carea' id='block_1_1' title="bbox 534 326 2274 409">
    <p class='ocr_par' dir='ltr' id='par_1_1' title="bbox 534 326 2274 409">
     <span class='ocr_line' id='line_1_1' title="bbox 534 326 2274 409; baseline 0.012 -21"><span class='ocrx_word' id='word_1_1' title='bbox 534 326 621 390; x_wconf 72' lang='lat' dir='ltr'><strong>vr.</strong></span> <span class='ocrx_word' id='word_1_2' title='bbox 652 360 734 377; x_wconf 90' lang='grc'>-</span> <span class='ocrx_word' id='word_1_3' title='bbox 758 344 1049 392; x_wconf 63' lang='lat' dir='ltr'><strong>ommim</strong></span> <span class='ocrx_word' id='word_1_4' title='bbox 1090 348 1166 393; x_wconf 73' lang='lat' dir='ltr'><strong>nn</strong></span> <span class='ocrx_word' id='word_1_5' title='bbox 1208 350 1395 396; x_wconf 69' lang='lat' dir='ltr'><strong>rus-ro</strong></span> <span class='ocrx_word' id='word_1_6' title='bbox 1438 352 1729 401; x_wconf 76' lang='lat' dir='ltr'>CORPORIS</span> <span class='ocrx_word' id='word_1_7' title='bbox 1769 356 2006 404; x_wconf 74' lang='lat' dir='ltr'><strong>cnmsn</strong></span> <span class='ocrx_word' id='word_1_8' title='bbox 2153 348 2274 409; x_wconf 88' lang='lat'><strong>389</strong></span> 
     </span>
    </p>
   </div>
   <div class='ocr_carea' id='block_1_2' title="bbox 261 454 2271 801">
    <p class='ocr_par' dir='ltr' id='par_1_2' title="bbox 261 454 2271 801">
     <span class='ocr_line' id='line_1_2' title="bbox 262 454 2271 547; baseline 0.009 -30"><span class='ocrx_word' id='word_1_9' title='bbox 262 461 513 535; x_wconf 84' lang='lat' dir='ltr'><strong>corporis</strong></span> <span class='ocrx_word' id='word_1_10' title='bbox 552 468 609 518; x_wconf 84' lang='lat' dir='ltr'><strong>et</strong></span> <span class='ocrx_word' id='word_1_11' title='bbox 645 462 925 534; x_wconf 85' lang='lat' dir='ltr'><strong>sauguinis</strong></span> <span class='ocrx_word' id='word_1_12' title='bbox 964 457 1219 521; x_wconf 52' lang='lat' dir='ltr'><strong>Domini.</strong></span> <span class='ocrx_word' id='word_1_13' title='bbox 1248 454 1445 524; x_wconf 83' lang='lat' dir='ltr'><strong>Probet</strong></span> <span class='ocrx_word' id='word_1_14' title='bbox 1492 454 1676 527; x_wconf 84' lang='lat' dir='ltr'><strong>autem</strong></span> <span class='ocrx_word' id='word_1_15' title='bbox 1709 454 1961 546; x_wconf 55' lang='lat' dir='ltr'><strong>&#39;seipsum</strong></span> <span class='ocrx_word' id='word_1_16' title='bbox 1989 476 2169 547; x_wconf 88' lang='lat' dir='ltr'><strong>homo,</strong></span> <span class='ocrx_word' id='word_1_17' title='bbox 2215 488 2271 535; x_wconf 83' lang='lat' dir='ltr'><strong>et</strong></span> 
     </span>
     <span class='ocr_line' id='line_1_3' title="bbox 262 550 2271 629; baseline 0.009 -23"><span class='ocrx_word' id='word_1_18' title='bbox 262 552 347 607; x_wconf 84' lang='lat' dir='ltr'><strong>sic</strong></span> <span class='ocrx_word' id='word_1_19' title='bbox 382 551 452 607; x_wconf 88' lang='lat' dir='ltr'><strong>de</strong></span> <span class='ocrx_word' id='word_1_20' title='bbox 482 565 623 628; x_wconf 84' lang='lat' dir='ltr'><strong>pane</strong></span> <span class='ocrx_word' id='word_1_21' title='bbox 652 550 744 606; x_wconf 87' lang='lat' dir='ltr'><strong>illo</strong></span> <span class='ocrx_word' id='word_1_22' title='bbox 773 550 920 620; x_wconf 87' lang='lat' dir='ltr'><strong>edat,</strong></span> <span class='ocrx_word' id='word_1_23' title='bbox 953 560 1009 610; x_wconf 87' lang='lat' dir='ltr'><strong>et</strong></span> <span class='ocrx_word' id='word_1_24' title='bbox 1036 553 1113 609; x_wconf 87' lang='lat' dir='ltr'><strong>de</strong></span> <span class='ocrx_word' id='word_1_25' title='bbox 1140 554 1311 611; x_wconf 82' lang='lat' dir='ltr'><strong>calice</strong></span> <span class='ocrx_word' id='word_1_26' title='bbox 1339 555 1512 615; x_wconf 87' lang='lat' dir='ltr'><strong>bibat.</strong></span> <span class='ocrx_word' id='word_1_27' title='bbox 1529 556 1648 629; x_wconf 89' lang='lat' dir='ltr'><strong>Qui</strong></span> <span class='ocrx_word' id='word_1_28' title='bbox 1690 560 1836 619; x_wconf 89' lang='lat' dir='ltr'><strong>enim</strong></span> <span class='ocrx_word' id='word_1_29' title='bbox 1877 564 2169 623; x_wconf 86' lang='lat' dir='ltr'><strong>manducat</strong></span> <span class='ocrx_word' id='word_1_30' title='bbox 2214 576 2271 623; x_wconf 89' lang='lat' dir='ltr'><strong>et</strong></span> 
     </span>
     <span class='ocr_line' id='line_1_4' title="bbox 261 639 2270 747; baseline 0.007 -50"><span class='ocrx_word' id='word_1_31' title='bbox 261 639 405 697; x_wconf 83' lang='lat' dir='ltr'><strong>bibit</strong></span> <span class='ocrx_word' id='word_1_32' title='bbox 443 639 683 711; x_wconf 86' lang='lat' dir='ltr'><strong>indigne,</strong></span> <span class='ocrx_word' id='word_1_33' title='bbox 727 639 997 711; x_wconf 85' lang='lat' dir='ltr'><strong>judicium</strong></span> <span class='ocrx_word' id='word_1_34' title='bbox 1040 641 1143 698; x_wconf 85' lang='lat' dir='ltr'><strong>sibi</strong></span> <span class='ocrx_word' id='word_1_35' title='bbox 1186 645 1484 747; x_wconf 56' lang='lat' dir='ltr'><strong>manducat</strong></span> <span class='ocrx_word' id='word_1_36' title='bbox 1519 656 1578 705; x_wconf 87' lang='lat' dir='ltr'><strong>et</strong></span> <span class='ocrx_word' id='word_1_37' title='bbox 1621 646 1778 717; x_wconf 82' lang='lat' dir='ltr'>bibit,</span> <span class='ocrx_word' id='word_1_38' title='bbox 1812 666 1918 710; x_wconf 87' lang='lat' dir='ltr'><strong>nou</strong></span> <span class='ocrx_word' id='word_1_39' title='bbox 1964 653 2270 727; x_wconf 82' lang='lat' dir='ltr'><strong>dijudicans</strong></span> 
     </span>
     <span class='ocr_line' id='line_1_5' title="bbox 262 728 733 801; baseline 0 -16"><span class='ocrx_word' id='word_1_40' title='bbox 262 744 465 801; x_wconf 83' lang='lat' dir='ltr'><strong>corpus</strong></span> <span class='ocrx_word' id='word_1_41' title='bbox 492 728 733 787; x_wconf 88' lang='lat' dir='ltr'><strong>Domini.</strong></span> 
     </span>
    </p>
   </div>
   <div class='ocr_carea' id='block_1_3' title="bbox 263 816 2268 981">
    <p class='ocr_par' dir='ltr' id='par_1_3' title="bbox 263 816 2268 981">
     <span class='ocr_line' id='line_1_6' title="bbox 336 816 2268 895; baseline 0.008 -21"><span class='ocrx_word' id='word_1_42' title='bbox 336 818 495 890; x_wconf 84' lang='lat' dir='ltr'><strong>Resp.</strong></span> <span class='ocrx_word' id='word_1_43' title='bbox 525 816 685 875; x_wconf 88' lang='lat' dir='ltr'>Oculi</span> <span class='ocrx_word' id='word_1_44' title='bbox 709 817 953 875; x_wconf 87' lang='lat' dir='ltr'><strong>omnium</strong></span> <span class='ocrx_word' id='word_1_45' title='bbox 976 818 1031 876; x_wconf 89' lang='lat' dir='ltr'><strong>in</strong></span> <span class='ocrx_word' id='word_1_46' title='bbox 1058 826 1114 876; x_wconf 81' lang='lat' dir='ltr'><strong>te</strong></span> <span class='ocrx_word' id='word_1_47' title='bbox 1138 830 1358 894; x_wconf 77' lang='lat' dir='ltr'><strong>sperant</strong></span> <span class='ocrx_word' id='word_1_48' title='bbox 1386 824 1634 895; x_wconf 87' lang='lat' dir='ltr'><strong>Domine,</strong></span> <span class='ocrx_word' id='word_1_49' title='bbox 1666 834 1725 884; x_wconf 87' lang='lat' dir='ltr'><strong>et</strong></span> <span class='ocrx_word' id='word_1_50' title='bbox 1751 834 1812 887; x_wconf 88' lang='lat' dir='ltr'><strong>tu</strong></span> <span class='ocrx_word' id='word_1_51' title='bbox 1831 828 1932 887; x_wconf 84' lang='lat' dir='ltr'><strong>das</strong></span> <span class='ocrx_word' id='word_1_52' title='bbox 1955 830 2064 888; x_wconf 87' lang='lat' dir='ltr'><strong>illis</strong></span> <span class='ocrx_word' id='word_1_53' title='bbox 2088 848 2268 892; x_wconf 87' lang='lat' dir='ltr'><strong>escam</strong></span> 
     </span>
     <span class='ocr_line' id='line_1_7' title="bbox 263 908 1686 981; baseline 0.003 -17"><span class='ocrx_word' id='word_1_54' title='bbox 263 908 323 964; x_wconf 88' lang='lat' dir='ltr'><strong>in</strong></span> <span class='ocrx_word' id='word_1_55' title='bbox 360 916 603 979; x_wconf 86' lang='lat' dir='ltr'><strong>tempore</strong></span> <span class='ocrx_word' id='word_1_56' title='bbox 639 913 963 981; x_wconf 74' lang='lat' dir='ltr'><strong>opportuno·</strong></span> <span class='ocrx_word' id='word_1_57' title='bbox 1683 938 1686 943; x_wconf 96' lang='lat'>·</span> 
     </span>
    </p>
   </div>
   <div class='ocr_carea' id='block_1_4' title="bbox 262 995 2270 1425">
    <p class='ocr_par' dir='ltr' id='par_1_4' title="bbox 266 995 2270 1152">
     <span class='ocr_line' id='line_1_8' title="bbox 344 995 2270 1077; baseline 0.008 -22"><span class='ocrx_word' id='word_1_58' title='bbox 344 997 491 1055; x_wconf 69' lang='lat' dir='ltr'><strong>Vers.</strong></span> <span class='ocrx_word' id='word_1_59' title='bbox 524 995 735 1069; x_wconf 76' lang='lat' dir='ltr'><strong>Aperis</strong></span> <span class='ocrx_word' id='word_1_60' title='bbox 756 1004 817 1053; x_wconf 88' lang='lat' dir='ltr'><strong>tu</strong></span> <span class='ocrx_word' id='word_1_61' title='bbox 845 1012 1065 1055; x_wconf 87' lang='lat' dir='ltr'><strong>manum</strong></span> <span class='ocrx_word' id='word_1_62' title='bbox 1089 1004 1259 1068; x_wconf 83' lang='lat' dir='ltr'><strong>tuam,</strong></span> <span class='ocrx_word' id='word_1_63' title='bbox 1291 1008 1349 1057; x_wconf 89' lang='lat' dir='ltr'><strong>et</strong></span> <span class='ocrx_word' id='word_1_64' title='bbox 1377 1001 1568 1077; x_wconf 82' lang='lat' dir='ltr'><strong>imples</strong></span> <span class='ocrx_word' id='word_1_65' title='bbox 1595 1018 1756 1063; x_wconf 87' lang='lat' dir='ltr'><strong>omne</strong></span> <span class='ocrx_word' id='word_1_66' title='bbox 1783 1004 1984 1066; x_wconf 82' lang='lat' dir='ltr'><strong>animal</strong></span> <span class='ocrx_word' id='word_1_67' title='bbox 2007 1008 2270 1069; x_wconf 85' lang='lat' dir='ltr'><strong>benedic-</strong></span> 
     </span>
     <span class='ocr_line' id='line_1_9' title="bbox 266 1084 720 1152; baseline 0.002 -12"><span class='ocrx_word' id='word_1_68' title='bbox 266 1087 435 1152; x_wconf 88' lang='lat' dir='ltr'><strong>tione,</strong></span> <span class='ocrx_word' id='word_1_69' title='bbox 466 1084 720 1141; x_wconf 81' lang='lat' dir='ltr'><strong>Alleluia.</strong></span> 
     </span>
    </p>

    <p class='ocr_par' dir='ltr' id='par_1_5' title="bbox 262 1174 2268 1425">
     <span class='ocr_line' id='line_1_10' title="bbox 344 1174 2264 1263; baseline 0.01 -34"><span class='ocrx_word' id='word_1_70' title='bbox 344 1175 494 1233; x_wconf 73' lang='lat' dir='ltr'><strong>Ver-s.</strong></span> <span class='ocrx_word' id='word_1_71' title='bbox 518 1174 657 1231; x_wconf 82' lang='lat' dir='ltr'><strong>Caro</strong></span> <span class='ocrx_word' id='word_1_72' title='bbox 683 1188 807 1232; x_wconf 86' lang='lat' dir='ltr'><strong>mea</strong></span> <span class='ocrx_word' id='word_1_73' title='bbox 828 1189 958 1233; x_wconf 87' lang='lat' dir='ltr'><strong>vere</strong></span> <span class='ocrx_word' id='word_1_74' title='bbox 980 1180 1066 1231; x_wconf 83' lang='lat' dir='ltr'><strong>est</strong></span> <span class='ocrx_word' id='word_1_75' title='bbox 1090 1176 1267 1243; x_wconf 70' lang='lat' dir='ltr'><strong>cibun,</strong></span> <span class='ocrx_word' id='word_1_76' title='bbox 1296 1186 1353 1236; x_wconf 84' lang='lat' dir='ltr'><strong>et</strong></span> <span class='ocrx_word' id='word_1_77' title='bbox 1376 1182 1599 1253; x_wconf 85' lang='lat' dir='ltr'><strong>sanguis</strong></span> <span class='ocrx_word' id='word_1_78' title='bbox 1622 1198 1926 1258; x_wconf 67' lang='lat' dir='ltr'><strong>menevere</strong></span> <span class='ocrx_word' id='word_1_79' title='bbox 1949 1194 2033 1244; x_wconf 83' lang='lat' dir='ltr'><strong>est</strong></span> <span class='ocrx_word' id='word_1_80' title='bbox 2061 1197 2222 1263; x_wconf 81' lang='lat' dir='ltr'><strong>potus</strong></span> <span class='ocrx_word' id='word_1_81' title='bbox 2249 1208 2264 1247; x_wconf 77' lang='lat' dir='ltr'><strong><em>z</em></strong></span> 
     </span>
     <span class='ocr_line' id='line_1_11' title="bbox 262 1263 2268 1348; baseline 0.008 -29"><span class='ocrx_word' id='word_1_82' title='bbox 262 1263 361 1339; x_wconf 86' lang='lat' dir='ltr'><strong>qui</strong></span> <span class='ocrx_word' id='word_1_83' title='bbox 398 1264 691 1321; x_wconf 82' lang='lat' dir='ltr'><strong>manducat</strong></span> <span class='ocrx_word' id='word_1_84' title='bbox 730 1277 910 1321; x_wconf 87' lang='lat' dir='ltr'><strong>meam</strong></span> <span class='ocrx_word' id='word_1_85' title='bbox 949 1277 1191 1334; x_wconf 64' lang='lat' dir='ltr'><strong>(tarnem,</strong></span> <span class='ocrx_word' id='word_1_86' title='bbox 1223 1272 1280 1323; x_wconf 88' lang='lat' dir='ltr'><strong>et</strong></span> <span class='ocrx_word' id='word_1_87' title='bbox 1318 1266 1460 1331; x_wconf 83' lang='lat' dir='ltr'>bibit</span> <span class='ocrx_word' id='word_1_88' title='bbox 1499 1286 1679 1329; x_wconf 85' lang='lat' dir='ltr'><strong>meum</strong></span> <span class='ocrx_word' id='word_1_89' title='bbox 1708 1276 2049 1348; x_wconf 84' lang='lat' dir='ltr'><strong>sanguinem,</strong></span> <span class='ocrx_word' id='word_1_90' title='bbox 2083 1278 2135 1334; x_wconf 87' lang='lat' dir='ltr'><strong>in</strong></span> <span class='ocrx_word' id='word_1_91' title='bbox 2179 1295 2268 1337; x_wconf 88' lang='lat' dir='ltr'><strong>me</strong></span> 
     </span>
     <span class='ocr_line' id='line_1_12' title="bbox 262 1352 873 1425; baseline -0.003 -13"><span class='ocrx_word' id='word_1_92' title='bbox 262 1360 468 1423; x_wconf 83' lang='lat' dir='ltr'><strong>manet,</strong></span> <span class='ocrx_word' id='word_1_93' title='bbox 499 1360 555 1410; x_wconf 90' lang='lat' dir='ltr'><strong>et</strong></span> <span class='ocrx_word' id='word_1_94' title='bbox 572 1367 674 1425; x_wconf 86' lang='lat' dir='ltr'><strong>ego</strong></span> <span class='ocrx_word' id='word_1_95' title='bbox 702 1352 759 1410; x_wconf 90' lang='lat' dir='ltr'><strong>in</strong></span> <span class='ocrx_word' id='word_1_96' title='bbox 784 1367 873 1411; x_wconf 89' lang='lat' dir='ltr'><strong>eo.</strong></span> 
     </span>
    </p>
   </div>
   <div class='ocr_carea' id='block_1_5' title="bbox 1053 1492 1468 1560">
    <p class='ocr_par' dir='ltr' id='par_1_6' title="bbox 1053 1492 1468 1560">
     <span class='ocr_line' id='line_1_13' title="bbox 1053 1492 1468 1560; baseline 0.005 -10"><span class='ocrx_word' id='word_1_97' title='bbox 1053 1492 1468 1560; x_wconf 83' lang='lat' dir='ltr'><strong>SEQUENTIA</strong></span> 
     </span>
    </p>
   </div>
   <div class='ocr_carea' id='block_1_6' title="bbox 721 1617 1744 3976">
    <p class='ocr_par' dir='ltr' id='par_1_7' title="bbox 752 1617 1593 1782">
     <span class='ocr_line' id='line_1_14' title="bbox 823 1617 1593 1692; baseline 0.009 -17"><span class='ocrx_word' id='word_1_98' title='bbox 823 1617 1031 1688; x_wconf 74' lang='lat' dir='ltr'><strong>Lauda,</strong></span> <span class='ocrx_word' id='word_1_99' title='bbox 1054 1619 1207 1688; x_wconf 87' lang='lat' dir='ltr'><strong>Sion,</strong></span> <span class='ocrx_word' id='word_1_100' title='bbox 1231 1621 1593 1692; x_wconf 82' lang='lat' dir='ltr'><strong>salvatorem,</strong></span> 
     </span>
     <span class='ocr_line' id='line_1_15' title="bbox 752 1706 1573 1782; baseline 0.006 -18"><span class='ocrx_word' id='word_1_101' title='bbox 752 1706 939 1764; x_wconf 86' lang='lat' dir='ltr'><strong>Lauda</strong></span> <span class='ocrx_word' id='word_1_102' title='bbox 969 1707 1165 1763; x_wconf 90' lang='lat' dir='ltr'><strong>ducem</strong></span> <span class='ocrx_word' id='word_1_103' title='bbox 1192 1714 1249 1775; x_wconf 77' lang='lat' dir='ltr'><strong>et</strong></span> <span class='ocrx_word' id='word_1_104' title='bbox 1272 1711 1573 1782; x_wconf 76' lang='lat' dir='ltr'><strong>pastorem,</strong></span> 
     </span>
    </p>

    <p class='ocr_par' dir='ltr' id='par_1_8' title="bbox 754 1794 1420 1868">
     <span class='ocr_line' id='line_1_16' title="bbox 754 1794 1420 1868; baseline 0.006 -18"><span class='ocrx_word' id='word_1_105' title='bbox 754 1794 813 1851; x_wconf 89' lang='lat' dir='ltr'><strong>In</strong></span> <span class='ocrx_word' id='word_1_106' title='bbox 842 1794 1059 1868; x_wconf 84' lang='lat' dir='ltr'><strong>hymnis</strong></span> <span class='ocrx_word' id='word_1_107' title='bbox 1086 1801 1141 1852; x_wconf 91' lang='lat' dir='ltr'><strong>et</strong></span> <span class='ocrx_word' id='word_1_108' title='bbox 1169 1796 1420 1855; x_wconf 76' lang='lat' dir='ltr'><strong>canticiS.</strong></span> 
     </span>
    </p>

    <p class='ocr_par' dir='ltr' id='par_1_9' title="bbox 755 1883 1744 2049">
     <span class='ocr_line' id='line_1_17' title="bbox 824 1883 1744 1957; baseline 0.009 -19"><span class='ocrx_word' id='word_1_109' title='bbox 824 1883 1099 1952; x_wconf 83' lang='lat' dir='ltr'><strong>Quantum</strong></span> <span class='ocrx_word' id='word_1_110' title='bbox 1130 1893 1305 1957; x_wconf 83' lang='lat' dir='ltr'><strong>poteS,</strong></span> <span class='ocrx_word' id='word_1_111' title='bbox 1338 1891 1552 1957; x_wconf 79' lang='lat' dir='ltr'><strong>tantum</strong></span> <span class='ocrx_word' id='word_1_112' title='bbox 1582 1888 1744 1957; x_wconf 83' lang='lat' dir='ltr'><strong>aude,</strong></span> 
     </span>
     <span class='ocr_line' id='line_1_18' title="bbox 755 1972 1477 2049; baseline 0.004 -22"><span class='ocrx_word' id='word_1_113' title='bbox 755 1972 893 2045; x_wconf 82' lang='lat' dir='ltr'><strong>Quia</strong></span> <span class='ocrx_word' id='word_1_114' title='bbox 922 1974 1095 2045; x_wconf 89' lang='lat' dir='ltr'><strong>major</strong></span> <span class='ocrx_word' id='word_1_115' title='bbox 1122 1972 1277 2049; x_wconf 39' lang='lat' dir='ltr'><strong>omni·</strong></span> <span class='ocrx_word' id='word_1_116' title='bbox 1298 1973 1477 2044; x_wconf 86' lang='lat' dir='ltr'><strong>laude,</strong></span> 
     </span>
    </p>

    <p class='ocr_par' dir='ltr' id='par_1_10' title="bbox 721 2058 1693 2663">
     <span class='ocr_line' id='line_1_19' title="bbox 752 2058 1373 2117; baseline 0 -1"><span class='ocrx_word' id='word_1_117' title='bbox 752 2060 867 2116; x_wconf 89' lang='lat' dir='ltr'><strong>Nec</strong></span> <span class='ocrx_word' id='word_1_118' title='bbox 896 2058 1117 2115; x_wconf 86' lang='lat' dir='ltr'><strong>laudare</strong></span> <span class='ocrx_word' id='word_1_119' title='bbox 1147 2059 1373 2117; x_wconf 76' lang='lat' dir='ltr'><strong>sufficie.</strong></span> 
     </span>
     <span class='ocr_line' id='line_1_20' title="bbox 736 2146 1535 2221; baseline 0.005 -18"><span class='ocrx_word' id='word_1_120' title='bbox 736 2172 742 2179; x_wconf 92' lang='lat'><strong>·</strong></span> <span class='ocrx_word' id='word_1_121' title='bbox 823 2146 1027 2204; x_wconf 80' lang='lat' dir='ltr'><strong>Laudis</strong></span> <span class='ocrx_word' id='word_1_122' title='bbox 1052 2146 1233 2205; x_wconf 83' lang='lat' dir='ltr'><strong>thema</strong></span> <span class='ocrx_word' id='word_1_123' title='bbox 1260 2149 1535 2221; x_wconf 75' lang='lat' dir='ltr'><strong>speciali3‚</strong></span> 
     </span>
     <span class='ocr_line' id='line_1_21' title="bbox 755 2236 1423 2295; baseline 0.001 -2"><span class='ocrx_word' id='word_1_124' title='bbox 755 2237 917 2293; x_wconf 87' lang='lat' dir='ltr'><strong>Panis</strong></span> <span class='ocrx_word' id='word_1_125' title='bbox 946 2236 1101 2295; x_wconf 87' lang='lat' dir='ltr'><strong>vivus</strong></span> <span class='ocrx_word' id='word_1_126' title='bbox 1128 2244 1184 2295; x_wconf 87' lang='lat' dir='ltr'><strong>et</strong></span> <span class='ocrx_word' id='word_1_127' title='bbox 1212 2236 1423 2294; x_wconf 79' lang='lat' dir='ltr'><strong>vitalis</strong></span> 
     </span>
     <span class='ocr_line' id='line_1_22' title="bbox 758 2326 1327 2399; baseline 0 -18"><span class='ocrx_word' id='word_1_128' title='bbox 758 2326 933 2383; x_wconf 80' lang='lat' dir='ltr'>Hodie</span> <span class='ocrx_word' id='word_1_129' title='bbox 959 2327 1327 2399; x_wconf 82' lang='lat' dir='ltr'><strong>proponitur:</strong></span> 
     </span>
     <span class='ocr_line' id='line_1_23' title="bbox 824 2413 1693 2484; baseline 0.012 -15"><span class='ocrx_word' id='word_1_130' title='bbox 824 2413 1041 2484; x_wconf 84' lang='lat' dir='ltr'><strong>Quem</strong></span> <span class='ocrx_word' id='word_1_131' title='bbox 1027 2431 1085 2470; x_wconf 77' lang='lat' dir='ltr'><strong>in</strong></span> <span class='ocrx_word' id='word_1_132' title='bbox 1112 2431 1287 2473; x_wconf 84' lang='lat' dir='ltr'><strong>sacrae</strong></span> <span class='ocrx_word' id='word_1_133' title='bbox 1311 2432 1496 2474; x_wconf 84' lang='lat' dir='ltr'><strong>mensa</strong></span> <span class='ocrx_word' id='word_1_134' title='bbox 1519 2434 1693 2479; x_wconf 78' lang='lat' dir='ltr'><strong>coenae</strong></span> 
     </span>
     <span class='ocr_line' id='line_1_24' title="bbox 721 2502 1510 2563; baseline 0.006 -5"><span class='ocrx_word' id='word_1_135' title='bbox 721 2505 730 2511; x_wconf 83' lang='lat'><strong><em>&#39;</em></strong></span> <span class='ocrx_word' id='word_1_136' title='bbox 754 2502 953 2559; x_wconf 85' lang='lat' dir='ltr'><strong>Turbae</strong></span> <span class='ocrx_word' id='word_1_137' title='bbox 980 2504 1210 2560; x_wconf 82' lang='lat' dir='ltr'><strong>fratrum</strong></span> <span class='ocrx_word' id='word_1_138' title='bbox 1240 2505 1510 2563; x_wconf 85' lang='lat' dir='ltr'><strong>duodenae</strong></span> 
     </span>
     <span class='ocr_line' id='line_1_25' title="bbox 754 2590 1430 2663; baseline 0.005 -19"><span class='ocrx_word' id='word_1_139' title='bbox 754 2590 955 2647; x_wconf 85' lang='lat' dir='ltr'><strong>Datum</strong></span> <span class='ocrx_word' id='word_1_140' title='bbox 980 2607 1086 2647; x_wconf 89' lang='lat' dir='ltr'><strong>non</strong></span> <span class='ocrx_word' id='word_1_141' title='bbox 1114 2592 1430 2663; x_wconf 77' lang='lat' dir='ltr'>ambigitur.</span> 
     </span>
    </p>

    <p class='ocr_par' dir='ltr' id='par_1_11' title="bbox 754 2676 1597 2923">
     <span class='ocr_line' id='line_1_26' title="bbox 825 2676 1597 2751; baseline 0.005 -18"><span class='ocrx_word' id='word_1_142' title='bbox 825 2678 908 2733; x_wconf 91' lang='lat' dir='ltr'><strong>Sit</strong></span> <span class='ocrx_word' id='word_1_143' title='bbox 936 2676 1055 2732; x_wconf 87' lang='lat' dir='ltr'><strong>laus</strong></span> <span class='ocrx_word' id='word_1_144' title='bbox 1081 2678 1261 2748; x_wconf 88' lang='lat' dir='ltr'><strong>plena,</strong></span> <span class='ocrx_word' id='word_1_145' title='bbox 1286 2681 1357 2733; x_wconf 89' lang='lat' dir='ltr'><strong>sit</strong></span> <span class='ocrx_word' id='word_1_146' title='bbox 1380 2696 1597 2751; x_wconf 85' lang='lat' dir='ltr'><strong>sonora,</strong></span> 
     </span>
     <span class='ocr_line' id='line_1_27' title="bbox 758 2764 1454 2836; baseline 0.006 -17"><span class='ocrx_word' id='word_1_147' title='bbox 758 2764 839 2820; x_wconf 87' lang='lat' dir='ltr'><strong>Sit</strong></span> <span class='ocrx_word' id='word_1_148' title='bbox 860 2765 1137 2836; x_wconf 85' lang='lat' dir='ltr'><strong>jucunda,&#39;</strong></span> <span class='ocrx_word' id='word_1_149' title='bbox 1153 2764 1228 2820; x_wconf 89' lang='lat' dir='ltr'><strong>sit</strong></span> <span class='ocrx_word' id='word_1_150' title='bbox 1253 2764 1454 2823; x_wconf 85' lang='lat' dir='ltr'><strong>decora</strong></span> 
     </span>
     <span class='ocr_line' id='line_1_28' title="bbox 754 2851 1246 2923; baseline 0 -15"><span class='ocrx_word' id='word_1_151' title='bbox 754 2853 952 2908; x_wconf 81' lang='lat' dir='ltr'><strong>Mentis</strong></span> <span class='ocrx_word' id='word_1_152' title='bbox 968 2851 1246 2923; x_wconf 85' lang='lat' dir='ltr'><strong>jubilatio.</strong></span> 
     </span>
    </p>

    <p class='ocr_par' dir='ltr' id='par_1_12' title="bbox 754 2939 1673 3193">
     <span class='ocr_line' id='line_1_29' title="bbox 825 2939 1640 3016; baseline 0.006 -19"><span class='ocrx_word' id='word_1_153' title='bbox 825 2942 955 2997; x_wconf 86' lang='lat' dir='ltr'><strong>Dies</strong></span> <span class='ocrx_word' id='word_1_154' title='bbox 982 2939 1127 2997; x_wconf 88' lang='lat' dir='ltr'><strong>enim</strong></span> <span class='ocrx_word' id='word_1_155' title='bbox 1153 2940 1409 2999; x_wconf 81' lang='lat' dir='ltr'><strong>solemnis</strong></span> <span class='ocrx_word' id='word_1_156' title='bbox 1441 2943 1640 3016; x_wconf 84' lang='lat' dir='ltr'><strong>agitur,</strong></span> 
     </span>
     <span class='ocr_line' id='line_1_30' title="bbox 754 3032 1673 3103; baseline 0.002 -16"><span class='ocrx_word' id='word_1_157' title='bbox 754 3032 813 3087; x_wconf 91' lang='lat' dir='ltr'><strong>In</strong></span> <span class='ocrx_word' id='word_1_158' title='bbox 842 3046 953 3103; x_wconf 87' lang='lat' dir='ltr'><strong>qua</strong></span> <span class='ocrx_word' id='word_1_159' title='bbox 974 3044 1178 3088; x_wconf 78' lang='lat' dir='ltr'><strong>mensae</strong></span> <span class='ocrx_word' id='word_1_160' title='bbox 1206 3032 1383 3103; x_wconf 81' lang='lat' dir='ltr'><strong>prima</strong></span> <span class='ocrx_word' id='word_1_161' title='bbox 1411 3033 1673 3091; x_wconf 84' lang='lat' dir='ltr'><strong>recolitur</strong></span> 
     </span>
     <span class='ocr_line' id='line_1_31' title="bbox 755 3120 1245 3193; baseline 0.01 -18"><span class='ocrx_word' id='word_1_162' title='bbox 755 3120 928 3193; x_wconf 87' lang='lat' dir='ltr'><strong>Hujus</strong></span> <span class='ocrx_word' id='word_1_163' title='bbox 951 3120 1245 3181; x_wconf 79' lang='lat' dir='ltr'><strong>institutio.</strong></span> 
     </span>
    </p>

    <p class='ocr_par' dir='ltr' id='par_1_13' title="bbox 754 3208 1596 3445">
     <span class='ocr_line' id='line_1_32' title="bbox 824 3208 1596 3282; baseline 0.005 -19"><span class='ocrx_word' id='word_1_164' title='bbox 824 3210 886 3263; x_wconf 87' lang='lat' dir='ltr'><strong>ln</strong></span> <span class='ocrx_word' id='word_1_165' title='bbox 913 3208 1016 3265; x_wconf 82' lang='lat' dir='ltr'><strong>hac</strong></span> <span class='ocrx_word' id='word_1_166' title='bbox 1040 3223 1227 3265; x_wconf 86' lang='lat' dir='ltr'><strong>mensa</strong></span> <span class='ocrx_word' id='word_1_167' title='bbox 1258 3210 1388 3265; x_wconf 76' lang='lat' dir='ltr'><strong>novi·</strong></span> <span class='ocrx_word' id='word_1_168' title='bbox 1410 3210 1596 3282; x_wconf 85' lang='lat' dir='ltr'><strong>Regis.</strong></span> 
     </span>
     <span class='ocr_line' id='line_1_33' title="bbox 754 3297 1545 3372; baseline 0.003 -18"><span class='ocrx_word' id='word_1_169' title='bbox 754 3298 969 3354; x_wconf 91' lang='lat' dir='ltr'><strong>Novum</strong></span> <span class='ocrx_word' id='word_1_170' title='bbox 992 3297 1199 3353; x_wconf 78' lang='lat' dir='ltr'><strong>Pascha</strong></span> <span class='ocrx_word' id='word_1_171' title='bbox 1227 3314 1385 3356; x_wconf 85' lang='lat' dir='ltr'><strong>novae</strong></span> <span class='ocrx_word' id='word_1_172' title='bbox 1408 3299 1545 3372; x_wconf 85' lang='lat' dir='ltr'><strong>legis</strong></span> 
     </span>
     <span class='ocr_line' id='line_1_34' title="bbox 757 3387 1421 3445; baseline 0.002 -3"><span class='ocrx_word' id='word_1_173' title='bbox 757 3387 929 3443; x_wconf 84' lang='lat' dir='ltr'><strong>Phase</strong></span> <span class='ocrx_word' id='word_1_174' title='bbox 958 3390 1117 3443; x_wconf 83' lang='lat' dir='ltr'><strong>vetus</strong></span> <span class='ocrx_word' id='word_1_175' title='bbox 1142 3388 1421 3445; x_wconf 84' lang='lat' dir='ltr'><strong>terminat.</strong></span> 
     </span>
    </p>

    <p class='ocr_par' dir='ltr' id='par_1_14' title="bbox 756 3473 1454 3634">
     <span class='ocr_line' id='line_1_35' title="bbox 826 3473 1436 3545; baseline 0 -14"><span class='ocrx_word' id='word_1_176' title='bbox 826 3473 1170 3531; x_wconf 73' lang='lat' dir='ltr'><strong>vetustatem</strong></span> <span class='ocrx_word' id='word_1_177' title='bbox 1200 3476 1436 3545; x_wconf 73' lang='lat' dir='ltr'><strong>novitaS,</strong></span> 
     </span>
     <span class='ocr_line' id='line_1_36' title="bbox 756 3562 1454 3634; baseline 0 -13"><span class='ocrx_word' id='word_1_178' title='bbox 756 3562 1015 3621; x_wconf 84' lang='lat' dir='ltr'><strong>Umbram</strong></span> <span class='ocrx_word' id='word_1_179' title='bbox 1042 3562 1195 3634; x_wconf 80' lang='lat' dir='ltr'><strong>sugat</strong></span> <span class='ocrx_word' id='word_1_180' title='bbox 1229 3565 1454 3634; x_wconf 85' lang='lat' dir='ltr'><strong>veritas,</strong></span> 
     </span>
    </p>

    <p class='ocr_par' dir='ltr' id='par_1_15' title="bbox 755 3650 1722 3710">
     <span class='ocr_line' id='line_1_37' title="bbox 755 3650 1722 3710; baseline 0.003 -2"><span class='ocrx_word' id='word_1_181' title='bbox 755 3652 985 3708; x_wconf 84' lang='lat' dir='ltr'><strong>Noctem</strong></span> <span class='ocrx_word' id='word_1_182' title='bbox 1013 3650 1103 3705; x_wconf 87' lang='lat' dir='ltr'><strong>lux</strong></span> <span class='ocrx_word' id='word_1_183' title='bbox 1124 3650 1393 3710; x_wconf 84' lang='lat' dir='ltr'><strong>eliminat.</strong></span> <span class='ocrx_word' id='word_1_184' title='bbox 1716 3690 1722 3695; x_wconf 88' lang='lat'>-</span> 
     </span>
    </p>

    <p class='ocr_par' dir='ltr' id='par_1_16' title="bbox 756 3738 1736 3976">
     <span class='ocr_line' id='line_1_38' title="bbox 826 3738 1736 3818; baseline 0.011 -24"><span class='ocrx_word' id='word_1_185' title='bbox 826 3738 981 3809; x_wconf 88' lang='lat' dir='ltr'><strong>Quod</strong></span> <span class='ocrx_word' id='word_1_186' title='bbox 1008 3738 1066 3794; x_wconf 90' lang='lat' dir='ltr'><strong>in</strong></span> <span class='ocrx_word' id='word_1_187' title='bbox 1092 3753 1249 3796; x_wconf 86' lang='lat' dir='ltr'><strong>coena</strong></span> <span class='ocrx_word' id='word_1_188' title='bbox 1278 3740 1527 3800; x_wconf 84' lang='lat' dir='ltr'><strong>Christus</strong></span> <span class='ocrx_word' id='word_1_189' title='bbox 1551 3746 1736 3818; x_wconf 78' lang='lat' dir='ltr'><strong>gessit,</strong></span> 
     </span>
     <span class='ocr_line' id='line_1_39' title="bbox 756 3828 1517 3903; baseline 0.004 -19"><span class='ocrx_word' id='word_1_190' title='bbox 756 3828 1086 3885; x_wconf 84' lang='lat' dir='ltr'><strong>Faciendum</strong></span> <span class='ocrx_word' id='word_1_191' title='bbox 1118 3828 1222 3885; x_wconf 92' lang='lat' dir='ltr'><strong>hoc</strong></span> <span class='ocrx_word' id='word_1_192' title='bbox 1248 3832 1517 3903; x_wconf 82' lang='lat' dir='ltr'><strong>expressit</strong></span> 
     </span>
     <span class='ocr_line' id='line_1_40' title="bbox 756 3916 1298 3976; baseline 0.007 -4"><span class='ocrx_word' id='word_1_193' title='bbox 756 3916 821 3973; x_wconf 86' lang='lat' dir='ltr'><strong>ln</strong></span> <span class='ocrx_word' id='word_1_194' title='bbox 846 3916 931 3975; x_wconf 88' lang='lat' dir='ltr'><strong>sui</strong></span> <span class='ocrx_word' id='word_1_195' title='bbox 960 3916 1298 3976; x_wconf 82' lang='lat' dir='ltr'><strong>memoriam.</strong></span> 
     </span>
    </p>
   </div>
  </div>
 </body>
</html>
