2850 4517
855 376 898 423 ι.
931 386 1009 407 —-—
1037 376 1440 423 contrariorum
1492 376 1857 424 rnnonoom
2278 360 2356 431 41

345 506 507 559 actus
539 508 711 571 purus
753 492 964 569 absque
1007 492 1269 568 potentiae
1308 493 1661 567 permistione
1699 510 1715 551 ε
1755 509 1975 553 necesse
2014 502 2099 555 est
2124 512 2192 555 ea
2235 514 2363 572 quae

347 595 476 645 sunt
518 599 775 659 suprema
808 583 866 640 in
899 582 1118 641 entibus
1145 583 1320 655 magis
1352 598 1473 665 esse
1510 584 1566 639 in
1594 589 1741 651 actu,
1782 591 1839 642 et
1863 583 2044 642 minus
2068 586 2138 643 de
2164 596 2363 662 poten-

351 678 428 735 tia
454 675 674 744 habere,
719 689 848 747 quae
891 682 1078 730 autem
1117 673 1373 730 inferiora
1417 666 1563 749 sunt,
1607 674 1798 745 magis
1824 674 1879 729 in
1927 676 2172 748 potentia
2217 692 2358 734 esse.

349 768 466 824 Hoc
493 773 678 823 autem
718 764 957 837 qualiter
995 764 1086 830 sit,
1119 761 1579 819 considerandum
1610 772 1717 820 est.
1745 764 1880 820 Cum
1923 766 2070 821 enim
2110 766 2257 823 Deus
2288 768 2364 825 sit

351 856 716 928 sempiternus
753 861 818 910 et
852 851 1314 909 incommutabilis
1355 850 1410 906 in
1458 866 1559 907 suo
1602 867 1741 919 esse,
1789 851 1882 908 illa
1924 860 2055 910 sunt
2100 854 2153 911 in
2203 856 2365 913 rebus

349 944 558 1010 infima,
587 947 778 1016 utpote
822 941 890 997 de
925 940 1283 997 similitudine
1309 939 1497 997 divina
1524 940 1705 997 minus
1746 939 2026 1009 habentia,
2071 958 2196 1016 quae
2234 954 2360 1002 sunt

349 1033 687 1106 generationi
717 1040 771 1088 et
791 1031 1126 1103 corruptioni
1156 1029 1424 1102 subjecta,
1447 1046 1575 1103 quae
1597 1030 1927 1105 quandoque
1947 1038 2097 1099 sunt,
2118 1039 2175 1088 et
2200 1050 2367 1103 quan·

349 1124 531 1194 doque
555 1136 659 1177 non
690 1127 836 1177 sunt.
863 1120 934 1175 Et
973 1121 1106 1194 quia
1133 1134 1254 1176 esse
1281 1118 1533 1191 sequitur
1573 1118 1805 1175 formam
1840 1111 1938 1188 rei,
1970 1127 2099 1193 sunl.
2140 1121 2365 1195 quidem

349 1207 660 1282 hujusmodi
691 1210 912 1282 quando
938 1207 1170 1265 formam
1199 1207 1423 1275 habent,
1454 1205 1711 1264 desinunt
1744 1216 1929 1285 autem
1971 1223 2111 1277 esse,
2142 1211 2364 1283 quando

351 1298 524 1355 forma
557 1300 864 1375 privantur.
906 1297 1140 1371 Oportet
1178 1298 1345 1369 igitur
1385 1296 1442 1352 in
1486 1296 1565 1352 eis
1604 1296 1963 1370 esse-aliquid
2006 1297 2151 1371 quod
2194 1300 2387 1372 possit,

351 1388 678 1461 quandoque
705 1385 941 1443 formam
977 1385 1197 1453 habere,
1225 1384 1710 1458 quandoque-vero
1752 1384 1927 1443 forma
1956 1385 2181 1459 privari,
2216 1389 2365 1460 quod

350 1478 584 1536 dicimus
623 1476 935 1534 materiam.
965 1474 1290 1548 Huiusmodi
1325 1474 1493 1547 igitur
1524 1488 1649 1547 quae
1685 1480 1813 1531 sunt
1849 1475 1905 1531 in
1946 1475 2111 1534 rebus
2153 1474 2361 1547 infima,

350 1556 566 1639 oportet
587 1582 712 1623 esse
738 1582 804 1622 ex
848 1564 1167 1621 materia-et
1208 1564 1384 1620 forma
1419 1562 1746 1634 composita.
1784 1562 1883 1621 llla
1920 1579 2051 1621 vero
2079 1580 2206 1637 quae
2235 1571 2365 1622 sunt

351 1656 686 1730 suprema-in
710 1652 928 1712 entibus
955 1653 1176 1719 creatis,
1217 1651 1285 1707 ad
1315 1640 1735 1709 similitudinem
1758 1650 1929 1709 divini
1966 1667 2087 1711 esse
2129 1655 2367 1712 maxime

353 1744 644 1813 accedunt,
676 1760 777 1801 nec
803 1750 888 1801 est
916 1743 972 1799 in
1002 1742 1082 1799 eis
1115 1741 1361 1815 potentia
1393 1739 1466 1799 ad
1502 1756 1623 1822 esse
1653 1749 1709 1797 et
1733 1756 1839 1799 non
1869 1757 2010 1810 esse,
2039 1742 2140 1801 >sed
2168 1759 2201 1800 a
2221 1744 2359 1829 Deo,

351 1851 449 1909 per
476 1834 829 1901 creationem,
849 1830 1239 1904 sempiternum
1270 1846 1392 1888 esse
1419 1831 1619 1903 adepta
1646 1836 1793 1887 sunt.
1813 1831 1949 1888 Cum
1975 1841 2161 1889 autem
2186 1838 2363 1889 mate·

350 1925 440 1980 ria
461 1923 568 1978 boc
595 1921 772 1993 ipsum
801 1922 945 1995 quod
969 1927 1074 1981 est,
1106 1921 1181 1977 sit
1199 1920 1455 1993 potentia·
1472 1920 1541 1977 ad
1567 1934 1686 1977 esse
1707 1920 1854 1993 quod
1876 1925 1961 1975 est
1990 1921 2360 1994 per-formam,

351 2008 667 2085 hujusmodi
696 2010 842 2067 entia
885 2010 939 2065 in
967 2009 1166 2083 quibus
1205 2024 1312 2065 non
1341 2015 1428 2065 est
1456 2008 1703 2080 potentia
1732 2008 1800 2063 ad
1845 2022 1967 2065 esse
1993 2015 2049 2063 et
2092 2024 2199 2063 non
2222 2025 2363 2077 esse,

352 2116 460 2158 non
485 2108 615 2159 sunt
643 2100 944 2172 composita
973 2114 1042 2161 ,ex
1065 2098 1296 2156 materia
1333 2106 1389 2154 et
1422 2096 1618 2165 forma,
1652 2096 1748 2152 sed
1779 2101 1907 2164 sunt
1936 2094 2127 2154 formae
2154 2102 2366 2153 tantum

353 2189 716 2255 subsistentes
762 2188 819 2244 in
865 2203 966 2244 suo
1017 2202 1158 2254 esse,
1202 2185 1350 2260 quod
1398 2190 1730 2260 acceperunt
1772 2200 1806 2243 a
1846 2184 1981 2242 Deo.
2019 2185 2255 2242 Necesse
2283 2193 2368 2243 est

355 2287 538 2337 autem
575 2275 886 2350 hujusmodi
911 2275 1249 2333 substantias
1277 2273 1647 2348 incorporales
1673 2274 2113 2347 incorruptibiles
2136 2290 2276 2333 esse.
2308 2276 2369 2333 In

353 2366 608 2425 omnibus
639 2367 785 2423 enim
825 2364 1331 2439 incorruptibilibus
1357 2371 1446 2421 est
1480 2364 1725 2438 potentia
1760 2364 1830 2421 ad
1867 2378 1978 2422 non
2015 2380 2137 2422 esse
2167 2381 2182 2420 t
2218 2364 2273 2422 in
2302 2366 2371 2423 iis

355 2464 540 2511 autem
569 2469 675 2510 non
713 2462 815 2523 est,
851 2460 912 2510 ut
948 2454 1158 2511 dictum
1196 2462 1298 2522 est,
1331 2461 1461 2511 sunt
1498 2454 2167 2529 igitur-incorruptibiles·
2206 2455 2367 2521 Item,

355 2543 488 2599 nihil
515 2542 885 2617 corrumpitur
915 2542 1022 2600 nisi
1043 2558 1143 2617 per
1170 2542 1797 2616 separationemformae
1834 2543 1903 2600 ab
1924 2543 2065 2616 ipso,
2094 2559 2221 2600 nam
2248 2558 2369 2601 esse

355 2649 570 2700 semper
598 2633 953 2706 consequitur
990 2631 1221 2689 sormam
1255 2648 1269 2687 ε
1295 2630 1610 2703 hujusmodi
1642 2637 1827 2688 autem
1866 2630 2214 2700 substantiae,
2240 2646 2367 2689 cum

357 2723 469 2778 sint
495 2720 685 2778 formae
714 2721 1095 2789 subsistentes,
1124 2736 1229 2776 non
1255 2726 1486 2793 possunt
1515 2721 1819 2792 separaria
1838 2722 1953 2777 suis
1976 2720 2182 2789 formis,
2212 2721 2371 2777 etita

355 2825 481 2867 csse
509 2810 762 2867 amittere
799 2826 906 2866 non
938 2818 1184 2883 possunt,
1215 2825 1344 2880 ergo
1369 2817 1497 2865 sunt
1534 2808 1997 2879 incorruptibiles.
2024 2810 2161 2867 Sunt
2190 2818 2372 2866 autem

357 2898 503 2955 inter
549 2907 780 2972 utraque
826 2898 1215 2971 praedictorum
1253 2896 1509 2970 quaedam
1558 2895 1755 2962 media,
1788 2895 1845 2951 in
1886 2896 2085 2968 quibus
2124 2898 2230 2953 etsi
2269 2912 2374 2952 non

357 2988 430 3042 sit
459 2987 704 3061 potentia
725 2987 793 3043 ad
820 3003 940 3043 esse
963 2993 1022 3043 et
1045 3002 1150 3042 non
1180 3002 1321 3053 esse,
1347 2994 1435 3042 est
1461 2993 1644 3041 tamen
1670 2984 1725 3039 in
1754 2983 1835 3041 eis
1861 2983 2107 3057 potentia
2131 2986 2200 3041 ad
2232 2983 2322 3039 ubi
2355 2999 2372 3041 ε

358 3074 522 3148 hujus
557 3082 744 3132 autem
791 3082 919 3132 sunt
959 3090 1192 3149 corpora
1236 3073 1518 3143 coelestia,
1570 3072 1719 3147 quod
1760 3073 2100 3145 generationi
2147 3079 2203 3130 et
2244 3088 2373 3129 cor·

359 3165 602 3239 ruptioni
629 3180 738 3220 non
757 3164 1142 3236 subjiciuntur,
1174 3165 1303 3237 quia
1335 3164 1489 3221 iniis
1516 3163 1941 3220 contrarietates
1969 3178 2074 3219 non
2100 3162 2377 3221 inveniun-

361 3262 470 3323 tur,
489 3260 546 3310 et
573 3260 756 3310 tamen
777 3260 905 3309 sunt
929 3253 1216 3312 mutabilia
1241 3253 1545 3311 secundum
1568 3252 1776 3321 locum3
1798 3252 1878 3309 sic
1898 3257 2083 3309 autem
2104 3253 2379 3311 invenitur

358 3344 415 3399 in
467 3341 745 3417 aliquibus
801 3343 1032 3399 materia
1078 3342 1222 3399 sicut
1278 3350 1336 3399 et
1387 3349 1588 3399 motus.
1640 3342 1739 3399 Est
1788 3342 1935 3399 enim
1986 3350 2169 3399 motus
2218 3352 2377 3401 actus

358 3432 648 3489 existentis
678 3432 732 3487 in
761 3432 1028 3505 potentia.
1058 3430 1274 3488 Habent
1300 3432 1470 3505 igitur
1497 3430 1809 3505 hujusmodi
1834 3445 2063 3505 corpora
2088 3432 2377 3490 materiam

358 3535 466 3576 non
503 3518 812 3593 subjectam
852 3519 1193 3595 generationi
1222 3528 1278 3579 et
1301 3520 1658 3593 corruptioni,
1690 3520 1789 3578 sed
1826 3518 2005 3577 solum
2040 3518 2148 3577 loci
2190 3528 2376 3579 muta-

359 3608 520 3668 tioni-
