2850 4517
482 294 604 351 378
961 309 1014 358 s.
1060 309 1291 402 ‘ruo-Man
1329 270 1658 360 mutuans
1701 285 2010 354 opuscum

1277 542 1698 598 CAPITULUM
1759 539 1762 542 ⁴

555 691 819 749 Dominus
848 695 1025 761 JeSUS,
1068 694 1124 750 in
1162 711 1269 768 qua
1314 704 1477 752 nocte
1520 694 1858 762 tradebatur,
1909 691 2123 766 accepit
2166 709 2382 766 panem,
2435 700 2490 750 et

486 780 693 849 gratias
734 798 900 853 agens
942 783 1123 854 fregit,
1153 790 1207 838 et
1247 783 1432 838 dixit:
1465 784 1712 856 Accipite
1753 791 1809 838 et
1857 782 2204 838 manducate.
2248 783 2364 837 Hoc
2405 789 2491 838 est

487 883 684 941 corpus
708 887 907 940 meum,
938 871 1084 944 quod
1112 888 1206 944 pro
1237 872 1392 928 vobis
1425 872 1691 928 tradetur.

556 957 719 1030 Resp.
747 961 859 1016 Deo
888 960 1115 1032 gratias,

558 1047 713 1118 Resp.
760 1049 933 1106 Homo
979 1049 1203 1122 quidam
1247 1049 1376 1105 fecit
1423 1065 1636 1105 coenam
1674 1012 1948 1120 magnam,
1983 1053 2038 1103 et
2083 1047 2231 1102 misit
2271 1063 2490 1103 servum

490 1151 649 1190 suum
676 1135 809 1193 hora
834 1152 1007 1194 coenae
1030 1138 1213 1193 dicere
1242 1137 1508 1204 invitatis,
1536 1145 1598 1193 ut
1626 1137 1915 1192 venirent:
1947 1136 2086 1206 Quia
2131 1141 2320 1207 parata
2363 1145 2492 1192 sunt

491 1225 691 1281 omnia.

568 1313 718 1369 Vers.
745 1313 959 1380 Venite,
988 1315 1260 1372 comedite
1286 1330 1484 1388 panem
1517 1329 1716 1381 meum,
1749 1318 1804 1368 et
1845 1311 2014 1368 bibite
2057 1309 2244 1368 vinum
2287 1326 2489 1378 meum,

492 1401 635 1472 quod
660 1401 849 1456 miscui
871 1401 1045 1456 vobis,

564 1488 721 1556 Quia.
752 1487 962 1544 Gloria.
994 1488 1153 1558 Quia.

1342 1691 1648 1747 HYMNUS

1125 1847 1323 1917 Pange,
1355 1846 1556 1918 lingua,
1589 1845 1812 1921 gloriosi

1058 1934 1311 2006 Corporis
1343 1935 1684 2008 mysterium,

1054 2024 1457 2096 Sanguinisque
1485 2023 1709 2097 pretiosi

1058 2112 1232 2180 Quom
1260 2113 1313 2166 in
1344 2113 1530 2167 mundi
1563 2111 1794 2185 pretium

1060 2200 1288 2255 Fructus
1316 2201 1525 2256 ventris
1553 2199 1800 2271 generosi

1057 2289 1171 2344 Rex
1202 2289 1391 2343 effudit
1419 2277 1700 2344 Gentiumss

1128 2375 1299 2432 Nobis
1326 2375 1508 2442 datuS,
1537 2377 1691 2432 nobis
1723 2383 1880 2434 natus

1056 2464 1136 2518 Ex
1161 2463 1367 2519 intacta
1395 2464 1637 2534 Virgine,

1057 2552 1125 2606 Et
1156 2551 1207 2606 in
1232 2552 1435 2608 mundo
1459 2558 1830 2620 conversatuS,

1058 2641 1257 2713 Sparso
1286 2640 1437 2696 verbi
1466 2639 1690 2709 semine,

1059 2729 1151 2786 Sui
1178 2745 1358 2786 moras
1384 2729 1654 2786 incolatus

1058 2819 1193 2894 Miro
1218 2819 1413 2874 clausit
1438 2818 1648 2874 ordine.

1132 2910 1189 2962 ln
1220 2925 1489 2980 supremae
1519 2914 1675 2964 nocte
1704 2923 1894 2977 coenae,
1975 2965 1980 2970 ,
2009 2960 2015 2965 .

1060 2995 1403 3054 Recumbens
1429 3014 1552 3052 cum
1578 2997 1857 3071 fratribuS,

957 3092 963 3098 '
1062 3083 1362 3140 Observata
1396 3084 1512 3156 lege
1539 3084 1696 3156 plene

1058 3172 1205 3227 Cibis
1236 3173 1288 3227 in
1316 3169 1601 3243 legalibus,

1062 3261 1255 3316 Cibum
1286 3260 1461 3316 turbae
1489 3260 1756 3317 duodenae

1060 3349 1128 3404 Se
1157 3349 1252 3404 dat
1276 3350 1387 3404 suis
1416 3349 1685 3405 manibus,

1130 3436 1365 3493 Verbum
1396 3452 1544 3504 caro,
1577 3453 1771 3510 panem
1799 3453 1987 3494 verum

1059 3523 1237 3580 Verbo
1263 3540 1484 3581 carnem
1513 3525 1678 3582 efficit
1709 3544 1722 3581 τ

1062 3612 1255 3685 Fitque
1280 3615 1503 3684 sanguis
1527 3614 1724 3670 Christi
1753 3630 1980 3680 merum,

1065 3701 1133 3756 Et
1161 3701 1206 3756 si
1238 3717 1427 3757 sensus
1455 3702 1640 3759 deficit
1674 3720 1688 3757 ε

1064 3790 1147 3845 Ad
1175 3789 1498 3846 firmandum
1523 3806 1616 3847 cor
1639 3791 1931 3860 sincerum,

1063 3878 1189 3936 Sola
1216 3879 1351 3936 fides
1372 3880 1594 3936 sufficit.
