2850 4517
894 362 950 406 ·1.
984 377 1062 391 --·
1090 362 1491 408 cournnmou
1543 364 1907 410 'remmom
2289 351 2406 413 203

394 477 531 535 dum
554 474 873 534 illudRom.
911 492 1061 534 vni.
1049 494 1060 509 ·
1088 477 1147 535 si
1170 478 1297 551 filii,
1326 487 1379 536 et
1414 469 1664 537 hoercdcs.
1667 478 1672 481 ’
1692 477 1760 536 Et
1787 480 1913 539 ideo
1939 478 2240 539 secundom
2261 480 2406 540 hanc

394 564 739 640 spiritualem
772 567 1239 638 regenerationem
1277 569 1542 642 competit
1579 566 1784 625 homini
1824 570 2118 643 quamdam
2156 571 2404 628 altiorem

396 670 553 729 spem
583 654 653 713 de
698 655 815 711 Deo
851 653 1091 725 haberes
1117 655 1459 714 haereditatis
1497 657 1708 715 scilicet
1733 666 1958 717 aeternae
1985 661 2400 734 consequendae,

395 743 699 802 secundum
727 742 859 800 illud
900 759 941 801 ι.
970 744 1089 801 Pet.
1117 760 1179 802 ιε
1215 744 1567 819 Repeneravit
1592 762 1686 802 nos
1707 745 1769 803 in
1795 763 1936 821 spem
1974 748 2150 804 vivam
2171 765 2272 821 per
2311 766 2403 805 re-

394 833 780 892 surrectionem
820 832 1029 893 Christi
1068 850 1135 891 cm
1159 836 1389 893 mortuis
1413 834 1477 891 ιἰι
1525 834 1885 894 hoereditatem
1922 835 2402 910 incorruptibilem,

396 931 449 980 ct
486 922 991 1003 incontaminatam,
1032 922 1588 981 “immarcessibilem
1629 933 1990 983 conservatam
2028 927 2090 982 ιἰι
2133 926 2292 983 εωῐίε.
2335 926 2405 982 Et

394 1012 527 1085 quia
572 1028 671 1086 per
712 1012 967 1085 spiritum
1001 1011 1331 1086 adoptionis,
1355 1028 1523 1087 quem
1566 1014 1896 1087 accepimus,
1924 1014 2229 1073 clamamus
2271 1014 2400 1071 abba

394 1099 583 1165 Pater,
627 1107 689 1157 ut
723 1100 925 1157 dicitur
953 1101 1112 1158 Rom.
1159 1116 1287 1168 vm,
1318 1101 1445 1158 ideo
1481 1102 1747 1159 Dominus
1786 1109 1848 1159 ut
1875 1119 1942 1160 ex
1979 1102 2082 1161 hac
2123 1120 2218 1178 spe
2246 1103 2402 1161 nobis

347 1177 352 1182 ’
394 1204 517 1245 esse
554 1187 820 1245 orandum
860 1188 1190 1251 ostenderet.
1232 1204 1390 1246 suam
1427 1190 1731 1258 orationem
1772 1206 1805 1249 a
1847 1192 2022 1265 patris
2057 1192 2402 1250 invocatione

396 1279 677 1336 inchoavit
719 1276 941 1343 dicens,
980 1284 1163 1349 pater.
1216 1277 1484 1335 Similiter
1524 1280 1693 1337 etiam
1741 1295 1809 1336 ex
1848 1280 1954 1339 hoc
1998 1282 2145 1355 quod
2199 1282 2402 1339 dicitur

391 1371 571 1439 poter,
598 1373 939 1439 praeparatur
962 1364 1196 1423 hominis
1224 1366 1452 1423 affectus
1488 1368 1556 1425 ad
1584 1384 1720 1442 pure
1745 1370 2031 1437 orandum,
2062 1378 2120 1427 et
2149 1371 2219 1428 ad
2251 1371 2401 1427 obti-

395 1454 634 1512 nendum
655 1454 803 1529 quod
829 1461 1037 1528 sperat.
1067 1453 1279 1511 Debent
1302 1457 1473 1513 etiam
1502 1456 1598 1513 filii
1622 1456 1927 1515 imitatores
1953 1465 2239 1532 parentum
2267 1460 2402 1515 exis-

394 1553 533 1612 tere,
562 1544 706 1601 unde
732 1544 828 1618 qui
859 1550 1072 1618 patrem
1112 1544 1285 1601 Deum
1312 1546 1625 1617 confltetur,
1654 1545 1819 1604 debet
1846 1548 2033 1604 conari
2057 1554 2120 1604 ut
2141 1549 2241 1605 Dei
2272 1547 2400 1615 imi,-

395 1639 541 1690 tator
568 1632 787 1701 existat,
829 1631 1058 1690 vitando
1084 1632 1295 1690 scilicet
1329 1634 1423 1691 illa
1462 1650 1589 1708 quae
1633 1635 1748 1692 Deo
1772 1634 2094 1693 dissimilem
2141 1635 2395 1696 reddunt.

394 1730 454 1781 ct
479 1720 567 1779 his
580 1720 881 1779 insistendo
904 1736 1031 1796 quae
1045 1736 1143 1779 nos
1160 1722 1277 1779 Deo
1296 1722 1635 1780 assimilant:
1657 1723 1800 1791 unde
1824 1724 2030 1782 dicitur
2051 1726 2252 1781 Jerem.
2284 1740 2352 1783 ιιι
2382 1744 2394 1779 :

392 1810 617 1867 Patrem
635 1809 843 1867 vocabis
860 1826 964 1877 me,
992 1816 1179 1885 etpost
1196 1828 1277 1867 me
1298 1810 1512 1885 inpredi
1536 1828 1645 1868 ιιοιι
1667 1812 1904 1869 cessabis.
1930 1814 1985 1870 Si
2011 1830 2139 1885 ergo
2166 1823 2226 1870 ut
2255 1815 2400 1872 Gre-

396 1899 587 1969 gorius
610 1889 889 1972 Nyssenus
930 1898 1085 1968 dicit,
1132 1900 1203 1957 ad
1248 1916 1337 1957 res
1381 1900 1688 1958 mundanas
1739 1902 1996 1956 intuitum
2046 1901 2254 1973 dirigis,
2304 1910 2397 1960 aut

396 1988 695 2045 humanam
742 1984 964 2059 gloriam
1005 1989 1201 2057 ambis,
1234 1998 1326 2046 aut
1379 1988 1570 2046 sordes
1608 1982 1882 2061 passibilis
1929 1990 2223 2063 appetitus,
2255 2007 2396 2065 quo-

395 2076 561 2134 modo
592 2076 687 2153 qui
705 2082 959 2151 corrupta
980 2078 1123 2136 vivis
1149 2078 1284 2165 vita,
1303 2083 1518 2151 patrem
1547 2091 1711 2137 vocas
1739 2078 2272 2193 incorruptibilitatis
2298 2096 2397 2155 ge-

394 2166 651 2225 nitorem.

1172 2337 1458 2411 CAPUT
1529 2339 1614 2411 V.

464 2480 645 2558 Quod
668 2446 859 2559 Dcus,
884 2498 927 2545 a
950 2498 1069 2564 quo
1096 2481 1323 2545 orando
1347 2488 1594 2563 sperata
1611 2484 1896 2565 petimus,
1924 2483 2086 2550 debet
2124 2485 2332 2549 vocari

725 2570 823 2643 ‚ab
852 2576 1061 2661 orama
1085 2596 1111 2636 .·
1136 2572 1331 2653 Patcr
1353 2577 1579 2650 noster,
1612 2578 1670 2637 ct
1703 2590 2034 2639 non-meus.

434 2703 611 2761 -lnter
644 2702 753 2761 alia
780 2719 913 2761 vero
958 2706 1231 2779 praecipue
1265 2706 1360 2779 qui
1402 2721 1462 2761 se
1501 2706 1602 2762 Dei
1643 2706 1815 2763 filium
1842 2708 2204 2780 recognoscit,
2234 2708 2396 2766 debet

388 2793 449 2849 in
478 2792 751 2850 charitate
777 2792 1068 2849 Dominum
1114 2794 1340 2861 imitari,
1371 2794 1673 2850 secundum
1716 2794 1852 2850 illud
1880 2794 2017 2868 Eph.
2064 2812 2099 2851 v
2148 2814 2161 2851 :
2213 2796 2398 2853 Estote

389 2882 691 2939 imitatores
716 2882 821 2939 Dei
853 2882 990 2939 sime
1016 2882 1125 2955 filit
1151 2882 1474 2948 charissimi,
1503 2889 1555 2938 ct
1579 2881 1842 2939 ambulate
1885 2884 1946 2939 ιἰι
1969 2883 2264 2940 dilectione.
2300 2885 2394 2939 Dei

388 2979 579 3028 autem
604 2970 826 3029 dilectio
866 2987 976 3028 non
1005 2972 1219 3046 privata
1246 2978 1350 3038 est,
1381 2971 1480 3028 sed
1523 2971 1830 3028 communis
1855 2972 1923 3028 ad
1952 2986 2142 3027 omnes
2173 2988 2186 3025 ι
2217 2970 2395 3043 diligit

388 3061 539 3117 enim
562 3061 746 3118 omnia
778 3076 903 3133 quae
930 3067 1076 3131 sunt,
1105 3069 1167 3118 ut
1193 3061 1395 3117 dicitur
1416 3062 1548 3133 Sap.
1592 3075 1677 3127 χι,
1702 3066 1759 3116 et
1786 3059 2098 3134 specialiter
2123 3058 2389 3129 homines,

388 3149 693 3206 secundum
728 3148 861 3206 illud
886 3149 1049 3206 Deut.
1081 3164 1279 3207 χχχιιι
1306 3167 1319 3205 z
1345 3149 1551 3207 Dilexit
1571 3150 1808 3223 populos.
1839 3150 1916 3205 Et·
1932 3149 2054 3205 ideo
2079 3156 2138 3205 ut
2162 3150 2394 3224 Cypria·

388 3252 493 3293 nus
520 3236 925 3311 dicit,·publica
966 3243 1053 3293 est
1078 3237 1239 3295 nobis
1263 3246 1321 3296 et
1349 3238 1655 3295 communis
1695 3237 1892 3306 oratio,
1933 3244 1990 3293 et
2018 3238 2237 3311 quando
2265 3254 2396 3295 ora-

387 3340 512 3381 mus
538 3341 647 3382 non
672 3341 771 3398 pro
798 3341 909 3382 uno
936 3332 1172 3395 tantum,
1199 3326 1295 3384 sed
1325 3342 1423 3400 pro
1450 3325 1651 3402 populo
1679 3332 1796 3383 toto
1823 3341 2062 3394 oramus,
2092 3327 2223 3400 quia
2248 3332 2397 3384 totos
2487 3371 2498 3381 .

387 3412 621 3487 populus
648 3429 819 3471 unum
842 3430 1049 3471 sumus.
1080 3416 1184 3471 Pro
1216 3430 1277 3471 se
1302 3415 1474 3487 igitur
1501 3430 1677 3482 orare,
1705 3421 1767 3471 ut
1793 3416 2214 3489 chrysostomus
2237 3415 2392 3482 dicit,

386 3503 691 3559 necessitas
727 3504 895 3577 cogit,
910 3518 1025 3576 ·pro
1049 3503 1224 3561 altero
1254 3510 1440 3561 autem
1468 3504 1710 3562 charitas
1731 3503 2094 3561 fraternitatis
2121 3502 2392 3560 hortatur.

383 3590 455 3648 Et
483 3591 609 3649 ideo
636 3606 743 3647 non
772 3591 1025 3660 dicimus,
1052 3598 1213 3664 poter
1251 3608 1418 3658 meus,
1447 3592 1545 3649 sed
1580 3598 1738 3666 pater
1775 3599 1976 3651 noster.
2011 3591 2179 3648 Simul
2225 3593 2394 3648 etiam

383 3679 847 3737 considerandum
890 3689 995 3750 est,
1034 3682 1167 3755 quia
1209 3689 1266 3739 et
1303 3682 1350 3737 si
1378 3696 1506 3754 spes
1548 3688 1735 3739 nostra
1785 3679 2158 3755 principaliter
2207 3680 2394 3736 divino

383 3766 589 3825 auxilio
618 3764 905 3834 innitatur,
936 3766 1048 3825 ad
1034 3766 1267 3825 invicem
1296 3772 1480 3824 tamen
1500 3768 1778 3839 juvamur,
1806 3774 1867 3823 ut
1892 3767 2119 3824 facilius
2140 3766 2393 3822 obtinea-

382 3870 509 3913 mus
532 3855 683 3929 ‘quod
702 3856 991 3927 petimus:
1020 3857 1165 3914 unde
1190 3856 1392 3914 dicitur
1421 3872 1486 3915 ιι.
1512 3858 1638 3915 Cor.
1667 3872 1737 3915 ι·
1761 3856 1982 3931 Eripict
2005 3844 2100 3914 nos
2125 3856 2392 3940 adjuven-

383 3942 529 4003 tibus
552 3948 608 4002 ct
630 3942 817 4005 vobis
793 3960 855 4003 m
882 3944 1127 4004 oratione
1141 3952 1247 4018 pro
1268 3942 1462 4006 nobis.-
1491 3945 1633 4005 unde
1655 3951 1714 4005 ct
1733 3946 1849 4003 Jac.
1876 3962 1934 4004 v.
1955 3944 2195 4005 dicitur·
2226 3945 2392 4005 Orate
