2850 4517
537 399 659 466 230
930 409 935 416 ’
1015 417 1068 464 s.
1113 417 1347 462 mouet
1387 415 1715 466 nomm-ns
1757 414 2068 458 oruscunx
2105 413 2110 420 ·

538 548 738 610 corpus
764 533 937 608 ipsius
960 530 1081 601 Dei,
1111 532 1256 592 sicut
1284 539 1469 606 partes
1496 531 1742 606 corporis
1779 535 2080 602 assumptae
2105 529 2178 585 ab
2213 529 2399 585 anima
2422 536 2564 586 sunt

539 621 945 696 quodammodo
978 621 1153 695 ipsius
1197 621 1401 678 animae
1440 620 1703 678 membra.
1751 619 1851 676 Est
1895 625 2082 676 tamen
2132 617 2190 672 in
2217 615 2322 673 hoc
2365 616 2562 691 aliqua

540 709 850 767 differentia
890 709 1243 772 attendenda.
1272 709 1419 767 Nam
1468 709 1652 766 anima
1690 708 1821 765 licet
1856 707 1929 764 sit
1973 704 2267 780 perfectior
2299 720 2556 777 corpore,

542 805 861 855 nontamen
888 803 1063 856 totam
1103 798 1499 873 perfectionem
1525 799 1582 854 in
1611 814 1671 854 se
1707 796 1955 872 possidet
1996 795 2252 852 humanae
2293 801 2558 851 naturae:

542 885 687 944 unde
705 901 907 961 corpus
933 887 1015 944 sic
1042 887 1095 944 ei
1123 887 1367 954 advenit,
1396 895 1459 943 ut
1489 903 1557 943 ex
1585 901 1812 960 corpore
1839 892 1897 941 et
1930 883 2113 940 anima
2140 898 2250 938 una
2273 881 2563 954 complea-

546 982 633 1032 tur
658 973 897 1033 humana
934 983 1151 1044 natura,
1179 977 1339 1049 cujus
1364 975 1618 1050 quaedam
1647 982 1833 1047 partes
1859 981 1988 1030 sunt
2017 973 2201 1028 anima
2225 977 2283 1028 et
2310 985 2514 1042 corpus
2541 988 2558 1025 ε

544 1060 643 1117 sed
668 1062 815 1118 Deus
843 1062 921 1118 ita
948 1067 1035 1118 est
1070 1062 1128 1118 in
1169 1070 1367 1120 natura
1409 1076 1510 1119 sua
1540 1061 1832 1135 perfectae,
1868 1068 1929 1116 ut
1971 1058 2298 1132 plenitudini
2340 1063 2562 1114 naturae

544 1149 719 1222 ipsius
758 1149 892 1206 nihil
930 1150 1095 1223 adjici
1121 1151 1490 1225 possit,'unde
1529 1165 1658 1208 cum
1679 1156 1877 1207 natura
1904 1146 2092 1204 divina
2135 1162 2241 1202 non
2270 1151 2451 1219 potest
2477 1145 2562 1201 sic

546 1237 689 1293 uniri
718 1237 891 1296 altera
915 1245 1130 1307 natura,
1165 1246 1227 1295 ut
1254 1256 1322 1297 ex
1348 1248 1585 1314 utraque
1621 1253 1731 1296 una
1771 1237 2144 1294 constituatur
2171 1243 2370 1292 natura
2397 1249 2561 1290 com-

548 1328 747 1394 munis,
776 1329 857 1384 sic
878 1329 1024 1385 enim
1047 1335 1246 1387 natura
1264 1329 1454 1386 divina
1484 1344 1611 1402 pars
1633 1334 1780 1384 esset
1807 1326 1954 1382 illius
1985 1331 2201 1384 naturae
2223 1323 2554 1389 communis,

550 1416 697 1491 quod
724 1424 996 1490 repugnat
1020 1417 1344 1493 perfectioni
1374 1419 1579 1476 divinae
1621 1424 1835 1474 naturae
1865 1433 1878 1472 ε
1907 1433 2033 1472 nam
2058 1415 2237 1494 omnis
2278 1429 2406 1488 pars
2448 1412 2563 1468 im-

553 1502 794 1576 perfecta
845 1511 949 1561 est.
1002 1506 1150 1560 Deus
1198 1520 1328 1578 ergo
1373 1503 1476 1561 Dei
1533 1503 1776 1564 Verbum
1821 1503 1904 1560 sic
1952 1503 2243 1560 humanam
2299 1506 2564 1556 naturam

556 1591 871 1665 assumpsit,
902 1609 1027 1667 quae
1050 1609 1115 1649 ex
1144 1593 1324 1650 anima
1352 1599 1571 1650 constat
1593 1601 1650 1650 et
1677 1607 1924 1666 corpore,
1954 1600 2017 1649 ut
2042 1599 2216 1648 tamen
2245 1604 2348 1645 nec
2375 1588 2566 1644 altera

560 1678 818 1738 transiret
844 1682 902 1738 in
934 1681 1185 1750 alteram,
1218 1698 1319 1738 nec
1358 1698 1425 1738 ex
1451 1681 1666 1739 duabus
1703 1697 1810 1738 una
1847 1688 2044 1738 natura
2078 1677 2426 1743 conflaretur,
2461 1676 2566 1732 sed

557 1774 682 1842 post
710 1769 964 1826 unionem
988 1770 1114 1828 duae
1136 1779 1350 1828 naturae
1370 1770 1650 1828 distinctae
1667 1775 2014 1826 remanerent
2036 1775 2303 1840 quantum
2327 1764 2398 1821 ad
2426 1779 2568 1837 pro-

555 1856 820 1932 prietates
847 1866 1189 1917 naturarum.
1209 1860 1307 1916 Est
1330 1866 1514 1916 autem
1539 1873 1728 1916 rursus
1748 1856 2226 1921 considerandum,
2257 1853 2404 1928 quod
2427 1867 2566 1908 cum

555 1945 859 2019 spiritualis
906 1955 1103 2005 natura
1156 1964 1435 2022 corporeae
1485 1949 1707 2005 uniatur
1751 1963 1850 2022 per
1891 1945 2232 2020 spiritualem
2276 1942 2562 2008 virtutem,

558 2042 763 2107 quanto
788 2035 951 2094 fuerit
975 2039 1150 2110 major
1184 2037 1357 2093 virtus
1384 2036 1686 2110 spiritualis
1715 2041 1947 2102 naturae,
1979 2039 2134 2091 tanto
2173 2032 2468 2106 perfectius
2507 2036 2568 2087 et

558 2123 770 2180 firmius
804 2124 907 2182 sibi
957 2132 1209 2182 naturam
1237 2125 1551 2182 inferiorem
1596 2123 1846 2182 assumit.
1876 2123 1974 2180 Est
2019 2127 2208 2178 autem
2238 2121 2413 2176 virtus
2461 2120 2567 2176 Dei
2615 2151 2622 2158 ·

558 2211 791 2282 infinita,
818 2212 909 2270 cui
946 2213 1123 2268 omnis
1164 2221 1417 2270 creatura
1446 2213 1758 2286 subjicitur,
1784 2218 1841 2268 et
1880 2225 2212 2285 unaquaque
2249 2208 2424 2264 utitur
2461 2223 2568 2280 pro

560 2314 663 2356 suo
689 2299 918 2356 arbitrio
945 2314 960 2354 ε
984 2313 1090 2354 non
1111 2306 1294 2356 autern
1322 2300 1403 2356 eis
1428 2304 1693 2369 uteretur,
1725 2299 1830 2357 nisi
1855 2298 2040 2372 aliquo
2063 2297 2225 2354 modo
2253 2310 2351 2370 per
2373 2293 2569 2353 effica-

561 2385 707 2442 ciam
746 2401 862 2442 suae
900 2386 1123 2443 virtutis
1160 2388 1409 2444 uniretur
1445 2389 1546 2446 eis.
1575 2389 1752 2445 Tanto
1793 2394 1976 2446 autem
2005 2386 2170 2445 alicui
2197 2393 2409 2442 naturae
2431 2399 2570 2458 per-

560 2473 761 2532 fectius
782 2474 991 2541 unitur,
1023 2483 1231 2548 quanto
1260 2476 1315 2532 in
1353 2491 1419 2533 eo
1455 2476 1634 2549 magis
1659 2492 1818 2535 suam
1839 2477 2100 2534 virtutem
2137 2479 2376 2532 exercet.
2417 2475 2570 2531 Inter

565 2575 754 2618 omnes
766 2560 1045 2635 siquidem
1054 2571 1337 2622 creaturas
1358 2565 1619 2623 virtutem
1641 2581 1798 2624 suam
1821 2572 2038 2623 exercet
2061 2571 2328 2638 quantum
2350 2562 2419 2620 ad
2435 2561 2567 2631 boc,

566 2650 715 2724 quod
744 2650 995 2708 omnibus
1019 2667 1139 2710 esse
1168 2652 1415 2726 largitur,
1445 2661 1502 2710 et
1524 2654 1593 2711 ad
1616 2656 1866 2729 proprias
1899 2655 2243 2728 operationes
2275 2658 2480 2720 movet,
2511 2659 2572 2710 et

564 2739 865 2798 secundum
904 2740 1008 2798 hoc
1030 2742 1269 2816 quodam
1306 2744 1584 2800 communi
1612 2743 1774 2801 modo
1807 2743 1864 2799 in
1897 2743 2148 2798 omnibus
2178 2741 2340 2797 rebus
2363 2740 2574 2797 dicitur

566 2842 709 2884 esse.
748 2827 855 2886 Sed
900 2819 1209 2903 specialiori
1247 2831 1486 2906 quodam
1530 2831 1692 2888 modo
1735 2831 1990 2888 virtutem
2039 2845 2197 2886 suam
2241 2836 2458 2889 exercet
2514 2830 2575 2887 in

572 2918 849 2974 mentibus
868 2919 1095 2986 sanctis,
1138 2936 1277 2995 quas
1315 2935 1422 2978 non
1463 2921 1640 2980 solum
1665 2921 1722 2976 in
1748 2936 1868 2978 esse
1893 2925 2201 2989 conservat,
2237 2927 2294 2975 et
2325 2917 2396 2974 ad
2428 2933 2576 2992 ope-

572 3005 805 3063 randum
841 3015 1025 3066 movet
1050 3007 1196 3066 sicut
1222 3010 1361 3068 alias
1394 3011 1696 3080 creaturae,
1737 3008 1833 3066 sed
1871 3010 2038 3065 etiam
2067 3023 2162 3064 eas
2196 3007 2468 3064 convertit
2499 3007 2576 3065 ad
2635 3005 2646 3016 '

572 3106 635 3147 se
658 3097 1095 3166 cognoscendum
1130 3102 1191 3153 et
1218 3097 1511 3154 amandum
1543 3114 1557 3153 ε
1589 3097 1733 3154 unde
1775 3097 1942 3154 etiam
1969 3097 2050 3152 sic
2087 3095 2141 3152 iu
2164 3093 2369 3152 sanctis
2407 3109 2578 3152 men-

572 3179 719 3236 tibus
744 3182 1057 3254 specialiter
1093 3184 1296 3242 dicitur
1324 3185 1594 3253 habitare,
1637 3193 1696 3242 et
1739 3192 1951 3244 mentes
1989 3191 2195 3241 sanctae
2240 3184 2352 3240 Deo
2389 3183 2578 3256 plenae

572 3282 693 3326 esse
733 3266 1016 3330 dicuntur.
1044 3272 1187 3342 Quia
1225 3289 1353 3346 ergo
1381 3274 1679 3331 secundum
1709 3275 2072 3348 quantitatem
2115 3273 2353 3342 virtum,
2398 3289 2580 3344 quam

570 3356 721 3414 Deus
746 3366 964 3416 exercet
981 3359 1035 3416 in
1064 3367 1373 3419 creaturam
1398 3363 1574 3436 magis
1601 3370 1656 3420 et
1681 3363 1860 3422 minus
1882 3363 2082 3420 dicitur
2107 3368 2373 3420 creaturae
2401 3363 2578 3430 uniri,

573 3451 726 3516 patet
754 3445 901 3519 quod
924 3461 1052 3514 cum
1078 3446 1320 3507 efficacia
1348 3449 1550 3508 divinae
1583 3451 1806 3510 virtutis
1839 3451 2075 3508 humano
2103 3450 2384 3508 intellectu
2411 3464 2582 3506 com-

574 3530 836 3606 prehendi
860 3550 966 3592 non
989 3536 1187 3611 possit,
1214 3537 1516 3596 sublimiori
1541 3540 1712 3604 ,modo
1753 3541 1899 3596 Deus
1924 3546 2108 3614 potest
2131 3545 2403 3596 creaturae
2425 3537 2583 3595 uniri

574 3637 741 3696 quam
766 3623 1076 3682 intellectus
1096 3624 1366 3685 humanus
1386 3644 1584 3704 capere
1610 3626 1804 3703 possit.
1821 3629 2078 3699 Quodam
2104 3643 2234 3700 orgo
2255 3627 2590 3699 incompre-

573 3714 826 3774 bensibili
854 3724 911 3773 et
946 3715 1204 3773 ineffabili
1241 3722 1403 3775 modo
1429 3719 1663 3776 dicimus
1701 3721 1878 3776 Deum
1920 3719 2134 3775 unitum
2169 3731 2292 3774 esse
2320 3717 2590 3776 humanae

575 3814 790 3866 naturae
817 3805 873 3862 in
906 3804 1123 3864 Christo
1160 3821 1271 3863 non
1310 3806 1486 3864 solum
1528 3824 1626 3880 per
1664 3806 2138 3874 inhabitationem,
2161 3805 2306 3862 sicut
2345 3805 2404 3861 in
2446 3805 2591 3864 aliis

575 3895 804 3965 sanctis,
822 3896 921 3954 sed
948 3895 1186 3969 quodam
1202 3895 1365 3952 modo
1386 3895 1669 3968 singulari,
1688 3897 1766 3953 ita
1786 3896 1930 3970 quod
1958 3895 2196 3954 humana
2213 3899 2412 3952 natura
2425 3903 2594 3954 esset

580 3985 835 4058 quaedam
854 3985 977 4044 Filii
1002 3984 1104 4046 Dei
1133 3993 1347 4052 natura,
1369 3991 1435 4042 ut
1461 3983 1629 4043 Filius
1655 3985 1753 4042 Dei
1775 3985 1867 4057 qui
1892 3983 1964 4043 ab
1984 3987 2190 4042 aeterno
2215 3981 2380 4040 habet
2405 3990 2594 4040 natu-

2571 4296 2801 4472 12
