2850 4517
865 370 910 411 1.
942 386 1023 397 —
1051 370 1453 413 comesummu
1508 370 1869 414 'rnnoLomAE
2256 358 2372 423 185

355 496 544 554 tasse,
587 485 918 559 quandoque
959 490 1142 541 autern
1189 485 1336 557 quod
1373 484 1491 557 ipse
1537 486 1759 558 propria
1803 485 2007 543 virtute
2049 494 2365 559 resurrexit,

356 577 508 653 quod
551 592 658 632 non
703 580 787 630 est
811 574 1149 631 contrarium
1173 590 1298 630 cum
1327 573 1521 629 eadem
1562 574 1636 629 sit
1681 573 1867 630 divina
1908 573 2084 631 virtus
2114 580 2283 649 patris
2314 588 2369 636 et

355 666 539 723 filii.et
565 662 802 735 Spiritus
841 662 1028 718 Sancti
1061 678 1075 715 ε
1107 667 1164 719 et
1192 661 1359 716 etiam
1399 668 1463 716 ut
1508 660 1889 719 ostenderetur
1918 663 2063 735 quod
2094 668 2370 737 reparatio

350 755 490 811 'vitae
511 768 620 808 non
645 750 750 807 fuit
777 750 920 806 facta
949 749 1124 823 prima
1152 748 1240 804 die
1279 746 1486 814 saeculi,
1514 749 1570 805 id
1600 756 1683 806 est
1706 749 1809 805 sub
1834 750 1953 823 lege
1983 753 2238 821 naturali,
2269 772 2369 813 nec

356 841 600 899 secunda
617 840 727 905 die,
751 840 806 894 id
831 845 916 894 est
939 837 1177 909 sublege
1196 852 1477 911 mosayca,
1501 837 1597 893 sed
1624 837 1789 894 tertia
1817 838 1906 894 die
1925 839 1981 894 id
2012 846 2097 897 est
2123 848 2367 919 tempore

359 932 574 1003 grati'ae.
608 927 788 984 Habet
813 928 982 983 etiam
1007 926 1303 993 rationem,
1335 926 1469 999 quia
1496 925 1745 983 Christus
1786 943 1895 983 una
1928 928 2019 984 die
2048 930 2279 1003 integra,
2314 940 2369 989 et

358 1019 574 1077 duabus
619 1016 870 1073 noctibus
917 1015 1145 1087 integris
1171 1016 1348 1086 jacuit
1405 1015 1461 1070 in
1497 1015 1764 1089 sepulcro,
1808 1017 1939 1089 quia'
1976 1018 2225 1075 Christus
2262 1038 2369 1077 una

357 1114 636 1165 vetustate
677 1120 844 1179 quam
880 1104 1139 1176 suscepit,
1173 1102 1384 1159 scilicet
1419 1113 1615 1175 p‘oenae‚
1647 1104 1785 1162 duas
1813 1114 2032 1163 nostras
2064 1116 2369 1165 vetustates

359 1195 716 1268 consumpsit
747 1192 958 1295 scilicet
979 1190 1168 1265 culpae
1184 1198 1240 1248 et
1266 1208 1463 1307 prenae,
1496 1208 1621 1266 quae
1648 1210 1743 1267 per
1766 1194 1907 1295 duas
1944 1202 2132 1253 noctes
2155 1198 2369 1269 signifi-

358 1292 575 1344 cantur.

913 1469 922 1475 ·
969 1421 1255 1522 CAPUT
1301 1454 1756 1521 ccxxxvn.

809 1596 904 1659 De
925 1595 1233 1695 qualitate-
1257 1594 1494 1660 Ckristi
1519 1599 1911 1677 resumatis.

430 1729 758 1789 Non‘solum
805 1734 991 1783 autem
1029 1726 1278 1783 Christus
1325 1730 1670 1800 recuperavit
1712 1728 1949 1786 humano
1988 1734 2172 1803 generi
2220 1732 2367 1805 quod

355 1822 538 1879 Adam
567 1816 840 1891 peccando
863 1816 1144 1884 amiserat,
1167 1816 1264 1873 sed
1291 1817 1460 1873 etiam
1483 1817 1606 1885 hoc,
1628 1817 1697 1874 ad
1718 1819 1864 1891 quod
1888 1820 2063 1875 Adam
2090 1822 2367 1893 peccando

355 1910 646 1973 amiserat,
675 1905 770 1962 sed
799 1906 964 1963 etiam
1003 1904 1127 1973 hoc,
1160 1910 1218 1961 at
1260 1906 1405 1977 quod
1436 1905 1610 1961 Adam
1656 1906 1915 1961 merendo
1956 1909 2238 1978 pervenire
2263 1924 2367 1980 po-

360 1998 582 2055 tuisset.
629 1994 798 2051 Multo
842 1995 984 2050 enim
1021 1995 1198 2067 maj0r
1234 1992 1338 2051 suit
1381 1992 1581 2049 Christi
1632 1992 1875 2049 efficacia
1914 1994 1982 2051 ad
2024 1996 2366 2061 merendum,

357 2102 528 2161 quam
556 2084 790 2142 hominis
819 2091 944 2139 ante
969 2089 1279 2157 peccatum.
1308 2081 1545 2137 Incurrit
1578 2081 1851 2153 siquidem
1878 2081 2053 2137 Adam
2090 2084 2367 2154 peccando

358 2176 746 2233 necessitatem
774 2172 1059 2239 moriendi,
1089 2171 1288 2228 amissa
1327 2169 1590 2227 facultate
1618 2164 1725 2241 qua
1752 2168 1887 2224 mori
1918 2183 2023 2226 non
2059 2178 2292 2242 poterat,
2320 2173 2367 2227 si

359 2280 468 2320 non
502 2268 776 2336 peccaret.
815 2260 1064 2317 Christus
1107 2265 1292 2315 autem
1320 2274 1430 2315 non
1458 2258 1635 2315 solum
1676 2259 2059 2315 necessitatem
2102 2254 2369 2316 moriendi

357 2353 606 2418 exclusit,
641 2350 738 2407 sed
776 2350 944 2407 etiam
979 2347 1362 2407 necessitatem
1393 2362 1505 2405 non
1542 2347 1805 2427 moriendi
1846 2348 2183 2421 acquisivit:
2228 2349 2369 2406 unde

356 2455 558 2512 corpus
601 2436 803 2495 Christi
853 2442 976 2508 post
1021 2436 1478 2493 resurrectionem
1528 2436 1737 2493 factum
1792 2442 1877 2492 est
1922 2437 2259 2511 impassibile
2313 2446 2369 2495 et

357 2526 688 2593 immortale,
715 2542 824 2581 non
853 2525 1076 2598 quidem
1100 2526 1244 2581 sicut
1270 2525 1432 2598 primi
1466 2524 1702 2581 hominis
1732 2532 1923 2597 potens
1953 2542 2060 2583 non
2087 2529 2245 2595 mori,
2272 2528 2371 2586 sed

355 2618 582 2675 omnino
607 2630 714 2671 non
745 2622 938 2687 potens
967 2614 1124 2681 mori,
1157 2614 1289 2687 quia
1314 2614 1372 2669 in
1399 2612 1645 2670 futurum
1674 2614 1743 2670 de
1768 2614 1922 2670 nobis
1952 2616 2371 2689 ipsisexpecta-

353 2721 504 2763 muS.
530 2704 602 2758 Et
628 2704 758 2775 quia
781 2703 964 2759 ani-ma
988 2701 1187 2759 Christi
1219 2709 1347 2759 ante
1375 2708 1608 2757 mortem
1635 2702 1907 2774 passibilis
1935 2710 2053 2758 erat
2070 2706 2371 2763 secundum

350 2794 676 2869 passionem
696 2792 956 2863 corporis,
983 2806 1325 2863 consequen-s
1362 2795 1449 2845 est
1486 2796 1546 2845 ut
1584 2805 1811 2861 corpore
1844 2789 2166 2863 impassibili
2199 2792 2365 2859 facto,

351 2883 532 2939 etiam
562 2880 744 2937 anima
776 2880 1124 2952 impassibilis
1163 2878 1505 2934 redderetur.
1536 2877 1605 2931 Et
1633 2876 1763 2948 quia
1784 2878 1899 2947 jam
1938 2878 2220 2950 impletum
2240 2886 2371 2937 ,erat

351 2971 616 3027 humanae
635 2967 1024 3041 redemptionis
1048 2965 1390 3041 mysterium,
1423 2970 1647 3037 propter
1671 2964 1817 3036 quod
1841 2964 2210 3037 dispensative
2233 2982 2369 3023 con-

354 3058 642 3116 tinebatur
682 3055 956 3113 fruitionis
1001 3055 1176 3127 gloria
1222 3056 1276 3109 in
1323 3052 1590 3125 superiori
1638 3054 1836 3110 animae
1878 3061 2052 3126 parte,
2103 3072 2173 3112 ne
2212 3056 2370 3113 fieret

353 3146 726 3203 redundantia
750 3145 817 3201 ad
850 3144 1136 3201 inferiores
1159 3149 1368 3215 parteS,
1396 3150 1453 3199 et
1476 3142 1546 3199 ad
1571 3142 1750 3215 ipsum
1774 3158 1987 3215 corpus
2017 3144 2112 3200 sed
2140 3147 2370 3217 permit·-

351 3242 571 3292 teret'ur
598 3232 1028 3306 unumquodque
1053 3240 1148 3289 aut
1172 3248 1334 3304 agere
1358 3240 1455 3288 aut
1480 3232 1761 3305 patiquod
1792 3232 1897 3289 sibi
1924 3233 2204 3306 proprium
2228 3243 2365 3305 erat,

347 3339 704 3396 consequens
725 3322 830 3376 suit
856 3330 914 3377 ut
933 3322 1052 3393 jam
1071 3337 1167 3393 per
1188 3320 1611 3378 redundantiam
1628 3320 1818 3395 gloriae
1833 3336 1865 3376 a
1884 3322 2149 3393 superiori
2174 3325 2371 3391 animae

347 3421 518 3489 parte
541 3411 786 3467 totaliter
809 3426 1010 3483 corpus
1025 3408 1441 3481 glorificaretur,
1470 3415 1527 3466 et
1549 3408 1835 3466 inferiores
1862 3410 2026 3478 vires,
2058 3423 2113 3467 et
2138 3413 2263 3469 inde
2286 3422 2371 3470 est

348 3503 490 3579 quia
523 3506 653 3557 ante
675 3500 988 3573 passionem
1011 3498 1260 3556 Christus
1287 3505 1434 3556 esset
1462 3499 1883 3601 comprehensor
1907 3506 2127 3573 propter
2152 3501 2372 3559 fruitio-

349 3608 486 3650 nem
515 3590 734 3659 animae,
771 3598 828 3645 et
866 3587 1046 3646 viator
1079 3594 1303 3662 propter
1349 3590 1595 3661 corporis
1634 3564 2070 3662 passibilitatem,
2095 3591 2215 3663 jam
2250 3598 2373 3665 post

347 3678 818 3745 resurrectionem
846 3678 1026 3739 viator
1054 3694 1162 3735 non
1189 3677 1314 3746 fuit,
1337 3678 1439 3735 sed
1469 3678 1644 3736 solum
1672 3679 2113 3751 comprehensor.

1227 3847 1512 3873 ...α-ὢ
