2850 4517
504 321 624 380 380
981 339 1031 378 s,
1078 334 1309 377 'monas
1352 333 1687 382 Aonium-is·
1719 332 2031 375 opuscum

892 450 1081 506 Noctis
1111 448 1369 506 recolitur
1393 463 1553 504 coena
1583 445 1900 512 novissima,

823 539 939 608 Qua
966 538 1216 594 Christus
1243 537 1486 594 creditur
1517 551 1714 607 agnum
1741 541 1797 590 ot
1825 549 2021 608 azyma

822 628 1050 684 Dedisse
1080 625 1360 693 fratribuS,
1381 626 1542 698 juxta
1572 623 1818 695 legitima

759 695 774 716 ⁴
964 715 1164 772 Priscis
1190 713 1398 770 indulta
1431 711 1694 786 patribus.

892 805 1021 859 Post
1044 818 1245 874 agnum
1269 803 1533 874 typicum,
1564 798 1796 872 expletis
1825 797 2016 869 epuli3‚

822 893 1031 963 Corpus
1051 891 1395 946 Dominicum
1424 889 1615 944 datum
1644 886 1944 962 discipuliS‚

822 980 912 1037 Sic
937 986 1112 1036 totum
1132 978 1408 1043 omnibuS‚
1437 977 1584 1050 quod
1614 983 1791 1032 totum
1819 975 2068 1047 singuii8‚

971 1068 1100 1139 Ejus
1124 1067 1361 1123 fatemur
1389 1065 1660 1121 manibus·
1928 1059 1934 1064 ’

898 1156 1059 1212 Dedit
1084 1154 1363 1226 fragilibus
1392 1153 1637 1226 corporis
1659 1153 1945 1220 ferculum,

828 1245 990 1301 Dedit
1018 1250 1073 1298 et
1098 1243 1348 1299 tristibus
1370 1242 1652 1314 sanguinis
1681 1240 1956 1315 poculum,

827 1334 1024 1390 Dicens
1051 1350 1066 1387 z
1098 1333 1344 1404 Accipite
1369 1331 1518 1402 quod
1543 1331 1701 1388 trado
1729 1329 2032 1395 vascuium,

976 1420 1179 1476 Omnes
1203 1436 1271 1474 ex
1300 1433 1363 1474 eo
1388 1418 1580 1474 bibite.

898 1509 989 1565 Sic
1011 1508 1340 1565 sacrificium
1374 1507 1519 1562 istud
1548 1506 1804 1572 instituit,

831 1597 996 1670 Cujus
1025 1597 1263 1652 officium
1293 1595 1564 1651 committi
1594 1593 1769 1649 voluit

828 1684 969 1742 Solis
1000 1683 1353 1758 presbyteris,
1388 1683 1586 1756 quibus
1609 1683 1688 1738 sic
1713 1682 1966 1753 congruit

886 1785 893 1790 ’
974 1773 1045 1830 Ut
1068 1781 1311 1840 sumant,
1335 1779 1391 1828 et
1412 1771 1544 1827 dent
1568 1771 1806 1827 coeteris.

902 1864 1063 1919 Panis
1092 1863 1373 1934 angelicus
1402 1863 1462 1919 fit
1489 1863 1644 1934 panis
1673 1863 1948 1918 hominum
1983 1880 1998 1918 ε

832 1955 937 2010 Dat
964 1955 1122 2026 panis
1144 1954 1369 2010 coelicus
1399 1953 1588 2024 figuris
1616 1953 1909 2026 terminum
1935 1968 1949 2005 ε

833 2043 879 2098 Ο
904 2059 992 2098 res
1018 2041 1308 2099 mirabilis!
1346 2041 1638 2097 manducat
1668 2041 1956 2096 Dominum

975 2132 1203 2202 Pauper,
1230 2146 1441 2195 servuS,
1472 2136 1528 2185 et
1551 2127 1792 2184 humilis.

904 2219 999 2284 Te,
1029 2219 1171 2274 trina
1196 2220 1383 2274 Deitas
1407 2233 1648 2291 unaque,
1677 2215 1969 2288 poscimus»,

834 2306 927 2362 Sic
951 2322 1047 2360 nos
1078 2312 1135 2360 tu
1160 2307 1344 2376 visita,
1373 2305 1518 2370 sicut
1549 2313 1604 2362 te
1632 2305 1862 2361 colimus
1889 2300 1905 2360 ⁴:

837 2394 936 2449 Per
965 2401 1085 2449 tuas
1114 2396 1340 2450 semitas
1364 2396 1475 2450 due
1504 2410 1604 2451 nos
1631 2409 1741 2466 quo
1767 2394 2061 2460 tendimu3‚

980 2481 1061 2536 Ad
1089 2481 1264 2538 iucem
1288 2499 1454 2556 quam
1481 2482 1773 2538 inhabitas,
1801 2486 1995 2537 Amen.

594 2591 663 2647 In
710 2590 885 2665 primo
932 2599 1213 2658 nocturno,
1241 2592 1473 2664 Antiph.
1511 2593 1772 2650 Fructum
1807 2587 2149 2650 salutiferum
2194 2592 2528 2664 gustandum

524 2680 677 2736 dedit
704 2681 964 2736 Dominus
995 2680 1186 2737 mortis
1209 2696 1324 2737 suae
1351 2687 1614 2753 tempore.

594 2769 741 2826 Psul.
770 2771 971 2826 Beatus
1001 2769 1104 2825 vir.

595 2856 825 2929 Antiph.
854 2861 900 2913 A
928 2857 1108 2913 fructu
1149 2857 1429 2926 frumenti,
1458 2864 1514 2915 et
1542 2858 1655 2916 vini
1683 2857 2050 2931 multiplicati,
2073 2855 2262 2914 fideles
2305 2856 2363 2911 in
2393 2871 2529 2928 pace

527 2943 728 2999 Christi
759 2943 1126 3016 requiescunt.

594 3029 791 3086 Psalm.
823 3033 957 3088 Cum
986 3033 1319 3088 invocarem.

598 3118 826 3196 Antip't.
854 3120 1243 3176 communione
1271 3118 1480 3188 caliciS,
1511 3134 1620 3193 quo
1649 3121 1795 3177 Deus
1823 3119 1940 3194 ipse
1962 3120 2216 3190 sumitur,
2244 3134 2354 3176 non
2378 3119 2530 3179 vitu-

452 3269 463 3288 ο
531 3204 708 3260 lorum
734 3211 994 3277 sanguine
1017 3210 1371 3281 congregavit
1397 3225 1496 3266 nos
1522 3210 1805 3266 Dominus·

600 3294 748 3349 Psul.
776 3295 1067 3354 Conserva.
2827 3345 2829 3384 ἦ

610 3381 758 3438 Vei-s.
792 3384 989 3440 Panem
1012 3386 1137 3442 coeli
1158 3387 1310 3443 dedit
1334 3385 1436 3442 eis,
2828 3387 2829 3390 ’

601 3472 754 3542 Resp.
784 3473 983 3528 Panem
1009 3473 1339 3544 Angelorum
1370 3473 1721 3532 manducavit
1745 3473 1928 3532 homo.
2827 3401 2830 3602 1

1318 3657 1629 3726 LECTIO
1677 3659 1733 3725 Ι.

601 3803 870 3858 Immensa
896 3801 1096 3858 divinae
1120 3801 1391 3874 largitatis
1420 3804 1685 3860 beneficia
1724 3801 1966 3860 exhibita
1991 3802 2190 3877 populo
2223 3798 2550 3858 Christiano

532 3888 967 3946 inaestimebilem
996 3892 1046 3947 ei
1069 3891 1357 3948 conferunt
1394 3891 1741 3962 dignitatem.
1769 3893 1963 3966 Neque
1987 3891 2132 3949 enim
2157 3900 2262 3959 est,
2294 3898 2390 3947 aut
2430 3888 2556 3945 suit

2401 4429 2688 4449 ψ
2795 4167 2826 4450 i
