2850 4517
556 398 673 465 138
1032 412 1085 479 s,
1128 410 1378 458 ‘momn-
1402 409 1730 475 Acamans
1769 409 2080 470 croscum

1322 612 1608 683 CAPUT
1658 613 1786 687 CC.

550 791 563 800 -
626 754 805 832 Quod
816 772 931 835 per
958 755 1153 818 solnm
1176 754 1392 831 Deum,
1424 760 1482 817 et
1497 772 1608 833 per
1633 755 2020 859 incarnatum
2048 750 2252 853 debuit
2277 711 2507 815 natnra

1404 859 1706 923 reparari.

625 979 920 1035 Ostensum
948 987 1029 1034 est
1051 982 1236 1033 autem
1264 976 1411 1050 quod
1443 992 1618 1051 neque
1641 992 1739 1049 per
1765 976 1960 1044 Adam,
1995 991 2174 1049 neque
2199 991 2298 1048 per
2325 976 2570 1049 aliquem

556 1066 725 1123 alium
751 1066 1247 1137 hominempurum
1270 1069 1490 1137 poterat
1526 1063 1788 1135 reparari,
1831 1069 1947 1119 tum
1979 1064 2110 1136 quia
2149 1062 2330 1118 nullus
2367 1064 2566 1135 singu-

555 1154 687 1213 laris
710 1154 873 1211 homo
896 1154 1288 1228 praeeminebat
1318 1153 1417 1209 toti
1451 1161 1681 1219 naturae,
1699 1159 1816 1208 tum
1843 1153 1974 1225 quia
2001 1151 2182 1207 nullus
2207 1166 2375 1223 purus
2400 1152 2566 1207 homo

548 1252 733 1319 potest
773 1258 892 1301 esse
934 1244 1129 1315 gratiae
1164 1257 1351 1300 causa.
1384 1241 1591 1298 Eadem
1616 1256 1746 1313 ergo
1788 1242 2002 1301 ratione
2045 1256 2147 1297 nec
2173 1256 2270 1313 per
2293 1240 2565 1311 Angelum

551 1334 734 1405 potuit
754 1331 994 1404 reparari
1029 1348 1041 1385 :
1071 1331 1199 1402 quia
1230 1345 1331 1387 nec
1367 1328 1610 1401 Angelus
1636 1334 1817 1400 potest
1845 1342 1968 1383 esse
2013 1328 2208 1399 gratiae
2249 1343 2434 1397 causa,
2466 1344 2569 1385 nec

552 1422 721 1477 etiam
744 1420 1031 1493 praemium
1056 1418 1293 1475 hominis
1321 1424 1588 1491 quantum
1613 1417 1682 1473 ad
1722 1415 1971 1477 ultimam
2001 1415 2400 1473 beatitudinem
2435 1432 2568 1488 per-

552 1508 773 1575 fectam,
806 1508 873 1565 ad
913 1522 1077 1580 quam
1118 1506 1408 1581 oportebat
1447 1506 1726 1563 hominem
1766 1506 2033 1572 revocari,
2065 1505 2196 1577 quia
2231 1505 2285 1559 in
2331 1512 2395 1560 'ea
2434 1513 2565 1563 sunt

554 1603 741 1671 partes
769 1595 1139 1669 :relinquitur
1176 1595 1345 1665 igitur
1374 1594 1521 1667 quod
1557 1609 1652 1666 per
1687 1593 1867 1649 solum
1894 1593 2068 1649 Deum
2121 1592 2248 1649 talis
2290 1594 2567 1665 reparatio

448 1677 458 1687 ’
558 1684 673 1740 fieri
700 1690 937 1756 poterat.
966 1683 1072 1739 Sed
1106 1684 1151 1737 si
1181 1683 1331 1758 Deus
1367 1682 1644 1739 bominem
1675 1680 1793 1737 sola
1821 1696 1922 1738 sua
1949 1680 2232 1737 voluntate
2259 1686 2315 1735 et
2360 1682 2567 1737 virtute

555 1778 885 1845 reparasset,
919 1788 1024 1827 non
1063 1778 1376 1827 servaretur
1403 1769 1604 1827 divinae
1625 1769 1860 1842 justitiae
1884 1768 2038 1840 ordo,
2071 1769 2369 1824 secundum
2397 1784 2567 1843 quam

556 1862 794 1933 exigitur
832 1860 1137 1919 satisfactio
1182 1875 1281 1933 pro
1322 1865 1570 1931 peccato.
1602 1859 1662 1914 In
1709 1859 1825 1913 Deo
1864 1864 2049 1915 autem
2099 1855 2404 1914 satisfactio
2453 1873 2561 1916 non

555 1952 723 2019 cadit,
757 1951 899 2007 sicut
937 1966 1039 2007 nec
1068 1950 1324 2005 meritum
1356 1966 1370 2004 ε
1402 1947 1507 2005 hoc
1531 1948 1677 2004 enim
1717 1953 1802 2003 est
1845 1946 1946 2003 sub
1988 1946 2096 2003 alio
2135 1946 2442 2003 existentis.
2469 1948 2564 2006 Sic

559 2041 725 2111 igitur
753 2056 931 2113 neque
970 2040 1085 2095 Deo
1124 2037 1472 2112 competebat
1505 2036 1824 2093 satisfacere
1860 2051 1962 2109 pro
2003 2043 2231 2111 peccato
2261 2037 2430 2092 totius
2463 2052 2567 2095 na·-

560 2138 699 2185 turae
722 2128 992 2195 humanae,
1028 2143 1127 2183 nec
1154 2144 1323 2201 purus
1350 2126 1512 2183 homo
1541 2132 1784 2199 poterat‚·
1806 2132 1868 2181 ut
1893 2132 2174 2182 ostensum
2211 2133 2316 2182 est.
2345 2126 2566 2183 Conve-

560 2219 715 2273 niens
741 2218 906 2289 igitur
940 2216 1042 2273 fuit
1070 2217 1245 2271 Deum
1282 2214 1559 2271 hominem
1587 2215 1726 2282 fieri,
1760 2223 1820 2271 ut
1849 2215 1928 2271 sic
1954 2232 2094 2273 unus
2122 2222 2177 2271 et
2215 2216 2358 2272 idem
2389 2224 2562 2285 esset,

558 2306 649 2378 qui
694 2314 750 2360 et
792 2320 1067 2376 reparare,
1100 2311 1155 2358 et
1202 2302 1519 2359 satisfacere
1555 2310 1742 2375 posset
1775 2300 1876 2360 :et
1913 2304 2054 2361 banc
2091 2320 2314 2361 causam
2357 2304 2568 2363 divinae

561 2394 953 2448 incarnationis
992 2392 1236 2464 assignat
1272 2396 1465 2466 Apost.
1497 2392 1686 2447 lTirn.
1717 2408 1734 2449 ι
1774 2410 1786 2448 :
1825 2392 2075 2451 Christus
2119 2394 2270 2453 Jews
2309 2394 2456 2452 venie
2509 2397 2570 2453 in

560 2481 700 2538 hunc
722 2480 975 2538 mundum
998 2487 1295 2554 peccatores
1322 2482 1493 2539 salvos
1514 2480 1712 2554 tacere.

1312 2654 1596 2723 CAPUT
1650 2654 1812 2723 CCI.

900 2796 995 2865 ‚De
1022 2794 1167 2859 aliis
1195 2796 1397 2859 causis
1423 2794 1868 2859 incarnationis
1893 2794 2056 2885 Filii
2080 2796 2218 2861 Dei.

629 2932 767 2987 Sunt
797 2936 977 2987 tamen
1005 2936 1061 2996 et
1108 2930 1230 2989 aliae
1272 2931 1514 2989 rationes
1549 2930 1944 2987 incarnationis
1981 2931 2201 2989 divinae.
2233 2932 2370 3003 Quia
2419 2935 2564 2991 enim

560 3020 723 3075 homo
761 3035 793 3077 a
822 3019 1558 3093 spiritualibus„recesserat,
1581 3025 1635 3077 et
1673 3026 1852 3076 totum
1893 3035 1954 3075 se
1999 3019 2161 3077 rebus
2193 3022 2567 3095 corporalibus

560 3109 805 3176 dederat,
852 3124 919 3165 ex
956 3108 1153 3181 quibus
1204 3110 1260 3167 in
1298 3110 1471 3165 Deum
1513 3125 1612 3183 per
1657 3109 1899 3183 seipsum
1945 3102 2125 3164 redire
2176 3124 2282 3170 non
2323 3118 2562 3183 poterat,

561 3195 747 3263 divina
784 3198 1070 3269 sapientia,
1103 3212 1228 3272 quae
1256 3198 1531 3257 hominem
1563 3198 1787 3269 fecerat,
1821 3214 1918 3270 per
1959 3206 2214 3255 naturam
2247 3214 2568 3272 corpoream

561 3291 897 3357 assumptam
932 3286 1206 3344 hominem
1252 3287 1308 3346 in
1337 3286 1714 3362 corporalibus
1747 3290 2028 3360 jacentem
2065 3288 2328 3357 visitavit,
2361 3295 2424 3344 ut
2469 3306 2566 3362 per

560 3374 643 3430 sui
691 3374 934 3447 corporis
977 3375 1241 3449 mysteria
1284 3392 1410 3433 eum
1446 3375 1514 3434 ad
1544 3376 1854 3449 spiritualia
1889 3384 2192 3435 revocaret.
2224 3376 2347 3433 Fuit
2394 3376 2564 3433 etiarn

559 3462 1185 3522 necessariumhumano
1214 3466 1418 3535 generi,
1453 3471 1514 3521 ut
1540 3466 1685 3522 Deus
1709 3464 1870 3523 bomo
1900 3466 2055 3525 fieret
2078 3467 2149 3524 ad
2175 3466 2569 3523 demonstran-

559 3552 689 3607 dum
716 3559 925 3609 naturae
953 3553 1203 3609 humanae
1225 3552 1570 3624 dignitatem,
1601 3562 1660 3611 ut
1695 3556 1776 3612 sic
1813 3556 1976 3614 homo
2011 3571 2186 3629 neque
2223 3555 2568 3629 daemonibus

544 3639 904 3708 subderetur,
932 3656 1109 3713 neque
1132 3640 1508 3713 corporalibus
1536 3643 1718 3700 rebus·
1740 3645 1912 3701 Simul
1945 3645 2112 3700 etiam
2133 3658 2234 3717 per
2259 3642 2385 3712 hoc,
2417 3646 2566 3718 quod

560 3730 702 3785 Deus
746 3728 907 3785 homo
954 3728 1071 3785 fieri
1114 3728 1305 3796 voluit,
1362 3731 1650 3789 manifeste
1703 3732 1942 3788 ostendit
1996 3732 2424 3789 immensitatem
2480 3734 2568 3791 sui

558 3817 762 3875 amoris
789 3818 857 3873 ad
882 3816 1148 3883 homineS‚
1180 3826 1241 3874 ut
1264 3832 1331 3875 ex
1360 3818 1463 3877 hoc
1483 3823 1598 3893 jam
1633 3821 1880 3877 homines
1911 3822 2025 3877 Deo
2059 3820 2428 3879 subderentur
2455 3838 2568 3879 non

564 3913 787 3977 propter
828 3914 1033 3975 metum
1076 3907 1289 3977 mortis,
1308 3926 1477 3983 quam
1519 3896 1726 3982 primus
1755 3910 1918 3968 homo
1943 3912 2292 3986 contempsit,
2325 3910 2426 3968 sed
2470 3928 2573 3985 per

562 3992 848 4050 charitatis
877 3994 1149 4051 affectum.
1179 3997 1353 4055 Datur
1377 3999 1543 4055 etiam
1573 4014 1668 4071 per
1696 3998 1800 4055 hoc
1825 3998 2030 4057 homini
2067 3998 2348 4074 quoddam
2374 4016 2572 4057 exem-
