2850 4517
462 334 584 400 280
945 349 999 394 s.
1042 345 1276 391 mcum
1306 342 1644 396 -noumms
1683 343 1994 392 croscum

466 470 619 527 ribus
644 464 925 541 prohibuit
954 462 1308 522 adulterium.
1332 461 1441 520 Sed
1469 459 1773 530 sciendum,
1802 461 1954 534 >quod
1982 460 2112 519 licet
2151 458 2327 536 aliqui
2355 478 2507 521 cre-

462 559 601 615 dant
624 554 953 613 adulterium
975 570 1095 611 esse
1113 561 1421 627 peccatum,
1448 557 1632 609 tamen
1663 566 1768 607 non
1795 550 2026 608 credunt
2051 551 2361 624 simplicem
2383 552 2506 608 for-

464 646 799 710 nicationem
820 638 941 700 ess'e
969 632 1257 715 peccatum
1280 639 1532 707 mortale,
1551 646 1744 696 contra
1771 652 1910 713 quos
1939 642 2131 711 Apost.
2155 638 2291 695 Heb.
2327 655 2450 697 xm
2481 656 2501 696 ε

468 734 853 792 Fornicatores
872 740 924 789 rt
950 731 1222 789 adulteros
1247 728 1514 801 judicabit
1545 728 1706 784 Deus.
1736 729 1761 785 1
1789 729 1914 786 Cor.
1942 745 2003 785 vl
2028 744 2042 783 ε
2063 728 2246 788 Nolite
2259 735 2502 795 errare,

468 838 630 895 neque
653 819 969 894 fornicarii,
995 834 1161 891 neque
1200 816 1454 885 adulteri,
1485 832 1651 889 neque
1679 816 1879 882 molles,
1917 833 2082 889 nequo
2121 816 2505 873 masculorum

468 910 829 968 concubitores
858 924 1081 980 reynum
1106 907 1207 963 Dei
1240 905 1619 980 possidebunt.-
1653 921 1683 962 a
1709 920 1876 978 regno
1900 915 2088 963 autem
2108 905 2211 962 Dei
2237 920 2351 962 uon
2382 922 2504 961 ex·
2609 954 2614 959 .

468 1000 709 1056 cluditur
742 998 943 1071 aliquis
980 996 1085 1053 nisi
1128 1012 1224 1069 per
1266 999 1554 1068 peccatum
1601 994 1852 1063 mortale,
1885 1010 2016 1067 ergo
2065 998 2152 1051 est
2193 1000 2500 1067 peccatum

474 1087 724 1144 mortale.
755 1086 862 1143 Sed
888 1085 1027 1141 forte
1053 1084 1204 1140 dices
1229 1084 1389 1140 :Non
1412 1088 1497 1140 cst
1525 1082 1667 1140 ratio
1693 1099 1868 1157 quare
1909 1084 1982 1141 sit
2010 1090 2298 1157 peccatum
2324 1098 2502 1139 mor-

471 1176 603 1244 tale,
634 1191 761 1233 cum
783 1166 891 1231 non
920 1173 1083 1229 detur
1118 1188 1319 1246 corpus
1344 1173 1550 1241 uxoris,
1577 1172 1722 1229 sicut
1757 1173 1813 1228 in
1844 1172 2135 1229 adulterio.
2162 1171 2296 1229 Dico
2351 1172 2497 1245 quia

471 1265 650 1323 sinon
677 1266 839 1321 detur
861 1278 1060 1335 corpus
1086 1262 1291 1330 uxoris,
1322 1260 1490 1319 datur
1525 1270 1708 1319 tamen
1735 1275 1934 1335 corpus
1959 1260 2164 1318 Christi
2197 1262 2345 1333 quod
2376 1261 2496 1316 sibi

470 1354 663 1411 datum
685 1354 791 1410 fuit
813 1359 870 1409 et
897 1360 1278 1410 consecratum
1312 1351 1370 1407 in
1394 1350 1690 1424 baptismo.
1721 1352 1778 1408 Si
1813 1366 1942 1423 ergo
1972 1349 2154 1405 nullus
2191 1349 2356 1406 debet
2396 1350 2498 1408 fa-

470 1458 599 1499 cere
626 1441 884 1512 injuriam
910 1440 1086 1507 uxori,
1112 1438 1283 1495 multo
1310 1440 1487 1511 magis
1509 1456 1612 1497 nec
1634 1439 1872 1500 Christo.
1901 1440 1926 1496 1
1949 1440 2076 1497 Cor.
2111 1454 2174 1495 v¹
2206 1454 2220 1493 ε
2247 1438 2496 1498 Nescitis

472 1529 726 1603 quoniam
746 1544 975 1601 corpora
994 1534 1177 1585 vestra
1190 1527 1431 1584 membra
1456 1536 1584 1585 sunt
1611 1528 1839 1586 Christi.
1872 1528 2074 1585 Tollens
2101 1543 2225 1601 erqo
2249 1528 2494 1585 membra

474 1617 705 1683 Christi,
728 1617 928 1689 faciam
949 1616 1185 1674 membra
1200 1615 1504 1674 meretricis
1517 1619 1547 1675 7
1563 1616 1740 1675 Absit.
1771 1616 1868 1673 Est
1892 1632 2020 1689 ergo
2047 1616 2276 1674 haeresis
2297 1616 2494 1675 dicero

473 1704 894 1763 fornicationem
944 1705 1249 1779 simplicem
1293 1720 1403 1761 non
1445 1720 1566 1761 esse
1615 1712 1902 1777 peccatum
1944 1705 2195 1762 mortale.
2238 1704 2308 1761 Et
2359 1706 2488 1761 ideo

477 1791 779 1864 sciendum,
811 1794 943 1869 quia
968 1795 1026 1852 in
1054 1795 1163 1851 isto
1188 1798 1486 1867 praeoepto,
1517 1793 1644 1853 Non
1659 1792 2017 1860 moechaberis,
2038 1793 2358 1867 prohibetur
2375 1810 2492 1853 non

474 1885 653 1943 solum
675 1884 1025 1953 adulterium,
1052 1881 1149 1941 sed
1176 1884 1357 1941 omnis
1380 1882 1619 1940 carnalis
1655 1883 1954 1956 corruptio,
1985 1889 2188 1955 praeter
2209 1900 2331 1942 eam
2361 1900 2490 1959 quae

474 1980 561 2031 est
587 1976 943 2045 matrimonii.
968 1973 1214 2031 Ulterius
1240 1978 1428 2032 autem
1465 1972 1768 2043 sciendum,
1799 1971 1928 2046 quia
1963 1971 2057 2029 alii
2098 1973 2292 2031 dicunt
2329 1988 2486 2031 com-

474 2064 789 2122 mistionem
807 2063 911 2120 viri
940 2070 997 2119 et
1022 2062 1209 2119 uxoris
1242 2077 1351 2118 non
1380 2076 1503 2119 esse
1525 2061 1643 2118 sine
1668 2068 1915 2135 peccato,
1944 2060 2090 2134 quod
2136 2068 2222 2118 est
2261 2060 2488 2119 baereti-

477 2168 625 2210 cum.
655 2157 851 2226 Apost.
881 2151 1020 2208 Heb.
1053 2167 1164 2209 xm
1198 2168 1211 2206 ε
1242 2150 1327 2207 Sit
1353 2150 1662 2207 honorabile
1707 2146 2026 2207 connubium
2051 2148 2114 2206 in
2148 2149 2407 2215 omnibus,
2432 2158 2488 2207 ct

478 2245 627 2297 torus
650 2241 1041 2298 immaculatus.
1074 2239 1225 2296 Talis
1250 2247 1436 2297 autem
1475 2240 1790 2312 conjunctio
1817 2238 2114 2313 aliquando
2161 2253 2271 2295 non
2313 2239 2486 2296 solum

479 2328 600 2384 sine
626 2334 854 2399 pecc-ato
878 2335 982 2393 est,
1014 2326 1111 2382 sed
1140 2326 1310 2383 etiam
1333 2334 1418 2383 est
1445 2327 1704 2385 meritum
1741 2328 1872 2384 vitae
1905 2332 2132 2385 aeternae
2157 2326 2486 2384 habentibus

478 2415 805 2471 charitatem
840 2413 1180 2486 :aliquando
1216 2421 1303 2471 est
1344 2429 1474 2470 cum
1510 2421 1738 2486 peccato
1775 2415 1994 2483 veniali,
2026 2416 2322 2490 aliquando
2363 2432 2485 2473 cum

477 2501 731 2559 mortali:
752 2500 983 2571 Quando
1008 2500 1154 2556 enim
1182 2507 1266 2557 est
1288 2516 1415 2557 cum
1444 2502 1749 2561 intentione
1770 2504 2123 2579 procreandae
2152 2504 2341 2577 prolis,
2357 2513 2484 2562 tunc

478 2596 567 2649 est
596 2605 731 2663 opus
754 2590 981 2647 virtutis
1016 2607 1029 2646 ε
1062 2590 1283 2663 quando
1306 2597 1493 2649 autem
1515 2608 1640 2649 cum
1681 2592 1985 2651 intentione
2029 2592 2293 2651 reddendi
2332 2594 2486 2651 debi-

479 2687 619 2746 tum,
648 2688 891 2736 tunc-est
919 2680 1087 2737 etiam
1114 2694 1253 2753 opus
1275 2681 1531 2755 justitiae.
1558 2680 1789 2750 Quando
1813 2688 2000 2739 autem
2027 2688 2112 2737 est
2139 2696 2308 2739 causa
2331 2699 2482 2739 exer-

480 2768 671 2825 cendae
694 2767 954 2835 libidinis,
988 2777 1119 2825 tunc
1146 2778 1233 2825 est
1254 2784 1382 2826 cum
1408 2768 1630 2836 veniali,
1656 2770 1878 2844 quando
1903 2769 2116 2826 scilicet
2143 2786 2252 2826 non
2276 2762 2485 2828 excedit

479 2856 685 2915 limites
711 2856 1066 2915 matrimonii.
1099 2857 1330 2927 Quando
1359 2866 1545 2916 autem
1573 2858 1806 2927 excedit,
1835 2864 1896 2913 ut
1936 2857 2150 2915 scilicet
2189 2859 2238 2915 si
2284 2866 2483 2932 posset,

482 2947 803 3004 extenderet
830 2962 891 3003 se
912 2947 984 3005 ad
1008 2947 1193 3017 aliam,
1228 2956 1361 3005 tunc
1400 2955 1487 3004 est
1516 2947 1768 3004 mortale.
1796 2945 2089 3004 Sciendum
2118 2952 2308 3004 autem
2345 2946 2487 3023 quod

482 3034 814 3092 adulterium
837 3042 895 3092 et
921 3036 1211 3094 fornicatio
1248 3034 1607 3108 prohibentur
1644 3043 1866 3107 propter
1901 3034 2095 3092 multa.
2122 3034 2306 3092 Primo
2349 3033 2487 3092 enim

482 3124 703 3196 perimit
726 3124 987 3181 animam.
1012 3123 1348 3182 Proverb.vl
1382 3141 1395 3180 z
1428 3122 1532 3191 Qui
1558 3122 1772 3180 adulter
1797 3130 1895 3189 cat,
1910 3126 2140 3197 propter
2166 3123 2350 3181 cordis
2368 3124 2489 3181 ino-

480 3210 633 3281 piam
646 3211 837 3283 perdet
864 3212 1098 3271 animam
1118 3230 1293 3271 suam.
1322 3212 1393 3269 Et
1420 3212 1574 3280 dicit,
1603 3218 1826 3285 propter
1852 3212 2036 3269 cordis
2064 3212 2328 3285 inopiam,
2347 3212 2488 3286 quod

483 3302 573 3354 est
583 3298 803 3370 quando
821 3313 949 3356 caro
968 3301 1282 3358 dominatur
1296 3300 1537 3372 spiritui.
1561 3298 1830 3367 Secundo,
1844 3299 2028 3371 privat
2045 3300 2189 3356 vita:
2205 3298 2336 3356 talis
2350 3300 2488 3356 enim

481 3386 767 3444 secundum
794 3388 955 3460 leycm
975 3388 1120 3445 debet
1141 3386 1305 3453 mori,
1332 3395 1393 3444 ut
1416 3387 1621 3444 dicitur
1649 3388 1828 3446 Levit.
1855 3402 1941 3444 xx
1967 3395 2024 3444 et
2046 3389 2215 3445 Deut.
2246 3402 2400 3445 xxn.
2424 3386 2487 3443 Et

484 3475 632 3548 quod
664 3476 958 3548 aliquando
985 3490 1095 3531 non
1138 3474 1400 3547 puniatur
1435 3475 1812 3549 corporaliter,
1836 3480 1923 3532 est
1963 3477 2022 3533 in
2057 3475 2267 3534 malum
2312 3492 2482 3542 suum,

484 3563 616 3636 quia
643 3578 805 3637 poena
832 3561 1151 3635 corporalis,
1183 3576 1311 3635 quae
1348 3578 1473 3620 cum
1502 3564 1770 3639 patientia
1797 3565 2082 3632 toleratur,
2105 3573 2190 3621 est
2221 3565 2278 3622 in
2299 3567 2488 3622 remis-

483 3652 694 3709 sionem
723 3658 1094 3723 peccatorum,
1112 3650 1371 3724 punietur
1394 3662 1578 3709 tamen
1605 3658 1798 3725 postea
1824 3654 1882 3710 in
1908 3652 2024 3710 vita
2051 3653 2260 3710 futura.
2287 3653 2483 3719 Tertio,

483 3740 759 3797 consumit
784 3739 1146 3797 substantiam
1169 3752 1347 3809 suam,
1371 3741 1516 3799 unde
1537 3743 1704 3799 Lucae
1729 3758 1830 3814 xv,
1858 3742 1930 3799 >de
1953 3741 2067 3799 filio
2087 3742 2320 3815 prodigo
2350 3741 2487 3797 dici-

479 3834 596 3893 tur,
620 3828 750 3899 quia
773 3826 1052 3899 dissipavit
1066 3826 1428 3887 substantiam
1446 3845 1599 3887 suam
1616 3829 1839 3887 vivendo
1865 3829 2161 3888 luxuriose.
2175 3830 2486 3887 Eccles.1x=

486 3914 545 3973 N
545 3928 571 3967 e
594 3913 681 3967 des
702 3913 1026 3984 fornicariis
1052 3915 1293 3975 animam
1314 3922 1464 3977 tuam
1487 3916 1551 3974 in
1577 3918 1708 3983 ullo,
1728 3935 1794 3975 nc
1812 3920 2014 3993 perdas
2036 3926 2086 3976 tc
2119 3926 2172 3975 et
2201 3916 2489 3975 lta-redita·-
