2850 4517
567 270 642 331 10
1039 289 1092 337 s.
1135 252 1373 337 ruenda
1410 289 1741 341 aeumxms
1783 288 2095 337 causeum

565 401 704 461 Hinc
725 411 828 471 est,
857 366 1009 479 quod
1045 406 1399 484 Anaxagoras
1423 405 1608 479 posuit
1644 405 1981 465 intellectum
2022 404 2327 464 immistum
2355 404 2435 465 ad
2467 404 2581 465 hoc

563 490 712 563 quod
743 490 976 580 imperet
1000 500 1058 554 οι
1079 495 1264 574 omnia
1289 500 1525 555 moveat.

1272 666 1555 737 CAPUT
1618 667 1863 736 xvm.

810 804 1182 883 QuodUeus
1207 812 1296 873 est
1317 808 1614 889 ‘infinitus
1642 806 1967 873 secundum
1992 806 2325 872 essentiam.

636 935 776 1011 Hinc
791 937 961 997 etiam
987 939 1322 999 considerari
1349 948 1531 1015 potest
1567 941 1747 1015 ipsum
1774 956 1895 998 esse
1923 940 2217 1007 infinitum,
2252 955 2357 996 non
2384 937 2573 1013 priva-

569 1028 681 1086 tive
729 1027 954 1101 quidem
993 1030 1294 1091 secundum
1335 1030 1485 1105 quod
1532 1030 1809 1087 infinitum
1848 1038 1935 1087 est
1989 1030 2171 1103 passio
2222 1029 2572 1103 quantitatis,

567 1125 730 1192 prout
752 1116 962 1177 scilicet
991 1117 1267 1199 infinitum
1289 1117 1493 1193 dicitur
1517 1120 1665 1193 quod
1692 1128 1779 1190 est
1806 1127 1998 1189 natum
2034 1117 2235 1175 habere
2277 1118 2443 1174 finem
2478 1132 2577 1175 ra-

569 1205 718 1261 tione
765 1204 851 1261 sui
893 1207 1128 1278 genet-ie,
1154 1207 1249 1264 sed
1288 1224 1397 1265 non
1432 1207 1617 1275 habet,
1646 1207 1741 1265 sed
1787 1207 2043 1280 negative
2094 1214 2254 1279 prout
2299 1206 2575 1263 infinitum

569 1294 791 1361 dicitur,
819 1294 965 1367 quod
1001 1295 1150 1352 nullo
1197 1295 1358 1353 modo
1403 1296 1609 1353 finitur.
1658 1296 1853 1353 Nullus
1907 1296 2053 1351 enim
2099 1301 2255 1351 actus
2300 1294 2577 1351 invenitur

530 1380 535 1385 ’
571 1381 734 1463 finiri,
763 1382 866 1437 nisi
896 1400 993 1455 per
1023 1385 1323 1458 potentiam
1346 1402 1473 1459 quae
1496 1392 1581 1449 eat
1609 1386 1729 1457 ejus
1758 1384 2056 1461 receptiva.
2088 1384 2399 1440 Invenimus
2429 1384 2577 1439 enim

571 1471 774 1527 formas
796 1470 1023 1531 limitari
1059 1474 1359 1533 secundum
1395 1476 1699 1547 potentiam
1742 1473 2010 1532 materiae.
2038 1473 2093 1531 Si
2138 1472 2303 1545 igitur
2341 1473 2577 1546 primum

571 1575 796 1616 movens
823 1567 906 1617 est
924 1566 1081 1618 actus
1094 1562 1301 1635 absque
1327 1564 1587 1635 potentiae
1617 1548 1989 1637 permistione,
2006 1562 2135 1642 quia
2165 1578 2269 1617 non
2294 1571 2377 1619 est
2400 1562 2577 1619 forma

573 1647 804 1721 alicujus
849 1649 1111 1723 corporis,
1144 1667 1246 1709 nec
1283 1652 1461 1709 virtus
1496 1650 1553 1709 in
1591 1668 1838 1725 corpore,
1871 1650 2241 1710 necessarium
2266 1656 2351 1707 est
2399 1649 2578 1723 ipsum

574 1736 846 1795 infinitum
869 1753 1009 1795 esse.
1041 1738 1156 1795 Hoc
1199 1739 1366 1796 etiam
1415 1740 1530 1812 ipse
1577 1740 1711 1796 ordo
1741 1738 1835 1813 qui
1879 1739 1935 1795 in
1966 1738 2127 1795 rebus
2160 1736 2449 1805 invenitur,
2472 1736 2579 1794 de·-

573 1833 841 1884 monstrat
870 1844 884 1881 z
918 1843 1043 1885 nam
1069 1837 1275 1902 quanto
1303 1828 1487 1902 aliqua
1528 1829 1585 1884 in
1626 1828 1845 1885 entibus
1881 1837 2010 1885 sunt
2050 1827 2387 1894 sublimiora,
2420 1832 2576 1885 tanto

573 1931 674 1972 suo
715 1916 877 1972 modo
922 1918 1132 1991 majora
1171 1918 1541 1976 inveniuntur.
1583 1920 1731 1975 Inter
1761 1916 2049 1975 elementa
2090 1918 2235 1974 enim
2276 1932 2401 1991 quae
2450 1921 2579 1973 sunt

501 2073 520 2085 l
575 2004 874 2078 superiora,
904 2008 1112 2079 majora
1131 2007 1498 2079 quantitative
1524 2007 1893 2075 inveniuntur,
1912 2007 2055 2062 sicut
2082 2006 2247 2061 etiam
2279 2006 2333 2060 in
2362 2003 2577 2075 simpli-

574 2094 761 2161 citate,
792 2096 937 2168 quod
961 2112 1152 2152 eorum
1192 2096 1475 2167 generatio
1503 2095 1863 2163 demonstrat,
1895 2112 2019 2151 cum
2054 2092 2416 2167 multiplicata
2444 2108 2577 2169 pro-

578 2182 824 2253 portione
863 2183 1004 2255 ignis
1049 2200 1117 2239 ex
1144 2199 1270 2239 aere
1307 2190 1616 2255 generetur,
1658 2201 1753 2241 aer
1790 2202 1857 2241 ex
1894 2199 2055 2258 aqua,
2097 2198 2239 2257 aqua
2282 2189 2468 2239 autem
2507 2197 2576 2239 ex

580 2278 744 2325 terra.
761 2272 970 2344 Corpus
995 2279 1179 2327 autem
1201 2271 1424 2329 coeleste
1450 2272 1739 2329 manifeste
1757 2281 1983 2347 apparet
2009 2278 2179 2328 totam
2209 2270 2575 2343 quantitatem

575 2356 969 2414 elementorum
998 2360 1280 2417 excedere.
1312 2361 1545 2435 Oportet
1571 2362 1738 2434 igitur
1768 2362 1821 2418 id
1851 2361 1996 2435 quod
2027 2360 2167 2416 inter
2204 2360 2382 2415 omnia
2426 2360 2577 2415 entia

577 2445 812 2520 primum
840 2454 942 2515 est,
957 2454 1012 2505 et
1036 2465 1100 2505 eo
1131 2465 1238 2505 non
1267 2457 1449 2523 potest
1474 2466 1593 2507 esse
1622 2451 1769 2507 aliud
1796 2452 1964 2524 priua,
1992 2449 2221 2506 infinitae
2248 2449 2577 2522 quantitatis

577 2550 678 2592 suo
707 2534 866 2615 modo
886 2536 1273 2595 existere.Nee
1292 2540 1492 2595 mirum
1515 2540 1559 2596 si
1592 2538 1646 2596 id
1676 2539 1822 2614 quod
1849 2545 1931 2595 est
1958 2536 2204 2611 simplex,
2234 2542 2289 2593 et
2313 2551 2577 2609 corporea

575 2625 887 2696 quantitate
931 2634 1100 2693 caret,
1130 2626 1400 2683 infinitum
1431 2635 1683 2701 ponatur,
1712 2638 1768 2686 et
1806 2642 1905 2685 sua
1947 2626 2314 2683 immensitate
2356 2640 2574 2681 omnem

575 2714 820 2787 corporis
870 2715 1236 2789 quantitatem
1273 2718 1557 2785 excedere,
1601 2734 1729 2775 cum
1770 2715 2079 2777 intellectus
2126 2721 2312 2777 noster
2346 2713 2443 2789 qui
2492 2719 2577 2769 est

575 2802 928 2877 incorporeus
963 2812 1020 2862 et
1055 2805 1285 2880 simplex
1333 2806 1575 2865 omnium
1620 2814 1913 2881 corporum
1954 2806 2323 2880 quantitatem
2368 2804 2421 2860 vi
2460 2818 2575 2861 suae

575 2892 901 2965 cognitionis
925 2895 1174 2966 excedat,
1201 2904 1258 2953 et
1280 2896 1465 2955 omnia
1490 2894 1993 2969 circumplectatur.
2015 2894 2182 2949 Multo
2207 2892 2375 2963 igitur
2403 2892 2574 2963 magis

580 2981 632 3039 id
661 2982 808 3056 quod
837 2991 920 3043 est
962 2984 1204 3042 omnium
1232 2984 1491 3056 primum,
1516 2998 1615 3039 sua
1658 2981 2027 3039 immensitate
2056 2979 2313 3037 universa
2334 2980 2571 3047 excedit,

579 3072 762 3128 omnia
789 3069 1178 3143 complectens.

1134 3218 1138 3225 ’
1245 3284 1248 3289 -
1309 3241 1594 3311 CAPUT
1647 3240 1837 3310 xix.

1018 3382 1196 3461 Quod
1229 3384 1397 3447 Deus
1436 3388 1524 3448 est
1569 3384 1825 3489 infinita
1860 3382 2136 3446 virtutis.

643 3517 782 3603 Hinc
809 3518 976 3575 etiam
1006 3523 1233 3599 apparet
1280 3518 1455 3575 Deum
1498 3517 1726 3575 infinitae
1769 3517 1987 3575 virtutis
2012 3532 2153 3575 esse.
2198 3516 2387 3573 Virtus
2430 3516 2576 3573 enim

549 3606 926 3680 -consequitur
950 3608 1243 3677 essentiam
1285 3606 1383 3665 rei.
1412 3606 1553 3665 Nam
1583 3606 2007 3680 unumquodque
2033 3604 2334 3661 secundum
2357 3604 2575 3661 modum

577 3713 685 3769 quo
714 3704 815 3767 est,
849 3711 1012 3769 agere
1037 3702 1236 3775 potest.
1267 3696 1324 3755 Si
1376 3694 1543 3775 igitur
1572 3696 1717 3753 Deus
1744 3696 2043 3753 secundum
2070 3699 2363 3751 essentiam
2390 3693 2577 3749 infini-

580 3792 669 3843 tus
692 3793 794 3854 est,
826 3790 1040 3859 oportet
1067 3784 1215 3858 quod
1255 3786 1374 3856 ejus
1411 3784 1587 3863 yirtus
1612 3786 1685 3841 sit
1726 3784 1959 3857 infinita.
1988 3785 2105 3840 Hoc
2133 3782 2301 3840 etiam
2322 3785 2572 3856 apparet,

567 3874 627 3943 ‚si
667 3862 1000 3959 quietorum
1050 3873 1296 3955 ordinem
1321 3872 1614 3950 diligenter
1650 3871 1925 3945 inspiciat.
1964 3872 2106 3929 Nam
2150 3870 2575 3945 unumquodque
