2850 4517
560 328 682 389 336
1042 342 1095 389 s.
1140 340 1374 385 monae
1415 336 1744 390 onmans
1785 338 2096 385 opuscum

564 468 671 528 tur,
696 476 805 533 quo
826 463 1009 516 noster
1032 458 1335 531 Imperator
1348 456 1528 529 jubet.
1559 456 1680 512 Non
1693 470 1825 529 ergo
1847 456 2128 529 religionis
2149 460 2330 515 status
2355 466 2444 516 est
2469 476 2587 534 per·

563 548 757 605 lectior
792 564 959 622 quam
996 553 1178 604 status
1217 546 1688 619 Presbyter-orum,
1718 551 1816 602 aut
1855 545 2243 615 Diaconorum,
2277 549 2372 621 qui
2419 564 2584 607 curas

562 639 869 695 animarum
888 637 1111 707 habent,
1133 636 1203 693 ad
1220 650 1453 711 quorum
1483 636 1724 691 officium
1745 635 1984 707 pertinet
2005 638 2321 694 conversari
2343 654 2474 695 cum
2495 639 2583 697 ho·

562 728 819 784 minibus.
839 729 1131 793 Praeterea,
1150 728 1293 797 Aug.
1314 724 1452 781 dicit
1473 723 1543 781 ad
1564 724 1880 781 Aurelium:
1907 744 1934 778 α
1957 726 2137 782 Nimis
2151 726 2448 783 dolendum
2473 736 2578 798 est,

562 819 608 874 si
630 817 699 875 ad
730 823 844 873 tam
872 817 1150 873 ruinosam
1176 812 1490 887 superbiam
1517 812 1812 871 monachos
1839 812 2165 885 subigimus,
2195 820 2251 871 et
2282 822 2396 872 tam
2425 818 2578 889 gravi

560 906 895 964 contumelia
924 904 1153 961 clericos
1176 902 1370 975 dignos
1398 908 1674 976 putamur„
1709 902 1764 957 in
1809 918 2044 975 quorum
2088 918 2315 960 numero
2355 920 2456 961 nos
2483 922 2582 961 su-

562 1012 706 1063 mne,
744 996 791 1051 si
831 992 1044 1051 scilicet
1072 991 1326 1064 vulgares
1366 992 1438 1047 de
1483 990 1640 1047 nobis
1683 991 2016 1063 jocabuntur
2067 993 2360 1051 dicentes:
2404 996 2578 1051 malus

564 1084 883 1151 monachus,
912 1080 1090 1139 bonus
1110 1081 1345 1138 clericus
1372 1088 1476 1149 est,
1501 1094 1629 1137 cum
1655 1080 1955 1153 aliquando
1984 1082 2160 1139 bonus
2181 1084 2350 1139 etiam
2381 1100 2578 1141 mona-

566 1175 700 1231 chus
725 1174 818 1230 vix
853 1173 1053 1230 honum
1082 1170 1343 1227 clericum
1376 1170 1545 1227 faciat
1571 1189 1621 1224 ».
1653 1170 1824 1242 Major
1853 1185 1984 1243 ergo
2025 1178 2112 1227 est
2155 1172 2422 1245 perfectio
2450 1174 2571 1229 boni

562 1263 767 1330 clerici,
800 1277 965 1335 quam
995 1260 1123 1317 boni
1159 1258 1435 1316 monachi.
1466 1259 1624 1327 Item,
1656 1258 1818 1331 paulo
1863 1274 1991 1315 ante
2024 1260 2179 1332 dicit,
2212 1277 2318 1317 non
2359 1270 2446 1318 est
2487 1265 2573 1319 via

562 1352 745 1411 danda
768 1352 943 1407 servis
963 1349 1083 1417 Dei,
1104 1349 1160 1406 id
1180 1354 1283 1417 est,
1298 1348 1580 1405 monachis
1597 1357 1658 1405 ut
1681 1364 1741 1405 se
1769 1347 1988 1406 facilius
2013 1357 2210 1423 putent
2239 1351 2366 1424 eligi
2394 1353 2463 1408 ad
2485 1354 2574 1411 ali·

562 1440 694 1514 quid
722 1436 937 1505 melius,
955 1436 1012 1494 id
1027 1444 1132 1506 est,
1156 1436 1225 1493 ad
1248 1436 1487 1493 officium
1516 1437 1827 1503 clericatus,
1861 1438 1906 1494 si
1937 1438 2069 1495 sacti
2099 1439 2298 1496 fuerint
2332 1440 2570 1499 deterio-

562 1544 670 1596 reS,
699 1527 1088 1584 monasterium
1121 1525 1331 1582 scilicet
1356 1525 1678 1583 deserendo.
1709 1526 1901 1583 Melius
1923 1534 2008 1583 est
2037 1545 2168 1601 ergo
2197 1530 2438 1586 officium
2463 1532 2570 1588 cle-

562 1618 787 1684 ricatuS,
816 1631 982 1689 quam
1012 1623 1189 1673 status
1213 1616 1570 1672 monasticus.
1593 1615 1752 1684 Item,
1783 1612 1970 1671 Hiero,
1995 1616 2135 1681 ‚dicit
2173 1618 2243 1673 ad
2289 1619 2564 1676 Rusticum

566 1707 931 1764 monachum:
966 1726 993 1759 α
1018 1706 1108 1763 Sic
1124 1705 1251 1764 vive
1280 1702 1339 1759 iri
1364 1705 1717 1772 monasterio,
1743 1712 1805 1761 ut
1833 1704 2065 1761 clericus
2093 1720 2214 1762 esse
2237 1709 2496 1765 merearis
2517 1731 2562 1764 a.

567 1798 739 1869 majus
780 1804 865 1853 est
900 1810 1030 1867 ergo
1076 1794 1371 1851 clericatus
1412 1794 1654 1851 officium
1697 1810 1867 1868 quam
1908 1795 2162 1851 monachi
2203 1798 2563 1856 conversatio.

563 1888 853 1954 Praeterea,
884 1900 993 1941 non
1030 1884 1159 1941 licet
1186 1884 1257 1940 de
1289 1884 1484 1957 majori
1521 1883 1592 1939 ad
1637 1883 1815 1939 minus
1852 1884 2129 1939 transire:
2159 1885 2257 1941 sed
2303 1886 2374 1942 de
2421 1892 2564 1943 statu

562 1976 865 2032 monastico
890 1974 1017 2032 licet
1048 1972 1281 2031 transire
1318 1973 1389 2029 ad
1431 1972 1673 2029 officium
1714 1972 2026 2046 Presbyteri
2063 1986 2258 2030 euram
2301 1974 2562 2043 habentia,

563 2064 856 2121 sicutdicit
874 2064 1034 2122 Gela.
1058 2066 1225 2137 Papa,
1246 2071 1306 2120 et
1329 2062 1562 2119 habetur
1585 2064 1747 2135 ⁴6.q.
1769 2077 1791 2118 1
1811 2079 1866 2116 κ(
1891 2062 1946 2118 Si
1973 2060 2098 2135 quis
2126 2064 2426 2121 monachus
2451 2064 2567 2121 fue-

563 2154 655 2221 rit,
682 2152 779 2226 qui
824 2152 1153 2211 venerabilis
1180 2151 1313 2209 vitae
1354 2152 1552 2208 merito
1593 2150 1913 2208 Sacer-dolio
1949 2152 2152 2223 dignus
2179 2154 2566 2225 praevideatur,

562 2249 619 2299 et
647 2244 849 2311 Abbas,
882 2242 985 2299 sub
1010 2244 1169 2314 cujus
1193 2242 1422 2314 imperio
1449 2240 1566 2313 regi
1593 2240 1809 2297 Christo
1835 2240 2055 2308 militat,
2083 2240 2236 2297 illum
2262 2244 2380 2299 fieri
2418 2245 2568 2300 Pres-

562 2330 817 2403 byterum
846 2330 1066 2403 petierit
1098 2330 1169 2386 ab
1206 2330 1494 2402 Episcopo,
1533 2328 1696 2385 debet
1725 2330 1872 2401 eligi,
1901 2337 1956 2386 et
1985 2330 2042 2385 in
2075 2329 2194 2387 loco
2219 2348 2333 2405 quo
2355 2333 2568 2405 judica-

563 2419 705 2475 verit
728 2418 988 2483 ordinari,
1020 2432 1087 2473 ea
1116 2418 1295 2473 o‘mnia
1330 2431 1458 2489 quae
1487 2418 1557 2475 ad
1585 2418 1888 2475 Sacerdolii
1917 2419 2159 2475 officium
2187 2420 2465 2493 pertinent
2487 2420 2568 2477 vel

564 2504 769 2578 populi,
788 2505 875 2563 vel
903 2505 1154 2578 Episcopi
1176 2504 1444 2561 electione
1471 2507 1699 2579 provide
1731 2524 1797 2565 ac
1818 2509 1970 2581 juste
1998 2517 2216 2565 acturus
2235 2527 2283 2562 n.
2314 2508 2386 2564 Et
2415 2510 2565 2583 plura

564 2594 672 2651 alia
692 2594 937 2667 capitula
958 2592 1160 2651 ibidem
1182 2601 1462 2669 ponuntur
1490 2602 1582 2652 zet
1605 2596 1854 2653 distinct.
1886 2597 1976 2654 4¹7.
2005 2598 2086 2653 Ex
2114 2598 2200 2654 his
2223 2613 2356 2669 ergo
2393 2599 2568 2655 omni-

562 2682 665 2739 bus
693 2683 929 2754 videtur,
962 2682 1109 2757 qu‘od
1130 2691 1314 2740 status
1346 2700 1820 2759 quorumcumque
1859 2684 2206 2754 clericorum,
2237 2693 2299 2743 et
2337 2688 2566 2743 maxime

561 2787 752 2830 curam
778 2774 1084 2830 animarum
1106 2772 1446 2842 habentium,
1481 2772 1760 2846 religionis
1787 2774 1958 2831 statui
1991 2774 2342 2847 praeferatur.
2367 2776 2561 2831 Horum

562 2869 749 2918 autem
772 2860 1067 2929 dictorum,
1100 2860 1241 2918 ratio
1286 2860 1356 2916 de
1402 2860 1550 2917 facil-i
1579 2860 1784 2933 percipi
1815 2867 2016 2934 potest,
2044 2862 2091 2917 si
2133 2878 2199 2919 ea
2242 2878 2374 2936 quae
2418 2862 2562 2918 dicta

561 2956 689 3007 sunt
714 2951 784 3007 ad
806 2950 1126 3008 memoriam
1154 2958 1504 3008 revocentur.
1529 2950 1650 3005 Jam
1679 2950 1827 3005 enim
1863 2950 2245 3022 supradictum
2289 2958 2396 3021 est,
2421 2949 2562 3006 aliud

560 3054 682 3097 esse
721 3039 1075 3113 perfectionis
1118 3045 1321 3106 actum,
1354 3044 1522 3113 atque
1573 3037 1722 3093 aliud
1763 3037 2112 3111 perfectionis
2161 3044 2392 3096 statum.
2429 3039 2562 3096 Nam

561 3128 911 3201 perfectionis
950 3134 1292 3185 statum-non
1321 3127 1488 3183 efficit
1520 3126 1621 3183 nisi
1655 3134 1918 3200 perpetua
1955 3126 2226 3199 obligatio
2256 3128 2327 3185 ad
2353 3144 2420 3185 ea
2447 3142 2565 3201 quae

561 3217 633 3273 ad
680 3216 1067 3289 perfectionem
1124 3222 1401 3291 spectant,
1458 3216 1575 3272 sine
1631 3232 1741 3289 qua
1787 3216 2124 3288 obligatione
2163 3218 2389 3292 plurimi
2443 3234 2564 3292 per·

560 3304 812 3361 fectionis
852 3322 1017 3379 opera
1060 3312 1422 3379 exequuntur,
1455 3313 1612 3377 puta,
1651 3306 1746 3379 qui
1783 3305 1937 3362 nullo
1987 3312 2120 3363 voto
2171 3308 2566 3364 continentiam

561 3400 804 3463 servant,
842 3404 938 3452 aut
982 3396 1042 3451 in
1080 3399 1405 3467 paupertate
1443 3394 1658 3451 vivunt.
1707 3394 1944 3451 Rursum
1987 3390 2446 3453 considerandum
2487 3404 2566 3453 est

563 3485 711 3559 quod
734 3484 791 3541 in
818 3482 1161 3557 Presbyter-is
1188 3490 1243 3538 et
1272 3482 1530 3539 Diaconis
1557 3498 1746 3539 curam
1776 3484 2083 3541 animarum
2108 3484 2440 3542 habentibus
2461 3485 2568 3541 duo

561 3573 961 3631 consideranda
1009 3578 1155 3639 sunt,
1204 3570 1417 3627 scilicet
1459 3572 1699 3629 officium
1738 3587 1911 3643 curae,
1952 3581 2014 3631 et
2049 3574 2300 3647 dignitas
2343 3574 2565 3633 ordinis·

560 3659 909 3717 Manifestum
936 3664 1021 3715 est
1044 3666 1229 3715 autem
1243 3658 1391 3731 quod
1418 3658 1658 3717 officium
1677 3676 1836 3719 curae
1857 3662 2220 3734 suspicientes
2241 3670 2571 3735 perpetuam

560 3749 950 3821 obligationem
974 3764 1081 3805 non
1108 3747 1331 3817 habent,
1360 3764 1489 3805 cum
1514 3751 1792 3807 multoties
1815 3766 2004 3808 curam
2027 3752 2314 3808 dimittant
2341 3766 2574 3824 suscep-

561 3842 695 3905 tam,
726 3838 868 3894 sicut
894 3842 1047 3913 patet
1074 3838 1141 3894 de
1169 3838 1276 3895 illis
1302 3839 1398 3912 qui
1427 3839 1714 3911 dimittunt
1743 3840 2050 3909 parochias,
2079 3841 2166 3897 vel
2209 3840 2576 3897 Archidiaco-

560 3934 742 3992 natue,
784 3933 841 3983 et
882 3928 1201 4000 religionem
1244 3929 1469 3987 intrant.
1499 3930 1655 3986 Patet
1695 3931 1864 3987 etiam
1903 3947 1974 3988 ex
2021 3930 2380 4003 supradictiS,
2421 3930 2574 4002 quod
