2850 4517
875 357 924 400 1.
955 371 1036 386 —-·
1061 349 1465 402 coursumim
1516 359 1878 404 'rnnomerffl
2298 346 2378 407 91

371 468 638 536 siderare,
667 473 726 525 et
748 469 833 526 sic
865 469 914 525 si
950 469 1166 528 infinita
1186 480 1541 544 cognosceret
1568 473 1961 540 considerando
1984 490 2071 542 ea,
2102 481 2382 548 oporteret
2468 463 2473 468 ’

373 558 522 633 quod
546 567 862 616 numeraret
889 558 1107 618 infinita
1133 575 1302 618 unum
1328 567 1455 635 post
1488 578 1674 632 unum,
1704 563 1853 641 quod
1880 573 1965 622 est
1989 572 2180 622 contra
2206 565 2383 622 ratio-

371 663 498 713 nem
550 638 750 705 infiniti
783 648 942 705 t'sed'
970 647 1178 708 virtute
1205 655 1262 706 et
1295 651 1545 724 potentia
1579 649 1890 710 intellectus
1932 658 2120 710 noster
2168 654 2380 712 infinita

369 752 706 810 cognoscere
725 746 924 811 potest,
947 745 1098 812 puta,
1114 755 1304 796 omnes
1324 739 1539 814 species
1558 755 1929 810 numerorum,
1962 742 2049 802 vel
2070 744 2381 816 proportio-

371 841 526 894 num,
567 826 624 882 in
654 831 920 912 quantum
953 825 1121 884 hahet
1147 825 1427 886 sufficiens
1466 829 1796 904 principium
1824 833 1897 888 ad
1937 830 2120 889 omnia
2146 848 2383 905 cognos-
2444 885 2455 895 ,

369 915 569 973 centia.
597 915 746 972 Deus
783 922 972 974 autem
1007 915 1180 976 muita
1211 917 1374 976 simul
1401 933 1731 990 cognoscere
1768 925 1967 994 potest,
1984 929 2047 978 ut
2079 937 2245 995 supra
2286 937 2381 979 os-

373 1015 593 1062 tensum
615 1013 720 1073 est,
752 1011 809 1062 et
829 1004 886 1061 id
913 1021 1012 1079 per
1039 1007 1184 1080 quod
1219 1007 1401 1064 omnia
1430 1007 1731 1081 cognoscit,
1752 1009 1967 1066 scilicet
1992 1025 2092 1070 sua
2120 1011 2377 1080 essentia,

371 1093 654 1151 sufficiens
675 1100 761 1150 est
782 1094 1111 1168 principium
1136 1097 1318 1154 omnia
1345 1095 1711 1169 cognoscendi
1740 1114 1845 1155 non
1878 1099 2053 1155 solum
2078 1116 2203 1172 quae
2231 1105 2379 1168 sunt,

369 1183 472 1240 sed
485 1199 614 1256 quae
630 1199 752 1240 esse
769 1188 1016 1256 possunt.
1029 1185 1119 1241 Sic
1135 1185 1302 1256 igitur
1313 1185 1629 1243 intellectus
1644 1193 1827 1244 noster
1842 1187 2090 1262 potentia
2106 1195 2161 1244 et
2175 1187 2383 1246 virtute

371 1273 656 1347 cognoscit
685 1272 915 1342 infinita,
947 1265 1178 1347 quorum
1203 1275 1533 1347 cognitionis
1563 1275 1891 1351 principium
1920 1275 2106 1344 habet,
2132 1275 2211 1334 ita
2234 1279 2383 1334 Deus

371 1363 556 1420 omnia
583 1362 799 1420 infinita
831 1368 958 1420 actu
984 1363 1316 1422 considerat.
1341 1363 1691 1422 Manifestum
1732 1373 1814 1424 est
1844 1365 2031 1434 etiam,
2060 1366 2205 1440 quod
2248 1363 2381 1421 licet

371 1450 690 1523 singularia,
722 1451 1044 1525 corporalia,
1073 1458 1129 1509 et
1155 1453 1476 1526 temporalia
1502 1470 1609 1510 non
1652 1453 1813 1510 simul
1848 1454 1975 1522 sint,
2010 1461 2191 1511 tamen
2216 1451 2378 1510 simui

371 1553 562 1596 eorum
610 1532 756 1595 Deus
793 1539 1160 1610 cognitionem
1201 1539 1388 1618 habet.
1434 1541 1727 1613 Cognoscit
1774 1540 1918 1598 enim
1964 1556 2030 1597 ea
2078 1540 2377 1596 secundum

371 1627 596 1683 modum
641 1628 724 1684 sui
771 1643 909 1696 esse,
935 1629 1084 1700 quod
1127 1635 1212 1685 est
1263 1633 1554 1700 aeternum,
1570 1636 1626 1684 et
1664 1628 1789 1688 sina
1827 1629 2193 1686 successione.
2224 1627 2377 1686 Sicut

371 1716 543 1788 igitur
563 1717 868 1774 materialia
893 1717 1350 1785 immaterialiter,
1369 1725 1425 1774 et
1446 1718 1617 1775 nau-ita
1646 1735 1743 1792 per
1770 1733 1941 1775 unum
1964 1717 2265 1790 cognoscit,
2298 1717 2380 1773 sic

367 1811 428 1860 et
455 1820 583 1876 quae
612 1821 720 1862 non
747 1805 910 1861 simui
951 1815 1098 1874 sunt,
1125 1823 1234 1862 uno
1264 1807 1467 1863 intuitu
1493 1807 1761 1880 conspicit
1794 1825 1807 1862 z
1836 1814 1891 1863 et
1920 1808 2002 1862 sic
2026 1823 2133 1862 non
2162 1811 2380 1880 oportet

367 1893 524 1967 quod
563 1894 686 1964 ejus
719 1893 1020 1964 cognitioni
1057 1893 1264 1967 aliquid
1305 1895 1564 1960 addatur,
1592 1895 1682 1951 vei
1723 1894 2092 1963 subtrahatur,
2136 1909 2233 1967 per
2277 1893 2381 1950 hoc
2437 1930 2446 1939 -

367 1979 526 2055 quod
554 1980 855 2051 singularia
881 1982 1184 2052 cognoscit.
1213 1982 1292 2038 Ex
1321 1997 1433 2055 quo
1462 1983 1631 2039 etiam
1659 1982 2009 2038 manifestum
2034 1983 2114 2049 fit,
2142 1983 2290 2054 quod
2314 1983 2383 2038 de
2445 2006 2449 2010 ·

369 2069 822 2141 contingentibus
862 2076 1072 2126 certam
1114 2069 1483 2142 cognitionem
1516 2069 1683 2131 habet
1716 2071 1847 2144 quia
1884 2071 2052 2127 etiam
2090 2076 2381 2145 antequam

372 2161 527 2226 flant,
555 2159 800 2216 intuetur
826 2174 894 2216 ea
920 2165 1084 2232 prout
1111 2168 1237 2216 sunt
1266 2165 1393 2216 actu
1425 2159 1482 2216 in
1509 2176 1609 2216 suo
1632 2175 1771 2226 esse,
1801 2166 1855 2216 et
1879 2174 1991 2216 non
2018 2157 2192 2216 solum
2222 2165 2383 2232 prout

371 2254 503 2306 sunt
531 2247 736 2316 futura,
763 2254 820 2304 et
847 2248 1052 2304 virtute
1081 2247 1136 2304 in
1164 2248 1278 2304 suis
1306 2248 1506 2318 causis,
1539 2247 1683 2305 sicut
1706 2264 1807 2306 nos
1828 2241 2014 2322 aliqua
2035 2249 2217 2305 futura·
2248 2263 2385 2321 cog-
2482 2264 2488 2271 ·

373 2352 602 2394 noscere
641 2351 949 2410 possumus.
976 2337 1360 2410 contingentia
1400 2345 1584 2396 autem
1630 2337 1759 2395 licet
1798 2344 1962 2412 prout
1990 2345 2117 2395 sunt
2165 2337 2219 2394 in
2266 2338 2380 2394 suis

375 2427 560 2484 causis
583 2424 790 2483 virtute
831 2427 1015 2484 futura
1049 2427 1360 2495 existentia,
1391 2442 1499 2483 non
1537 2427 1651 2484 vsint
1691 2427 2060 2484 determinata
2088 2428 2157 2484 ad
2188 2443 2377 2496 unum,

373 2523 440 2572 ut
467 2515 536 2571 de
559 2515 638 2572 eis
673 2524 826 2572 certa
853 2515 1092 2587 cognitio
1125 2515 1312 2572 haberi
1346 2516 1539 2589 possit,
1570 2521 1752 2572 tamen
1789 2522 1951 2590 prout
1979 2522 2107 2574 sunt
2151 2521 2278 2574 actu
2325 2515 2381 2571 in

373 2619 480 2661 suo
506 2619 646 2674 esse,
667 2605 782 2677 jam
811 2613 937 2661 sunt
963 2605 1326 2662 determinata
1356 2605 1427 2662 ad
1462 2621 1647 2708 unum,
1681 2613 1737 2662 et
1767 2611 1953 2679 potest
1996 2605 2067 2660 de
2112 2605 2191 2660 eis
2228 2609 2380 2660 certa

375 2690 566 2750 haberi
593 2693 852 2766 cognitio.
878 2695 1020 2752 Nam
1045 2695 1259 2751 Sortem
1287 2693 1481 2750 sedere
1506 2671 1638 2750 dum
1666 2695 1838 2758 sedet,
1864 2710 1963 2774 per
1991 2694 2381 2750 certitudinem

375 2782 626 2851 visioniS,
651 2797 978 2856 cognoscere
1003 2797 1314 2856 possumus.
1333 2781 1403 2836 Et
1419 2781 1672 2836 simiiiter
1694 2771 1794 2852 per'
1818 2781 2205 2837 certitudinem
2232 2782 2380 2836 Deus

373 2873 660 2944 cognoscit
713 2873 914 2941 omnia,
967 2883 1328 2946 quaecumque
1378 2883 1479 2940 per
1528 2872 1706 2922 totum
1754 2867 2062 2923 discursum
2117 2869 2381 2939 temporis

374 2969 616 3032 aguntur
639 2961 698 3018 in
725 2977 824 3018 suo
857 2967 1086 3020 aeterno.
1113 2959 1251 3016 Nam
1294 2955 1579 3014 aeternitas
1614 2969 1715 3014 sua
1740 2952 2161 3028 praesentialiter
2204 2959 2381 3010 totum

371 3051 644 3122 temporis
673 3050 964 3106 decursum
993 3047 1232 3120 attingit,
1262 3054 1316 3102 et
1345 3044 1491 3104 ultra
1510 3043 1877 3112 transcendit,
1904 3048 1966 3099 ut
2006 3042 2087 3099 sic
2126 3041 2381 3100 conside-

373 3155 563 3196 remus
590 3137 764 3194 Deum
791 3138 845 3194 in
871 3153 970 3194 sua
993 3137 1303 3196 aeternitate
1331 3135 1540 3190 fluxum
1567 3133 1828 3206 temporis
1864 3147 2210 3204 cognoscere,
2240 3129 2381 3188 sicut

373 3229 472 3302 qui
503 3229 563 3285 in
589 3227 880 3286 altitudine
922 3225 1158 3298 speculae
1197 3225 1549 3293 constitutus,
1571 3230 1748 3281 totum
1784 3222 2078 3280 transitum
2104 3222 2381 3282 viatorum

373 3316 541 3372 simui
562 3316 828 3374 intuetur.

1029 3447 1312 3556 CAPUT
1355 3485 1728 3555 CXXXIV.

379 3629 562 3706 Quod
586 3630 759 3698 Deus
789 3628 957 3694 solus
990 3628 1291 3710 coquosoit
1316 3627 1667 3710 sinqularia
1690 3629 1913 3707 futura
1942 3623 2376 3705 continqentia.

445 3763 796 3822 Manifestum
821 3773 904 3821 est
927 3771 1130 3830 autem,
1153 3746 1302 3838 quod
1327 3763 1433 3818 hoc
1455 3762 1616 3819 modo
1638 3762 1822 3818 futura
1844 3759 2218 3833 contingentia
2243 3773 2382 3832 cog-

371 3869 606 3910 noscere
633 3861 798 3928 prout
837 3859 968 3910 sunt
1007 3859 1134 3912 actu
1169 3853 1224 3910 in
1259 3868 1356 3911 suo
1397 3865 1537 3920 esse,
1568 3851 1714 3925 quod
1757 3857 1843 3908 est
1883 3851 2269 3908 certitudinem
2310 3849 2379 3906 de

369 3943 512 4017 ipsis
539 3942 764 4016 habere,
794 3943 966 4002 solius
992 3941 1093 4001 Dei
1117 3942 1398 4018 proprium
1423 3946 1530 4011 est,
1557 3939 1647 3997 cui
1679 3939 1895 4013 proprie
1920 3945 1980 3995 et
2003 3955 2131 3998 vere
2155 3953 2383 4010 compe-
