2850 4517
696 396 807 441 vn.
833 412 917 427 —
938 396 1019 439 na
1060 396 1337 439 sumum
1385 384 1822 440 lirosa-omanis
2143 380 2262 441 425

276 513 606 569 mitterentur
634 512 707 569 ad
728 510 1163 583 praedicandum‚
1192 526 1410 584 semper
1449 509 1556 569 fuit
1591 509 1752 567 firma
1779 511 1837 567 in
1865 510 1995 567 lide.
2039 512 2110 569 Et
2136 528 2262 569 cum

277 603 327 658 in
347 600 465 658 aliis
488 601 737 675 partibus
757 599 849 658 vel
872 599 1027 657 nulla
1052 600 1189 656 fides
1212 599 1307 667 sit,
1330 598 1419 656 vel
1445 597 1522 655 sit
1539 599 1832 657 commista
1853 600 2044 657 multis
2057 601 2261 658 errori-

274 688 387 761 hus,
416 689 661 763 Ecclesia
688 698 871 747 tamen
910 688 1059 746 Petri
1098 695 1157 745 ει
1196 688 1305 744 fide
1329 686 1502 761 viget,
1543 696 1604 745 et
1643 688 1716 743 ab
1755 687 2033 745 erroribus
2057 691 2264 749 munda

274 788 373 837 est.
392 780 505 837 Nec
522 780 745 847 mirum,
770 778 902 851 qnia
922 777 1191 833 Dominus
1206 776 1349 833 dixit
1365 776 1549 845 Petro,
1574 776 1710 834 Luc.
1735 792 1868 835 xxn
1895 794 1910 832 τ
1939 776 2058 849 Ego
2079 779 2266 851 rogavi

274 885 370 942 pro
394 875 462 935 te,
488 868 676 937 Patre,
702 872 768 925 ut
787 882 896 923 non
914 864 1133 939 deficiat
1150 865 1281 938 fides
1304 873 1424 923 tua.

336 957 649 1015 Sanctorum
686 954 1125 1013 communionem.
1166 954 1322 1012 Sicut
1360 954 1419 1012 in
1461 970 1694 1029 corpore
1737 954 1978 1013 naturali
2021 958 2270 1031 operatio

274 1047 425 1103 unius
440 1046 671 1105 membri
697 1045 849 1103 cedit
864 1046 922 1101 in
948 1044 1153 1103 bonum
1170 1044 1345 1101 totius
1364 1044 1630 1118 corporis,
1661 1044 1742 1103 ita
1767 1044 1826 1101 in
1851 1059 2083 1119 corpore
2100 1047 2272 1120 spiri·

277 1135 421 1203 tuali,
458 1136 673 1194 scilicet
705 1133 972 1192 Ecclesia.
998 1133 1070 1189 Et
1098 1134 1230 1205 quia
1256 1135 1446 1190 omnes
1483 1132 1674 1191 fideles
1697 1140 1828 1189 sunt
1853 1149 2024 1192 unum
2048 1150 2266 1209 eorpus,

276 1222 465 1283 bonum
502 1225 669 1283 nnius
709 1223 869 1282 alteri
910 1224 1367 1294 communicatur.
1418 1224 1616 1296 Apost.
1656 1222 1816 1280 Rom.
1853 1238 1946 1281 ιιι
1990 1240 2007 1280 =
2049 1224 2272 1299 Sinonia

276 1318 442 1370 autem
474 1314 617 1371 alter
652 1310 883 1369 alterius
907 1308 1163 1365 membra.
1206 1308 1365 1367 Unde
1406 1314 1468 1365 et
1503 1310 1647 1366 inter
1685 1310 1797 1367 alia
1837 1310 2113 1369 credenda
2146 1328 2274 1387 quae

277 1400 613 1459 tradiderunt
628 1399 894 1475 Apostoli,
920 1404 1008 1455 est
1028 1397 1175 1472 quod
1194 1397 1508 1454 communio
1525 1398 1792 1455 bonorum
1807 1399 1884 1455 sit
1902 1399 1958 1456 in
1981 1399 2229 1458 Ecclesia
2251 1416 2271 1459 x

278 1497 329 1545 et
352 1488 451 1546 hoc
476 1498 565 1548 est
590 1490 739 1565 quod
768 1488 969 1546 dicitur
996 1504 1015 1543 ι
1038 1486 1357 1546 Sanctorum
1380 1486 1814 1545 communionem.
1837 1489 1987 1548 Inter
2008 1490 2120 1549 alia
2141 1502 2276 1549 vero

278 1578 513 1637 membra
567 1579 849 1648 Ecclesiae,
894 1576 1197 1651 principale
1224 1576 1538 1634 ,membrum
1577 1582 1665 1633 εει
1700 1576 1970 1645 Christus,
2013 1580 2146 1652 quia
2189 1590 2277 1638 est

278 1675 455 1739 caput.
484 1666 684 1740 Ephesi.
714 1682 737 1723 ι
768 1682 782 1721 :
820 1665 1005 1737 Ipsum
1029 1662 1177 1721 dedit
1200 1669 1361 1735 eaput
1394 1678 1558 1734 super
1582 1678 1789 1719 omnem
1811 1664 2128 1733 Ecclesiam,
2157 1685 2275 1741 quoe

278 1761 350 1811 est
390 1771 581 1829 coi-pus
629 1752 819 1827 ipsuis.
866 1754 1075 1809 Bonum
1117 1766 1250 1823 ergo
1301 1750 1503 1807 Christi
1545 1752 1980 1810 communicatur
2025 1756 2280 1813 omnibus

277 1842 607 1911 christianis,
635 1841 779 1899 sicut
819 1832 997 1897 virtus
1038 1838 1237 1911 capitis
1270 1837 1524 1895 omnibus
1559 1838 1842 1909 memhris,
1880 1848 1939 1897 et
1977 1841 2096 1901 hoec
2123 1860 2278 1903 com-

278 1932 571 1989 municatio
590 1930 658 1985 fit
692 1945 789 2003 per
810 1930 1169 1985 Sacramenta
1192 1926 1473 1994 Ecclesiae,
1509 1926 1566 1983 in
1593 1927 1794 2000 quibus
1819 1938 2080 2002 operatur
2101 1933 2281 1991 virtus

278 2019 545 2093 passionis
580 2016 802 2086 Christi,
847 2032 973 2089 quae
1001 2023 1260 2088 operatur
1286 2014 1357 2073 ad
1396 2014 1783 2073 conferendam
1818 2020 2056 2090 gratiam
2094 2020 2151 2077 in
2187 2038 2282 2081 re·

280 2109 595 2167 missionem
626 2111 997 2181 peccatorum.
1036 2102 1361 2177 Hujusmodi
1400 2111 1588 2161 autem
1633 2105 1989 2165 Sacramenta
2023 2109 2283 2169 Ecclesiae

280 2205 403 2255 sunt
434 2204 667 2271 septem.
692 2185 933 2252 Primum
961 2199 1045 2251 est
1070 2192 1394 2266 baptismus,
1421 2192 1522 2267 ‘qui
1549 2200 1636 2251 est
1659 2196 2003 2267 regeneratio
2027 2200 2283 2271 quaedam

281 2285 601 2359 spiritualia.
642 2285 797 2356 Sicut
825 2283 970 2341 enim
998 2283 1113 2339 vita
1150 2281 1387 2339 carnalis
1418 2296 1530 2339 non
1557 2289 1740 2355 potest
1773 2282 1962 2342 baberi
1989 2286 2096 2343 nisi
2121 2288 2285 2347 homo

283 2375 573 2433 carnaliter
611 2380 887 2441 nascatur,
933 2372 1013 2428 ita
1038 2372 1152 2428 vita
1196 2370 1520 2445 spiritualia,
1567 2372 1657 2430 vel
1695 2374 1910 2445 gratim,
1949 2391 2057 2433 non
2101 2385 2286 2452 potest

286 2460 468 2518 haberi
505 2460 611 2517 nisi
646 2459 809 2517 homo
836 2464 1161 2516 renascatur
1195 2456 1554 2530 spiritualiter
1582 2474 1598 2513 ε
1627 2457 1748 2517 haec
1782 2468 1967 2519 autem
2003 2466 2286 2535 generatio

286 2548 345 2605 fit
368 2566 466 2624 per
493 2549 845 2621 baptismum.
876 2548 1036 2603 Joau.
1064 2561 1131 2603 ιιι
1173 2562 1188 2602 =
1229 2544 1356 2605 Nisi
1382 2546 1501 2619 quis
1527 2554 1750 2605 renatus
1773 2548 1946 2621 fuerit
1971 2567 2038 2607 ex
2065 2568 2205 2627 aqua
2231 2562 2283 2613 et

286 2638 496 2710 Spiritu
516 2636 730 2701 Sancto,
752 2650 858 2690 non
878 2640 1043 2703 potest
1066 2632 1302 2691 introire
1326 2634 1391 2689 in
1409 2650 1634 2707 regnum
1655 2636 1778 2693 Dei.
1798 2637 1868 2693 Et
1889 2645 1974 2694 est
2001 2640 2282 2701 sciendum

288 2728 432 2799 quod
475 2726 621 2781 sicut
656 2712 821 2778 homo
855 2736 963 2778 non
999 2722 1244 2777 nascitur
1282 2721 1387 2777 nisi
1414 2722 1602 2789 semel,
1641 2723 1724 2781 sic
1768 2734 1826 2781 et
1861 2728 2032 2784 semel
2070 2737 2282 2791 tantum

288 2813 618 2889 baptizatur.
646 2810 801 2869 Unde
828 2816 885 2865 et
910 2809 1086 2865 sancti
1116 2807 1443 2865 addiderunt
1468 2826 1484 2865 ι
1515 2809 1785 2883 Confiteor
1806 2829 1976 2873 unum
1999 2816 2283 2892 baptisma.
2351 2844 2356 2847 ·

294 2903 476 2961 Virtus
510 2906 695 2959 autem
721 2897 979 2971 baptismi
1015 2902 1120 2965 est,
1160 2895 1308 2971 quod
1334 2903 1534 2971 purgat
1567 2898 1639 2955 ab
1663 2902 1916 2959 omnibus
1940 2909 2200 2978 peccatis,
2227 2919 2286 2968 et

294 2989 657 3074 quantum'ad
698 2988 935 3061 culpam,
978 2992 1036 3043 et
1062 2992 1329 3059 quantum
1368 2987 1438 3043 ad
1465 3002 1686 3062 poenam
1717 3006 1732 3046 ι
1775 3000 1831 3049 et
1857 2993 1984 3051 inde
2021 3005 2106 3055 est
2139 3000 2290 3073 quod

295 3080 437 3138 nulla
488 3076 809 3153 poenitentia
848 3074 1145 3148 imponitur
1185 3073 1496 3148 baptizatis,
1551 3086 2052 3157 quantumcumque
2086 3085 2289 3147 fuerint

255 3204 259 3208 -
297 3176 631 3241 peccatoreS‚
657 3171 713 3223 et
739 3165 927 3223 statim
949 3165 1253 3223 moriantur
1280 3172 1401 3238 post
1429 3165 1778 3239 baptismum,
1812 3172 2128 3234 immediate
2153 3192 2289 3236 evo-

298 3257 411 3317 lant
431 3258 489 3315 in
516 3257 688 3314 vitam
713 3262 996 3313 aeternam.
1021 3254 1156 3311 Inde
1183 3261 1271 3311 est
1292 3254 1481 3323 etiam,
1507 3256 1656 3329 quod
1682 3256 1812 3317 licet
1837 3261 1940 3319 soli
1967 3264 2291 3326 Sacerdotes

300 3362 364 3405 ex
386 3346 564 3405 officio
592 3343 888 3415 baptizent,
916 3359 985 3400 ex
1011 3343 1337 3401 necessitate
1364 3350 1551 3401 tamen
1575 3344 1800 3405 cuilibet
1829 3348 1960 3407 licet
1989 3352 2285 3427 baptizare,

301 3442 519 3493 servata
542 3440 726 3490 tamen
748 3432 928 3489 forma
956 3429 1215 3503 baptismi
1248 3446 1374 3505 quae
1408 3438 1494 3490 εει
1523 3450 1539 3489 2
1569 3452 1598 3487 ι
1623 3433 1737 3507 Ego
1774 3441 1830 3495 te
1853 3437 2068 3513 baptizo
2097 3442 2152 3498 in
2185 3458 2290 3501 no·-

303 3524 443 3581 mine
470 3523 662 3597 patriS,
689 3526 747 3579 ει
774 3519 893 3587 filii,
923 3526 981 3577 et
1002 3520 1237 3592 Spiritus
1255 3520 1462 3594 Sancti.
1493 3540 1522 3575 a>
1549 3522 1727 3580 Sumit
1749 3534 1933 3585 autem
1958 3526 2062 3586 hoc
2096 3531 2295 3590 Sacra-

307 3618 544 3669 mentum
593 3609 857 3670 virtutem
902 3622 936 3665 a
978 3606 1231 3680 passione
1268 3602 1490 3665 Christi.
1528 3610 1759 3669 Roman.
1810 3628 1870 3672 vi
1919 3631 1933 3671 z
1979 3616 2296 3693 Quicumque

185 3755 189 3759 .
308 3698 564 3773 baptizati
588 3712 770 3755 sumus
797 3695 859 3755 in
894 3694 1105 3753 Christo
1133 3693 1283 3762 Iesu,
1316 3694 1377 3751 in
1416 3703 1586 3754 morte
1606 3698 1775 3771 ipsius
1801 3700 2062 3775 baptizati
2095 3722 2295 3766 eumue.

308 3788 374 3845 Et
414 3788 541 3845 inde
576 3794 679 3855 est,
718 3785 865 3859 quod
906 3784 1050 3841 sicut
1085 3783 1331 3840 Christus
1365 3782 1470 3841 fuit
1498 3786 1672 3843 tribus
1698 3788 1892 3848 diebus
1931 3793 1986 3849 in
2024 3795 2296 3868 sepulcro,

311 3876 387 3933 ita
414 3876 477 3934 fit
502 3876 649 3935 trina
682 3873 957 3933 immersio
985 3873 1042 3930 in
1078 3888 1243 3948 aqua.
1277 3873 1587 3932 Secundum
1613 3876 2024 3941 Sacramentum
2051 3889 2137 3942 est
2162 3898 2300 3944 con-

312 3962 564 4025 firmatio.
591 3965 747 4025 Sicut
771 3963 919 4022 enim
944 3962 1004 4021 in
1033 3960 1143 4021 illis
1176 3960 1273 4037 qui
1296 3962 1658 4037 corporaliter
1689 3974 2008 4045 nascuntur,
2041 3986 2299 4039 necessa·-
