<?xml version="1.0" encoding="UTF-8"?>
<!DOCTYPE html PUBLIC "-//W3C//DTD XHTML 1.0 Transitional//EN"
    "http://www.w3.org/TR/xhtml1/DTD/xhtml1-transitional.dtd">
<html xmlns="http://www.w3.org/1999/xhtml" xml:lang="en" lang="en">
 <head>
  <title>
</title>
<meta http-equiv="Content-Type" content="text/html;charset=utf-8" />
  <meta name='ocr-system' content='tesseract 3.04.00' />
  <meta name='ocr-capabilities' content='ocr_page ocr_carea ocr_par ocr_line ocrx_word'/>
</head>
<body>
  <div class='ocr_page' id='page_1' title='image "./sthomaquinatisd02thomgoog_0344.png"; bbox 0 0 2850 4517; ppageno 0'>
   <div class='ocr_carea' id='block_1_1' title="bbox 544 416 2074 482">
    <p class='ocr_par' dir='ltr' id='par_1_1' title="bbox 544 416 2074 482">
     <span class='ocr_line' id='line_1_1' title="bbox 544 416 2074 482; baseline 0.001 -8"><span class='ocrx_word' id='word_1_1' title='bbox 544 416 662 478; x_wconf 88' lang='grc'>330</span> <span class='ocrx_word' id='word_1_2' title='bbox 1022 435 1072 476; x_wconf 89' lang='lat' dir='ltr'>s.</span> <span class='ocrx_word' id='word_1_3' title='bbox 1118 416 1351 475; x_wconf 73' lang='lat' dir='ltr'>&#39;rnoMAE</span> <span class='ocrx_word' id='word_1_4' title='bbox 1396 433 1721 482; x_wconf 70' lang='lat' dir='ltr'>AQmNA&#39;ris</span> <span class='ocrx_word' id='word_1_5' title='bbox 1763 433 2074 475; x_wconf 67' lang='lat' dir='ltr'>opuscum.</span> 
     </span>
    </p>
   </div>
   <div class='ocr_carea' id='block_1_2' title="bbox 542 533 2563 796">
    <p class='ocr_par' dir='ltr' id='par_1_2' title="bbox 542 533 2563 796">
     <span class='ocr_line' id='line_1_2' title="bbox 542 533 2561 622; baseline 0.001 -19"><span class='ocrx_word' id='word_1_6' title='bbox 542 549 791 618; x_wconf 76' lang='lat' dir='ltr'>deantur,</span> <span class='ocrx_word' id='word_1_7' title='bbox 819 550 966 622; x_wconf 90' lang='lat' dir='ltr'>quod</span> <span class='ocrx_word' id='word_1_8' title='bbox 987 533 1177 605; x_wconf 80' lang='lat' dir='ltr'>eorum</span> <span class='ocrx_word' id='word_1_9' title='bbox 1201 549 1409 605; x_wconf 87' lang='lat' dir='ltr'>fructus</span> <span class='ocrx_word' id='word_1_10' title='bbox 1442 563 1544 603; x_wconf 91' lang='lat' dir='ltr'>non</span> <span class='ocrx_word' id='word_1_11' title='bbox 1577 546 1904 618; x_wconf 85' lang='lat' dir='ltr'>lucrifaciat,</span> <span class='ocrx_word' id='word_1_12' title='bbox 1934 548 2028 602; x_wconf 89' lang='lat' dir='ltr'>sed</span> <span class='ocrx_word' id='word_1_13' title='bbox 2055 547 2234 604; x_wconf 89' lang='lat' dir='ltr'>solum</span> <span class='ocrx_word' id='word_1_14' title='bbox 2259 541 2561 621; x_wconf 79' lang='lat' dir='ltr'>dispenset,</span> 
     </span>
     <span class='ocr_line' id='line_1_3' title="bbox 542 635 2563 718; baseline -0.001 -25"><span class='ocrx_word' id='word_1_15' title='bbox 542 639 873 710; x_wconf 71' lang='lat' dir='ltr'>evangelicae</span> <span class='ocrx_word' id='word_1_16' title='bbox 898 638 1220 710; x_wconf 87' lang='lat' dir='ltr'>perfectioni</span> <span class='ocrx_word' id='word_1_17' title='bbox 1250 653 1357 693; x_wconf 91' lang='lat' dir='ltr'>non</span> <span class='ocrx_word' id='word_1_18' title='bbox 1387 635 1634 708; x_wconf 80' lang='lat' dir='ltr'><strong>derogat,</strong></span> <span class='ocrx_word' id='word_1_19' title='bbox 1668 635 1912 708; x_wconf 81' lang='lat' dir='ltr'>alioquin</span> <span class='ocrx_word' id='word_1_20' title='bbox 1943 635 2171 718; x_wconf 73' lang='lat' dir='ltr'>abbates</span> <span class='ocrx_word' id='word_1_21' title='bbox 2199 645 2254 692; x_wconf 88' lang='lat' dir='ltr'>et</span> <span class='ocrx_word' id='word_1_22' title='bbox 2281 639 2563 710; x_wconf 85' lang='lat' dir='ltr'>praepositi</span> 
     </span>
     <span class='ocr_line' id='line_1_4' title="bbox 546 721 2563 796; baseline -0 -17"><span class='ocrx_word' id='word_1_23' title='bbox 546 726 997 781; x_wconf 82' lang='lat' dir='ltr'><strong>monasteriorum</strong></span> <span class='ocrx_word' id='word_1_24' title='bbox 1032 741 1063 780; x_wconf 88' lang='lat' dir='ltr'>a</span> <span class='ocrx_word' id='word_1_25' title='bbox 1101 723 1377 796; x_wconf 82' lang='lat' dir='ltr'>religionis</span> <span class='ocrx_word' id='word_1_26' title='bbox 1422 722 1759 795; x_wconf 80' lang='lat' dir='ltr'>perfectione</span> <span class='ocrx_word' id='word_1_27' title='bbox 1801 721 2120 778; x_wconf 79' lang='lat' dir='ltr'>deciderent</span> <span class='ocrx_word' id='word_1_28' title='bbox 2149 729 2345 778; x_wconf 84' lang='lat' dir='ltr'>contra</span> <span class='ocrx_word' id='word_1_29' title='bbox 2373 733 2563 779; x_wconf 85' lang='lat' dir='ltr'>votum</span> 
     </span>
    </p>
   </div>
   <div class='ocr_carea' id='block_1_3' title="bbox 456 810 2565 886">
    <p class='ocr_par' dir='ltr' id='par_1_3' title="bbox 456 810 2565 886">
     <span class='ocr_line' id='line_1_5' title="bbox 456 810 2565 886; baseline 0 -18"><span class='ocrx_word' id='word_1_30' title='bbox 456 834 461 838; x_wconf 93' lang='lat'>·</span> <span class='ocrx_word' id='word_1_31' title='bbox 545 813 884 886; x_wconf 79' lang='lat' dir='ltr'>paupertatis</span> <span class='ocrx_word' id='word_1_32' title='bbox 923 821 1165 884; x_wconf 82' lang='lat' dir='ltr'>agenteS,</span> <span class='ocrx_word' id='word_1_33' title='bbox 1199 812 1345 886; x_wconf 91' lang='lat' dir='ltr'>quod</span> <span class='ocrx_word' id='word_1_34' title='bbox 1376 818 1461 868; x_wconf 89' lang='lat' dir='ltr'>est</span> <span class='ocrx_word' id='word_1_35' title='bbox 1499 811 1716 867; x_wconf 91' lang='lat' dir='ltr'>omnino</span> <span class='ocrx_word' id='word_1_36' title='bbox 1747 810 2064 866; x_wconf 88' lang='lat' dir='ltr'>absurdum.</span> <span class='ocrx_word' id='word_1_37' title='bbox 2115 812 2170 867; x_wconf 93' lang='lat' dir='ltr'>Si</span> <span class='ocrx_word' id='word_1_38' title='bbox 2200 828 2332 867; x_wconf 87' lang='lat' dir='ltr'>vero</span> <span class='ocrx_word' id='word_1_39' title='bbox 2361 812 2565 886; x_wconf 88' lang='lat' dir='ltr'>aliquis</span> 
     </span>
    </p>
   </div>
   <div class='ocr_carea' id='block_1_4' title="bbox 460 899 2626 4074">
    <p class='ocr_par' dir='ltr' id='par_1_4' title="bbox 460 899 2626 4074">
     <span class='ocr_line' id='line_1_6' title="bbox 544 899 2564 972; baseline -0.001 -14"><span class='ocrx_word' id='word_1_40' title='bbox 544 919 611 958; x_wconf 88' lang='lat' dir='ltr'>ex</span> <span class='ocrx_word' id='word_1_41' title='bbox 630 903 1007 958; x_wconf 89' lang='lat' dir='ltr'>communibus</span> <span class='ocrx_word' id='word_1_42' title='bbox 1034 901 1292 958; x_wconf 87' lang='lat' dir='ltr'>Ecclesiae</span> <span class='ocrx_word' id='word_1_43' title='bbox 1320 900 1675 956; x_wconf 84' lang='lat' dir='ltr'>facultatibus</span> <span class='ocrx_word' id='word_1_44' title='bbox 1701 914 1806 954; x_wconf 92' lang='lat' dir='ltr'>non</span> <span class='ocrx_word' id='word_1_45' title='bbox 1833 899 2008 957; x_wconf 90' lang='lat' dir='ltr'>solum</span> <span class='ocrx_word' id='word_1_46' title='bbox 2034 899 2384 972; x_wconf 73' lang='lat' dir='ltr'>dispensator</span> <span class='ocrx_word' id='word_1_47' title='bbox 2409 901 2564 956; x_wconf 88' lang='lat' dir='ltr'>fruc-</span> 
     </span>
     <span class='ocr_line' id='line_1_7' title="bbox 478 978 2622 1058; baseline -0 -12"><span class='ocrx_word' id='word_1_48' title='bbox 478 1033 481 1036; x_wconf 74' lang='lat'>.</span> <span class='ocrx_word' id='word_1_49' title='bbox 545 978 719 1058; x_wconf 88' lang='lat' dir='ltr'>tuum,</span> <span class='ocrx_word' id='word_1_50' title='bbox 752 991 847 1046; x_wconf 91' lang='lat' dir='ltr'>sed</span> <span class='ocrx_word' id='word_1_51' title='bbox 876 991 1129 1047; x_wconf 90' lang='lat' dir='ltr'>dominus</span> <span class='ocrx_word' id='word_1_52' title='bbox 1156 991 1250 1048; x_wconf 84' lang='lat' dir='ltr'>fiat</span> <span class='ocrx_word' id='word_1_53' title='bbox 1280 1005 1373 1046; x_wconf 89' lang='lat' dir='ltr'>eos</span> <span class='ocrx_word' id='word_1_54' title='bbox 1408 988 1772 1054; x_wconf 83' lang='lat' dir='ltr'>lucrifacienS,</span> <span class='ocrx_word' id='word_1_55' title='bbox 1802 985 2156 1043; x_wconf 85' lang='lat' dir='ltr'>manifestum</span> <span class='ocrx_word' id='word_1_56' title='bbox 2185 995 2269 1046; x_wconf 90' lang='lat' dir='ltr'>est</span> <span class='ocrx_word' id='word_1_57' title='bbox 2305 1005 2432 1045; x_wconf 90' lang='lat' dir='ltr'>eum</span> <span class='ocrx_word' id='word_1_58' title='bbox 2455 991 2564 1045; x_wconf 82' lang='lat' dir='ltr'>&#39;ali-</span> <span class='ocrx_word' id='word_1_59' title='bbox 2615 1045 2622 1050; x_wconf 82' lang='grc'><em>,</em></span> 
     </span>
     <span class='ocr_line' id='line_1_8' title="bbox 548 1076 2562 1156; baseline 0 -22"><span class='ocrx_word' id='word_1_60' title='bbox 548 1079 679 1154; x_wconf 93' lang='lat' dir='ltr'>quid</span> <span class='ocrx_word' id='word_1_61' title='bbox 717 1081 996 1153; x_wconf 87' lang='lat' dir='ltr'>proprium</span> <span class='ocrx_word' id='word_1_62' title='bbox 1026 1080 1323 1152; x_wconf 81' lang='lat' dir='ltr'>possidere,</span> <span class='ocrx_word' id='word_1_63' title='bbox 1362 1085 1417 1134; x_wconf 89' lang='lat' dir='ltr'>et</span> <span class='ocrx_word' id='word_1_64' title='bbox 1441 1079 1524 1156; x_wconf 89' lang='lat' dir='ltr'>ita</span> <span class='ocrx_word' id='word_1_65' title='bbox 1573 1077 1758 1132; x_wconf 84' lang='lat' dir='ltr'>deficit</span> <span class='ocrx_word' id='word_1_66' title='bbox 1787 1093 1817 1131; x_wconf 85' lang='lat' dir='ltr'>a</span> <span class='ocrx_word' id='word_1_67' title='bbox 1850 1076 2184 1153; x_wconf 83' lang='lat' dir='ltr'>perfectione</span> <span class='ocrx_word' id='word_1_68' title='bbox 2226 1093 2431 1144; x_wconf 87' lang='lat' dir='ltr'>eorum,</span> <span class='ocrx_word' id='word_1_69' title='bbox 2467 1080 2562 1150; x_wconf 90' lang='lat' dir='ltr'>qui</span> 
     </span>
     <span class='ocr_line' id='line_1_9' title="bbox 547 1166 2561 1240; baseline -0.001 -16"><span class='ocrx_word' id='word_1_70' title='bbox 547 1169 797 1225; x_wconf 90' lang='lat' dir='ltr'>omnibus</span> <span class='ocrx_word' id='word_1_71' title='bbox 832 1169 1288 1225; x_wconf 88' lang='lat' dir='ltr'>abrenunciantes</span> <span class='ocrx_word' id='word_1_72' title='bbox 1334 1168 1458 1222; x_wconf 89' lang='lat' dir='ltr'>sine.</span> <span class='ocrx_word' id='word_1_73' title='bbox 1493 1167 1711 1240; x_wconf 87' lang='lat' dir='ltr'>proprio</span> <span class='ocrx_word' id='word_1_74' title='bbox 1743 1166 1954 1221; x_wconf 84' lang='lat' dir='ltr'>vivunt.</span> <span class='ocrx_word' id='word_1_75' title='bbox 1994 1166 2099 1221; x_wconf 90' lang='lat' dir='ltr'>Sed</span> <span class='ocrx_word' id='word_1_76' title='bbox 2130 1167 2261 1239; x_wconf 87' lang='lat' dir='ltr'>quia</span> <span class='ocrx_word' id='word_1_77' title='bbox 2307 1168 2561 1239; x_wconf 86' lang='lat' dir='ltr'>Episcopi</span> 
     </span>
     <span class='ocr_line' id='line_1_10' title="bbox 532 1243 2563 1333; baseline -0.001 -22"><span class='ocrx_word' id='word_1_78' title='bbox 532 1273 653 1333; x_wconf 28' lang='lat' dir='ltr'>‘non</span> <span class='ocrx_word' id='word_1_79' title='bbox 677 1243 854 1313; x_wconf 85' lang='lat' dir='ltr'>solum</span> <span class='ocrx_word' id='word_1_80' title='bbox 881 1257 1171 1312; x_wconf 74' lang='lat' dir='ltr'>facultates</span> <span class='ocrx_word' id='word_1_81' title='bbox 1194 1255 1454 1312; x_wconf 85' lang='lat' dir='ltr'>Ecclesiae</span> <span class='ocrx_word' id='word_1_82' title='bbox 1481 1254 1759 1327; x_wconf 89' lang='lat' dir='ltr'>possidere</span> <span class='ocrx_word' id='word_1_83' title='bbox 1786 1260 2032 1325; x_wconf 82' lang='lat' dir='ltr'>possunt,</span> <span class='ocrx_word' id='word_1_84' title='bbox 2064 1255 2162 1312; x_wconf 89' lang='lat' dir='ltr'>sed</span> <span class='ocrx_word' id='word_1_85' title='bbox 2191 1257 2359 1311; x_wconf 85' lang='lat' dir='ltr'>etiam</span> <span class='ocrx_word' id='word_1_86' title='bbox 2386 1257 2563 1328; x_wconf 82' lang='lat' dir='ltr'>patri-</span> 
     </span>
     <span class='ocr_line' id='line_1_11' title="bbox 548 1333 2557 1417; baseline -0.001 -17"><span class='ocrx_word' id='word_1_87' title='bbox 548 1333 805 1402; x_wconf 85' lang='lat' dir='ltr'>monialia</span> <span class='ocrx_word' id='word_1_88' title='bbox 833 1345 995 1410; x_wconf 88' lang='lat' dir='ltr'>hona,</span> <span class='ocrx_word' id='word_1_89' title='bbox 1028 1347 1095 1401; x_wconf 91' lang='lat' dir='ltr'>de</span> <span class='ocrx_word' id='word_1_90' title='bbox 1142 1345 1340 1417; x_wconf 84' lang='lat' dir='ltr'>quibus</span> <span class='ocrx_word' id='word_1_91' title='bbox 1378 1343 1546 1399; x_wconf 87' lang='lat' dir='ltr'>etiam</span> <span class='ocrx_word' id='word_1_92' title='bbox 1580 1343 1661 1398; x_wconf 90' lang='lat' dir='ltr'>eis</span> <span class='ocrx_word' id='word_1_93' title='bbox 1705 1349 2094 1399; x_wconf 84' lang='lat' dir='ltr'>testamentum</span> <span class='ocrx_word' id='word_1_94' title='bbox 2141 1347 2378 1400; x_wconf 89' lang='lat' dir='ltr'>condere</span> <span class='ocrx_word' id='word_1_95' title='bbox 2409 1344 2557 1410; x_wconf 86' lang='lat' dir='ltr'>licet,</span> 
     </span>
     <span class='ocr_line' id='line_1_12' title="bbox 548 1430 2564 1508; baseline -0 -21"><span class='ocrx_word' id='word_1_96' title='bbox 548 1434 765 1488; x_wconf 89' lang='lat' dir='ltr'>videtur</span> <span class='ocrx_word' id='word_1_97' title='bbox 800 1433 945 1505; x_wconf 92' lang='lat' dir='ltr'>quod</span> <span class='ocrx_word' id='word_1_98' title='bbox 969 1432 1059 1489; x_wconf 84' lang='lat' dir='ltr'>·ab</span> <span class='ocrx_word' id='word_1_99' title='bbox 1098 1432 1425 1502; x_wconf 84' lang='lat' dir='ltr'>Evangelica</span> <span class='ocrx_word' id='word_1_100' title='bbox 1456 1431 1791 1508; x_wconf 87' lang='lat' dir='ltr'>perfectione</span> <span class='ocrx_word' id='word_1_101' title='bbox 1834 1430 2110 1506; x_wconf 84' lang='lat' dir='ltr'>deficiant,</span> <span class='ocrx_word' id='word_1_102' title='bbox 2159 1432 2228 1486; x_wconf 89' lang='lat' dir='ltr'>ad</span> <span class='ocrx_word' id='word_1_103' title='bbox 2259 1447 2426 1503; x_wconf 87' lang='lat' dir='ltr'>quam</span> <span class='ocrx_word' id='word_1_104' title='bbox 2473 1433 2564 1487; x_wconf 91' lang='lat' dir='ltr'>in-</span> 
     </span>
     <span class='ocr_line' id='line_1_13' title="bbox 549 1518 2564 1592; baseline -0 -16"><span class='ocrx_word' id='word_1_105' title='bbox 549 1522 687 1576; x_wconf 88' lang='lat' dir='ltr'>vitat</span> <span class='ocrx_word' id='word_1_106' title='bbox 720 1523 1004 1588; x_wconf 85' lang='lat' dir='ltr'>Dominus,</span> <span class='ocrx_word' id='word_1_107' title='bbox 1040 1522 1231 1577; x_wconf 83' lang='lat' dir='ltr'>Matth.</span> <span class='ocrx_word' id='word_1_108' title='bbox 1260 1537 1386 1587; x_wconf 75' lang='lat' dir='ltr'>xix,</span> <span class='ocrx_word' id='word_1_109' title='bbox 1420 1520 1609 1576; x_wconf 88' lang='lat' dir='ltr'>dicens</span> <span class='ocrx_word' id='word_1_110' title='bbox 1641 1537 1654 1574; x_wconf 78' lang='lat' dir='ltr'>t</span> <span class='ocrx_word' id='word_1_111' title='bbox 1685 1518 1744 1575; x_wconf 80' lang='lat' dir='ltr'>Si</span> <span class='ocrx_word' id='word_1_112' title='bbox 1769 1520 1851 1574; x_wconf 78' lang='lat' dir='ltr'>vis</span> <span class='ocrx_word' id='word_1_113' title='bbox 1871 1519 2132 1592; x_wconf 73' lang='lat' dir='ltr'>perfectus</span> <span class='ocrx_word' id='word_1_114' title='bbox 2157 1536 2282 1584; x_wconf 75' lang='lat' dir='ltr'>esse,</span> <span class='ocrx_word' id='word_1_115' title='bbox 2309 1527 2419 1576; x_wconf 88' lang='lat' dir='ltr'>etc.</span> <span class='ocrx_word' id='word_1_116' title='bbox 2449 1521 2564 1576; x_wconf 90' lang='lat' dir='ltr'>Sed</span> 
     </span>
     <span class='ocr_line' id='line_1_14' title="bbox 550 1608 2565 1683; baseline -0.001 -19"><span class='ocrx_word' id='word_1_117' title='bbox 550 1610 666 1666; x_wconf 82' lang='lat' dir='ltr'>haec</span> <span class='ocrx_word' id='word_1_118' title='bbox 690 1611 925 1682; x_wconf 68' lang='lat' dir='ltr'>quaestio</span> <span class='ocrx_word' id='word_1_119' title='bbox 951 1611 1017 1666; x_wconf 90' lang='lat' dir='ltr'>de</span> <span class='ocrx_word' id='word_1_120' title='bbox 1040 1609 1187 1666; x_wconf 89' lang='lat' dir='ltr'>facili</span> <span class='ocrx_word' id='word_1_121' title='bbox 1214 1608 1460 1675; x_wconf 83' lang='lat' dir='ltr'>solvitur,</span> <span class='ocrx_word' id='word_1_122' title='bbox 1489 1608 1533 1662; x_wconf 91' lang='lat' dir='ltr'>si</span> <span class='ocrx_word' id='word_1_123' title='bbox 1561 1609 1824 1681; x_wconf 76' lang='lat' dir='ltr'>praedicta</span> <span class='ocrx_word' id='word_1_124' title='bbox 1849 1609 1914 1664; x_wconf 89' lang='lat' dir='ltr'>ad</span> <span class='ocrx_word' id='word_1_125' title='bbox 1941 1608 2253 1662; x_wconf 87' lang='lat' dir='ltr'>memoriam</span> <span class='ocrx_word' id='word_1_126' title='bbox 2281 1623 2565 1683; x_wconf 71' lang='lat' dir='ltr'>revocen-</span> 
     </span>
     <span class='ocr_line' id='line_1_15' title="bbox 554 1687 2568 1774; baseline 0.001 -23"><span class='ocrx_word' id='word_1_127' title='bbox 554 1707 659 1754; x_wconf 80' lang='lat' dir='ltr'>tur.</span> <span class='ocrx_word' id='word_1_128' title='bbox 691 1687 909 1768; x_wconf 74' lang='lat' dir='ltr'>Dictum</span> <span class='ocrx_word' id='word_1_129' title='bbox 953 1709 1036 1755; x_wconf 89' lang='lat' dir='ltr'>est</span> <span class='ocrx_word' id='word_1_130' title='bbox 1070 1699 1214 1754; x_wconf 88' lang='lat' dir='ltr'>enim</span> <span class='ocrx_word' id='word_1_131' title='bbox 1242 1713 1428 1770; x_wconf 88' lang='lat' dir='ltr'>supra,</span> <span class='ocrx_word' id='word_1_132' title='bbox 1459 1697 1604 1770; x_wconf 88' lang='lat' dir='ltr'>quod</span> <span class='ocrx_word' id='word_1_133' title='bbox 1640 1696 1920 1774; x_wconf 21' lang='lat' dir='ltr'>*abdicatio</span> <span class='ocrx_word' id='word_1_134' title='bbox 1957 1697 2296 1768; x_wconf 88' lang='lat' dir='ltr'>propriarum</span> <span class='ocrx_word' id='word_1_135' title='bbox 2325 1696 2568 1753; x_wconf 84' lang='lat' dir='ltr'>divitia-</span> 
     </span>
     <span class='ocr_line' id='line_1_16' title="bbox 548 1785 2560 1860; baseline 0 -19"><span class='ocrx_word' id='word_1_136' title='bbox 548 1803 671 1842; x_wconf 87' lang='lat' dir='ltr'>rum</span> <span class='ocrx_word' id='word_1_137' title='bbox 712 1803 821 1844; x_wconf 87' lang='lat' dir='ltr'>non</span> <span class='ocrx_word' id='word_1_138' title='bbox 860 1795 945 1843; x_wconf 90' lang='lat' dir='ltr'>est</span> <span class='ocrx_word' id='word_1_139' title='bbox 985 1787 1264 1860; x_wconf 76' lang='lat' dir='ltr'>perfecti0,</span> <span class='ocrx_word' id='word_1_140' title='bbox 1297 1787 1389 1842; x_wconf 91' lang='lat' dir='ltr'>sed</span> <span class='ocrx_word' id='word_1_141' title='bbox 1424 1786 1700 1858; x_wconf 87' lang='lat' dir='ltr'>quoddam</span> <span class='ocrx_word' id='word_1_142' title='bbox 1733 1785 2080 1858; x_wconf 87' lang='lat' dir='ltr'>perfectionis</span> <span class='ocrx_word' id='word_1_143' title='bbox 2110 1786 2560 1841; x_wconf 79' lang='lat' dir='ltr'>instrumentum.</span> 
     </span>
     <span class='ocr_line' id='line_1_17' title="bbox 550 1866 2626 1950; baseline -0 -20"><span class='ocrx_word' id='word_1_144' title='bbox 550 1877 810 1933; x_wconf 87' lang='lat' dir='ltr'>Possibile</span> <span class='ocrx_word' id='word_1_145' title='bbox 834 1882 1019 1932; x_wconf 87' lang='lat' dir='ltr'>autem</span> <span class='ocrx_word' id='word_1_146' title='bbox 1046 1882 1132 1932; x_wconf 89' lang='lat' dir='ltr'>est</span> <span class='ocrx_word' id='word_1_147' title='bbox 1158 1876 1398 1949; x_wconf 81' lang='lat' dir='ltr'>aliquem</span> <span class='ocrx_word' id='word_1_148' title='bbox 1428 1874 1818 1946; x_wconf 80' lang='lat' dir='ltr'>perfectionem</span> <span class='ocrx_word' id='word_1_149' title='bbox 1839 1866 2138 1950; x_wconf 75' lang='lat' dir='ltr'>&#39;acquirere</span> <span class='ocrx_word' id='word_1_150' title='bbox 2165 1874 2283 1930; x_wconf 90' lang='lat' dir='ltr'>sine</span> <span class='ocrx_word' id='word_1_151' title='bbox 2309 1875 2563 1946; x_wconf 82' lang='lat' dir='ltr'>propria·</span> <span class='ocrx_word' id='word_1_152' title='bbox 2617 1917 2626 1922; x_wconf 86' lang='lat'>-</span> 
     </span>
     <span class='ocr_line' id='line_1_18' title="bbox 551 1961 2564 2039; baseline -0.001 -20"><span class='ocrx_word' id='word_1_153' title='bbox 551 1980 670 2019; x_wconf 87' lang='lat' dir='ltr'>rum</span> <span class='ocrx_word' id='word_1_154' title='bbox 698 1965 1013 2036; x_wconf 86' lang='lat' dir='ltr'>divitiarum</span> <span class='ocrx_word' id='word_1_155' title='bbox 1040 1963 1343 2036; x_wconf 86' lang='lat' dir='ltr'>abjectione</span> <span class='ocrx_word' id='word_1_156' title='bbox 1368 1961 1570 2018; x_wconf 87' lang='lat' dir='ltr'>actuali</span> <span class='ocrx_word' id='word_1_157' title='bbox 1605 1978 1617 2015; x_wconf 91' lang='lat'>:</span> <span class='ocrx_word' id='word_1_158' title='bbox 1643 1961 1746 2039; x_wconf 84' lang='lat' dir='ltr'>hoc</span> <span class='ocrx_word' id='word_1_159' title='bbox 1773 1967 1958 2017; x_wconf 85' lang='lat' dir='ltr'>autem</span> <span class='ocrx_word' id='word_1_160' title='bbox 1983 1962 2064 2016; x_wconf 90' lang='lat' dir='ltr'>sic</span> <span class='ocrx_word' id='word_1_161' title='bbox 2095 1962 2564 2033; x_wconf 82' lang='lat' dir='ltr'>potest-manifes-</span> 
     </span>
     <span class='ocr_line' id='line_1_19' title="bbox 553 2038 2562 2123; baseline -0.003 -18"><span class='ocrx_word' id='word_1_162' title='bbox 553 2043 678 2107; x_wconf 81' lang='lat' dir='ltr'>tari.</span> <span class='ocrx_word' id='word_1_163' title='bbox 722 2053 857 2108; x_wconf 90' lang='lat' dir='ltr'>Cum</span> <span class='ocrx_word' id='word_1_164' title='bbox 902 2053 1046 2108; x_wconf 91' lang='lat' dir='ltr'>enim</span> <span class='ocrx_word' id='word_1_165' title='bbox 1076 2052 1339 2107; x_wconf 89' lang='lat' dir='ltr'>Dominus</span> <span class='ocrx_word' id='word_1_166' title='bbox 1375 2038 1726 2123; x_wconf 84' lang='lat' dir='ltr'>perfectionis</span> <span class='ocrx_word' id='word_1_167' title='bbox 1755 2051 2084 2106; x_wconf 86' lang='lat' dir='ltr'>documenta</span> <span class='ocrx_word' id='word_1_168' title='bbox 2114 2049 2351 2114; x_wconf 75' lang='lat' dir='ltr'>tradenS,</span> <span class='ocrx_word' id='word_1_169' title='bbox 2385 2050 2562 2120; x_wconf 77' lang='lat' dir='ltr'>dicat,</span> 
     </span>
     <span class='ocr_line' id='line_1_20' title="bbox 549 2129 2564 2220; baseline -0 -24"><span class='ocrx_word' id='word_1_170' title='bbox 549 2141 740 2198; x_wconf 83' lang='lat' dir='ltr'>Mattb.</span> <span class='ocrx_word' id='word_1_171' title='bbox 774 2159 808 2198; x_wconf 93' lang='lat' dir='ltr'><strong>v</strong></span> <span class='ocrx_word' id='word_1_172' title='bbox 840 2161 853 2197; x_wconf 76' lang='grc' dir='ltr'>ε</span> <span class='ocrx_word' id='word_1_173' title='bbox 881 2143 939 2198; x_wconf 84' lang='lat' dir='ltr'>Si</span> <span class='ocrx_word' id='word_1_174' title='bbox 962 2143 1078 2214; x_wconf 79' lang='lat' dir='ltr'>quis</span> <span class='ocrx_word' id='word_1_175' title='bbox 1104 2150 1151 2198; x_wconf 84' lang='lat' dir='ltr'>te</span> <span class='ocrx_word' id='word_1_176' title='bbox 1164 2129 1490 2214; x_wconf 72' lang='lat' dir='ltr'>percusserit</span> <span class='ocrx_word' id='word_1_177' title='bbox 1507 2141 1568 2196; x_wconf 79' lang='lat' dir='ltr'>in</span> <span class='ocrx_word' id='word_1_178' title='bbox 1591 2140 1863 2197; x_wconf 76' lang='lat' dir='ltr'>deoeteram</span> <span class='ocrx_word' id='word_1_179' title='bbox 1890 2140 2170 2220; x_wconf 66' lang='lat' dir='ltr'>maxillam</span> <span class='ocrx_word' id='word_1_180' title='bbox 2191 2149 2354 2204; x_wconf 74' lang='lat' dir='ltr'>tuam,</span> <span class='ocrx_word' id='word_1_181' title='bbox 2378 2140 2564 2212; x_wconf 81' lang='lat' dir='ltr'>proebe</span> 
     </span>
     <span class='ocr_line' id='line_1_21' title="bbox 550 2225 2564 2301; baseline -0 -18"><span class='ocrx_word' id='word_1_182' title='bbox 550 2229 634 2285; x_wconf 81' lang='lat' dir='ltr'>illi</span> <span class='ocrx_word' id='word_1_183' title='bbox 660 2237 710 2285; x_wconf 84' lang='lat' dir='ltr'>et</span> <span class='ocrx_word' id='word_1_184' title='bbox 738 2225 963 2286; x_wconf 78' lang='lat' dir='ltr'>alteram</span> <span class='ocrx_word' id='word_1_185' title='bbox 987 2247 1006 2286; x_wconf 88' lang='grc'>.·</span> <span class='ocrx_word' id='word_1_186' title='bbox 1044 2236 1093 2284; x_wconf 85' lang='lat' dir='ltr'>et</span> <span class='ocrx_word' id='word_1_187' title='bbox 1118 2231 1169 2285; x_wconf 81' lang='lat' dir='ltr'>ei</span> <span class='ocrx_word' id='word_1_188' title='bbox 1195 2230 1289 2301; x_wconf 83' lang='lat' dir='ltr'>qui</span> <span class='ocrx_word' id='word_1_189' title='bbox 1331 2229 1446 2285; x_wconf 71' lang='lat' dir='ltr'>vult</span> <span class='ocrx_word' id='word_1_190' title='bbox 1471 2236 1637 2286; x_wconf 79' lang='lat' dir='ltr'>tecum</span> <span class='ocrx_word' id='word_1_191' title='bbox 1670 2229 1730 2282; x_wconf 82' lang='lat' dir='ltr'>in</span> <span class='ocrx_word' id='word_1_192' title='bbox 1753 2227 1956 2299; x_wconf 63' lang='lat' dir='ltr'>ffudicio</span> <span class='ocrx_word' id='word_1_193' title='bbox 1985 2229 2298 2284; x_wconf 80' lang='lat' dir='ltr'>contendere</span> <span class='ocrx_word' id='word_1_194' title='bbox 2323 2236 2376 2285; x_wconf 80' lang='lat' dir='ltr'>et</span> <span class='ocrx_word' id='word_1_195' title='bbox 2405 2229 2564 2285; x_wconf 74' lang='lat' dir='ltr'>tumi-</span> 
     </span>
     <span class='ocr_line' id='line_1_22' title="bbox 551 2317 2566 2389; baseline 0 -17"><span class='ocrx_word' id='word_1_196' title='bbox 551 2335 664 2374; x_wconf 80' lang='lat' dir='ltr'>cam</span> <span class='ocrx_word' id='word_1_197' title='bbox 706 2319 908 2382; x_wconf 84' lang='lat' dir='ltr'>tollere,</span> <span class='ocrx_word' id='word_1_198' title='bbox 948 2317 1157 2374; x_wconf 77' lang='lat' dir='ltr'>dimitte</span> <span class='ocrx_word' id='word_1_199' title='bbox 1197 2318 1247 2372; x_wconf 78' lang='lat' dir='ltr'>ei</span> <span class='ocrx_word' id='word_1_200' title='bbox 1294 2325 1343 2372; x_wconf 83' lang='lat' dir='ltr'>et</span> <span class='ocrx_word' id='word_1_201' title='bbox 1378 2318 1604 2389; x_wconf 78' lang='lat' dir='ltr'>pallium</span> <span class='ocrx_word' id='word_1_202' title='bbox 1633 2334 1652 2374; x_wconf 89' lang='grc'>.·</span> <span class='ocrx_word' id='word_1_203' title='bbox 1695 2323 1745 2373; x_wconf 84' lang='lat' dir='ltr'>et</span> <span class='ocrx_word' id='word_1_204' title='bbox 1774 2317 2082 2388; x_wconf 75' lang='lat' dir='ltr'>quicumque</span> <span class='ocrx_word' id='word_1_205' title='bbox 2111 2324 2159 2372; x_wconf 81' lang='lat' dir='ltr'>te</span> <span class='ocrx_word' id='word_1_206' title='bbox 2185 2317 2566 2388; x_wconf 71' lang='lat' dir='ltr'>anyer-iuverit</span> 
     </span>
     <span class='ocr_line' id='line_1_23' title="bbox 550 2393 2564 2478; baseline 0.001 -20"><span class='ocrx_word' id='word_1_207' title='bbox 550 2405 691 2458; x_wconf 81' lang='lat' dir='ltr'>mille</span> <span class='ocrx_word' id='word_1_208' title='bbox 721 2421 933 2474; x_wconf 79' lang='lat' dir='ltr'>passus,</span> <span class='ocrx_word' id='word_1_209' title='bbox 959 2405 1090 2459; x_wconf 81' lang='lat' dir='ltr'>vade</span> <span class='ocrx_word' id='word_1_210' title='bbox 1118 2420 1234 2459; x_wconf 75' lang='lat' dir='ltr'>cum</span> <span class='ocrx_word' id='word_1_211' title='bbox 1261 2405 1353 2460; x_wconf 80' lang='lat' dir='ltr'>illo</span> <span class='ocrx_word' id='word_1_212' title='bbox 1381 2412 1432 2460; x_wconf 83' lang='lat' dir='ltr'>et</span> <span class='ocrx_word' id='word_1_213' title='bbox 1460 2393 1571 2461; x_wconf 73' lang='lat' dir='ltr'>aliu</span> <span class='ocrx_word' id='word_1_214' title='bbox 1612 2405 1714 2460; x_wconf 81' lang='lat' dir='ltr'>duo</span> <span class='ocrx_word' id='word_1_215' title='bbox 1761 2421 1780 2461; x_wconf 92' lang='lat'>.·</span> <span class='ocrx_word' id='word_1_216' title='bbox 1810 2421 1916 2460; x_wconf 89' lang='lat' dir='ltr'>non</span> <span class='ocrx_word' id='word_1_217' title='bbox 1957 2419 2173 2477; x_wconf 86' lang='lat' dir='ltr'>semper</span> <span class='ocrx_word' id='word_1_218' title='bbox 2201 2405 2427 2478; x_wconf 85' lang='lat' dir='ltr'>perfecti</span> <span class='ocrx_word' id='word_1_219' title='bbox 2459 2407 2564 2461; x_wconf 85' lang='lat' dir='ltr'>hoc</span> 
     </span>
     <span class='ocr_line' id='line_1_24' title="bbox 552 2487 2566 2567; baseline 0.002 -21"><span class='ocrx_word' id='word_1_220' title='bbox 552 2499 679 2546; x_wconf 86' lang='lat' dir='ltr'>actu</span> <span class='ocrx_word' id='word_1_221' title='bbox 705 2493 995 2564; x_wconf 88' lang='lat' dir='ltr'>complent,</span> <span class='ocrx_word' id='word_1_222' title='bbox 1025 2492 1265 2564; x_wconf 88' lang='lat' dir='ltr'>alioquin</span> <span class='ocrx_word' id='word_1_223' title='bbox 1294 2493 1558 2548; x_wconf 88' lang='lat' dir='ltr'>Dominus</span> <span class='ocrx_word' id='word_1_224' title='bbox 1586 2493 1656 2548; x_wconf 84' lang='lat' dir='ltr'>ab</span> <span class='ocrx_word' id='word_1_225' title='bbox 1683 2491 1786 2548; x_wconf 88' lang='lat' dir='ltr'>hac</span> <span class='ocrx_word' id='word_1_226' title='bbox 1809 2492 2143 2564; x_wconf 84' lang='lat' dir='ltr'>perfectione</span> <span class='ocrx_word' id='word_1_227' title='bbox 2173 2493 2394 2560; x_wconf 83' lang='lat' dir='ltr'>defecit,</span> <span class='ocrx_word' id='word_1_228' title='bbox 2415 2487 2566 2567; x_wconf 72' lang='lat' dir='ltr'>&#39;quia</span> 
     </span>
     <span class='ocr_line' id='line_1_25' title="bbox 552 2580 2566 2654; baseline 0.001 -20"><span class='ocrx_word' id='word_1_229' title='bbox 552 2581 606 2634; x_wconf 89' lang='lat' dir='ltr'>in</span> <span class='ocrx_word' id='word_1_230' title='bbox 636 2580 856 2636; x_wconf 86' lang='lat' dir='ltr'>maxilla</span> <span class='ocrx_word' id='word_1_231' title='bbox 886 2581 1043 2653; x_wconf 87' lang='lat' dir='ltr'>alapa</span> <span class='ocrx_word' id='word_1_232' title='bbox 1074 2589 1328 2653; x_wconf 86' lang='lat' dir='ltr'>suscepta</span> <span class='ocrx_word' id='word_1_233' title='bbox 1359 2597 1464 2636; x_wconf 91' lang='lat' dir='ltr'>non</span> <span class='ocrx_word' id='word_1_234' title='bbox 1496 2582 1732 2654; x_wconf 83' lang='lat' dir='ltr'>praebuit</span> <span class='ocrx_word' id='word_1_235' title='bbox 1775 2583 1822 2637; x_wconf 90' lang='lat' dir='ltr'>ei</span> <span class='ocrx_word' id='word_1_236' title='bbox 1854 2581 2102 2648; x_wconf 83' lang='lat' dir='ltr'>alteram,</span> <span class='ocrx_word' id='word_1_237' title='bbox 2143 2582 2242 2638; x_wconf 87' lang='lat' dir='ltr'>sed</span> <span class='ocrx_word' id='word_1_238' title='bbox 2270 2581 2408 2638; x_wconf 85' lang='lat' dir='ltr'>dixit</span> <span class='ocrx_word' id='word_1_239' title='bbox 2439 2598 2454 2636; x_wconf 78' lang='lat' dir='ltr'><strong><em>z</em></strong></span> <span class='ocrx_word' id='word_1_240' title='bbox 2504 2583 2566 2637; x_wconf 74' lang='lat' dir='ltr'>Si</span> 
     </span>
     <span class='ocr_line' id='line_1_26' title="bbox 550 2659 2566 2741; baseline 0.001 -19"><span class='ocrx_word' id='word_1_241' title='bbox 550 2669 687 2723; x_wconf 67' lang='lat' dir='ltr'>vnale</span> <span class='ocrx_word' id='word_1_242' title='bbox 714 2669 915 2725; x_wconf 79' lang='lat' dir='ltr'>locutus</span> <span class='ocrx_word' id='word_1_243' title='bbox 953 2686 1085 2737; x_wconf 82' lang='lat' dir='ltr'>sum,</span> <span class='ocrx_word' id='word_1_244' title='bbox 1118 2659 1339 2741; x_wconf 56' lang='lat' dir='ltr'>&#39;perhibe</span> <span class='ocrx_word' id='word_1_245' title='bbox 1388 2669 1744 2726; x_wconf 75' lang='lat' dir='ltr'>testimonium</span> <span class='ocrx_word' id='word_1_246' title='bbox 1786 2670 1848 2725; x_wconf 82' lang='lat' dir='ltr'>de</span> <span class='ocrx_word' id='word_1_247' title='bbox 1887 2671 2028 2726; x_wconf 84' lang='lat' dir='ltr'>malo</span> <span class='ocrx_word' id='word_1_248' title='bbox 2055 2687 2076 2726; x_wconf 91' lang='lat'>.·</span> <span class='ocrx_word' id='word_1_249' title='bbox 2104 2669 2153 2724; x_wconf 76' lang='lat' dir='ltr'>si</span> <span class='ocrx_word' id='word_1_250' title='bbox 2195 2677 2370 2726; x_wconf 77' lang='lat' dir='ltr'>autem</span> <span class='ocrx_word' id='word_1_251' title='bbox 2412 2670 2566 2736; x_wconf 73' lang='lat' dir='ltr'>bene,</span> 
     </span>
     <span class='ocr_line' id='line_1_27' title="bbox 553 2758 2569 2833; baseline 0.001 -22"><span class='ocrx_word' id='word_1_252' title='bbox 553 2774 651 2812; x_wconf 78' lang='lat' dir='ltr'>cm·</span> <span class='ocrx_word' id='word_1_253' title='bbox 684 2775 762 2813; x_wconf 84' lang='lat' dir='ltr'>me</span> <span class='ocrx_word' id='word_1_254' title='bbox 788 2758 990 2814; x_wconf 76' lang='lat' dir='ltr'>caedis?</span> <span class='ocrx_word' id='word_1_255' title='bbox 1032 2769 1094 2814; x_wconf 89' lang='lat' dir='ltr'>ut</span> <span class='ocrx_word' id='word_1_256' title='bbox 1131 2759 1332 2814; x_wconf 87' lang='lat' dir='ltr'>dicitur</span> <span class='ocrx_word' id='word_1_257' title='bbox 1360 2759 1517 2814; x_wconf 85' lang='lat' dir='ltr'>Joan.</span> <span class='ocrx_word' id='word_1_258' title='bbox 1549 2774 1720 2815; x_wconf 80' lang='lat' dir='ltr'>xvnr.</span> <span class='ocrx_word' id='word_1_259' title='bbox 1763 2759 1870 2814; x_wconf 94' lang='lat' dir='ltr'>Sed</span> <span class='ocrx_word' id='word_1_260' title='bbox 1900 2759 2000 2814; x_wconf 81' lang='lat' dir='ltr'>ne&#39;c</span> <span class='ocrx_word' id='word_1_261' title='bbox 2029 2759 2230 2819; x_wconf 88' lang='lat' dir='ltr'>Paulus</span> <span class='ocrx_word' id='word_1_262' title='bbox 2265 2777 2391 2815; x_wconf 86' lang='lat' dir='ltr'>cum</span> <span class='ocrx_word' id='word_1_263' title='bbox 2429 2777 2569 2833; x_wconf 86' lang='lat' dir='ltr'>per-</span> 
     </span>
     <span class='ocr_line' id='line_1_28' title="bbox 552 2847 2563 2923; baseline 0 -22"><span class='ocrx_word' id='word_1_264' title='bbox 552 2854 848 2914; x_wconf 81' lang='lat' dir='ltr'>cuteretur,</span> <span class='ocrx_word' id='word_1_265' title='bbox 880 2847 1152 2905; x_wconf 84' lang='lat' dir='ltr'>maxillam</span> <span class='ocrx_word' id='word_1_266' title='bbox 1183 2847 1437 2921; x_wconf 64' lang='lat' dir='ltr'>praebuit,</span> <span class='ocrx_word' id='word_1_267' title='bbox 1465 2848 1558 2904; x_wconf 89' lang='lat' dir='ltr'>sed</span> <span class='ocrx_word' id='word_1_268' title='bbox 1590 2848 1733 2902; x_wconf 89' lang='lat' dir='ltr'>sicut</span> <span class='ocrx_word' id='word_1_269' title='bbox 1763 2848 1994 2923; x_wconf 80' lang='lat' dir='ltr'>dicitur,</span> <span class='ocrx_word' id='word_1_270' title='bbox 2014 2852 2138 2906; x_wconf 88' lang='lat' dir='ltr'>Act.</span> <span class='ocrx_word' id='word_1_271' title='bbox 2171 2864 2348 2913; x_wconf 84' lang='lat' dir='ltr'>xxm,</span> <span class='ocrx_word' id='word_1_272' title='bbox 2376 2849 2520 2904; x_wconf 85' lang='lat' dir='ltr'>dixit</span> <span class='ocrx_word' id='word_1_273' title='bbox 2547 2866 2563 2902; x_wconf 74' lang='grc' dir='ltr'><strong>ε</strong></span> 
     </span>
     <span class='ocr_line' id='line_1_29' title="bbox 550 2936 2567 3010; baseline 0.002 -21"><span class='ocrx_word' id='word_1_274' title='bbox 550 2936 823 2992; x_wconf 82' lang='lat' dir='ltr'>Percutiat</span> <span class='ocrx_word' id='word_1_275' title='bbox 863 2944 913 2994; x_wconf 81' lang='lat' dir='ltr'>te</span> <span class='ocrx_word' id='word_1_276' title='bbox 956 2937 1119 3003; x_wconf 70' lang='lat' dir='ltr'>Deae,</span> <span class='ocrx_word' id='word_1_277' title='bbox 1156 2937 1341 3010; x_wconf 77' lang='lat' dir='ltr'>pari-es</span> <span class='ocrx_word' id='word_1_278' title='bbox 1376 2937 1631 2992; x_wconf 74' lang='lat' dir='ltr'>dealbate.</span> <span class='ocrx_word' id='word_1_279' title='bbox 1676 2937 1794 2993; x_wconf 90' lang='lat' dir='ltr'>Non</span> <span class='ocrx_word' id='word_1_280' title='bbox 1829 2945 1914 2993; x_wconf 83' lang='lat' dir='ltr'>est</span> <span class='ocrx_word' id='word_1_281' title='bbox 1937 2952 2070 3008; x_wconf 86' lang='lat' dir='ltr'>ergo</span> <span class='ocrx_word' id='word_1_282' title='bbox 2116 2939 2206 2992; x_wconf 74' lang='lat' dir='ltr'>de&#39;</span> <span class='ocrx_word' id='word_1_283' title='bbox 2234 2939 2567 2993; x_wconf 87' lang='lat' dir='ltr'>necessitate</span> 
     </span>
     <span class='ocr_line' id='line_1_30' title="bbox 554 3016 2568 3097; baseline 0 -18"><span class='ocrx_word' id='word_1_284' title='bbox 554 3025 917 3095; x_wconf 87' lang='lat' dir='ltr'>perfectionis,</span> <span class='ocrx_word' id='word_1_285' title='bbox 961 3033 1021 3080; x_wconf 92' lang='lat' dir='ltr'>ut</span> <span class='ocrx_word' id='word_1_286' title='bbox 1057 3025 1367 3097; x_wconf 87' lang='lat' dir='ltr'>hujusmodi</span> <span class='ocrx_word' id='word_1_287' title='bbox 1414 3041 1580 3097; x_wconf 89' lang='lat' dir='ltr'>opera</span> <span class='ocrx_word' id='word_1_288' title='bbox 1617 3016 2015 3096; x_wconf 79' lang='lat' dir='ltr'>compleantur,</span> <span class='ocrx_word' id='word_1_289' title='bbox 2047 3026 2142 3080; x_wconf 90' lang='lat' dir='ltr'>sed</span> <span class='ocrx_word' id='word_1_290' title='bbox 2189 3025 2306 3082; x_wconf 84' lang='lat' dir='ltr'>baee</span> <span class='ocrx_word' id='word_1_291' title='bbox 2351 3025 2568 3081; x_wconf 85' lang='lat' dir='ltr'>intelli-</span> 
     </span>
     <span class='ocr_line' id='line_1_31' title="bbox 552 3107 2564 3187; baseline 0.001 -20"><span class='ocrx_word' id='word_1_292' title='bbox 552 3113 729 3183; x_wconf 83' lang='lat' dir='ltr'>genda</span> <span class='ocrx_word' id='word_1_293' title='bbox 764 3121 893 3169; x_wconf 90' lang='lat' dir='ltr'>sunt</span> <span class='ocrx_word' id='word_1_294' title='bbox 918 3115 1219 3170; x_wconf 89' lang='lat' dir='ltr'>secundum</span> <span class='ocrx_word' id='word_1_295' title='bbox 1248 3115 1414 3170; x_wconf 88' lang='lat' dir='ltr'>animi</span> <span class='ocrx_word' id='word_1_296' title='bbox 1437 3107 1915 3187; x_wconf 76' lang='lat' dir='ltr'>praeparationem,</span> <span class='ocrx_word' id='word_1_297' title='bbox 1955 3122 2013 3170; x_wconf 89' lang='lat' dir='ltr'>ut</span> <span class='ocrx_word' id='word_1_298' title='bbox 2042 3119 2185 3186; x_wconf 85' lang='lat' dir='ltr'>Aug.</span> <span class='ocrx_word' id='word_1_299' title='bbox 2211 3115 2350 3170; x_wconf 90' lang='lat' dir='ltr'>dicit</span> <span class='ocrx_word' id='word_1_300' title='bbox 2380 3117 2435 3170; x_wconf 85' lang='lat' dir='ltr'>in</span> <span class='ocrx_word' id='word_1_301' title='bbox 2465 3113 2564 3170; x_wconf 85' lang='lat' dir='ltr'>lib.</span> 
     </span>
     <span class='ocr_line' id='line_1_32' title="bbox 552 3193 2570 3276; baseline 0.002 -22"><span class='ocrx_word' id='word_1_302' title='bbox 552 3201 620 3255; x_wconf 90' lang='lat' dir='ltr'>de</span> <span class='ocrx_word' id='word_1_303' title='bbox 646 3196 893 3258; x_wconf 90' lang='lat' dir='ltr'>sermone</span> <span class='ocrx_word' id='word_1_304' title='bbox 923 3203 1138 3258; x_wconf 87' lang='lat' dir='ltr'>Domini</span> <span class='ocrx_word' id='word_1_305' title='bbox 1168 3204 1220 3257; x_wconf 89' lang='lat' dir='ltr'>in</span> <span class='ocrx_word' id='word_1_306' title='bbox 1249 3207 1456 3258; x_wconf 87' lang='lat' dir='ltr'>monte.</span> <span class='ocrx_word' id='word_1_307' title='bbox 1487 3203 1546 3256; x_wconf 87' lang='lat' dir='ltr'>In</span> <span class='ocrx_word' id='word_1_308' title='bbox 1571 3193 1674 3259; x_wconf 86' lang='lat' dir='ltr'>hoc</span> <span class='ocrx_word' id='word_1_309' title='bbox 1702 3203 1846 3257; x_wconf 88' lang='lat' dir='ltr'>enim</span> <span class='ocrx_word' id='word_1_310' title='bbox 1877 3202 2138 3276; x_wconf 83' lang='lat' dir='ltr'>perfectio</span> <span class='ocrx_word' id='word_1_311' title='bbox 2164 3203 2404 3260; x_wconf 88' lang='lat' dir='ltr'>hominis</span> <span class='ocrx_word' id='word_1_312' title='bbox 2427 3219 2570 3259; x_wconf 89' lang='lat' dir='ltr'>con-</span> 
     </span>
     <span class='ocr_line' id='line_1_33' title="bbox 550 3283 2574 3366; baseline 0.003 -24"><span class='ocrx_word' id='word_1_313' title='bbox 550 3288 713 3355; x_wconf 87' lang='lat' dir='ltr'>sistit,</span> <span class='ocrx_word' id='word_1_314' title='bbox 764 3297 825 3345; x_wconf 91' lang='lat' dir='ltr'>ut</span> <span class='ocrx_word' id='word_1_315' title='bbox 872 3283 1033 3346; x_wconf 87' lang='lat' dir='ltr'>homo</span> <span class='ocrx_word' id='word_1_316' title='bbox 1079 3290 1278 3346; x_wconf 84' lang='lat' dir='ltr'>habeat</span> <span class='ocrx_word' id='word_1_317' title='bbox 1309 3293 1549 3346; x_wconf 87' lang='lat' dir='ltr'>animum</span> <span class='ocrx_word' id='word_1_318' title='bbox 1579 3297 1830 3363; x_wconf 88' lang='lat' dir='ltr'>paratum</span> <span class='ocrx_word' id='word_1_319' title='bbox 1859 3291 1929 3348; x_wconf 91' lang='lat' dir='ltr'>ad</span> <span class='ocrx_word' id='word_1_320' title='bbox 1969 3283 2090 3349; x_wconf 68' lang='lat' dir='ltr'>haec</span> <span class='ocrx_word' id='word_1_321' title='bbox 2119 3291 2371 3348; x_wconf 82' lang='lat' dir='ltr'>facienda</span> <span class='ocrx_word' id='word_1_322' title='bbox 2419 3309 2574 3366; x_wconf 83' lang='lat' dir='ltr'>quo-</span> 
     </span>
     <span class='ocr_line' id='line_1_34' title="bbox 552 3378 2570 3452; baseline 0.002 -20"><span class='ocrx_word' id='word_1_323' title='bbox 552 3378 888 3451; x_wconf 85' lang='lat' dir='ltr'>tiescumque</span> <span class='ocrx_word' id='word_1_324' title='bbox 930 3378 1094 3434; x_wconf 84' lang='lat' dir='ltr'>fuerit</span> <span class='ocrx_word' id='word_1_325' title='bbox 1124 3395 1280 3451; x_wconf 74' lang='lat' dir='ltr'>opus,</span> <span class='ocrx_word' id='word_1_326' title='bbox 1324 3379 1586 3436; x_wconf 88' lang='lat' dir='ltr'>Similiter</span> <span class='ocrx_word' id='word_1_327' title='bbox 1627 3381 1814 3448; x_wconf 87' lang='lat' dir='ltr'>etiam,</span> <span class='ocrx_word' id='word_1_328' title='bbox 1862 3387 1922 3436; x_wconf 88' lang='lat' dir='ltr'>ut</span> <span class='ocrx_word' id='word_1_329' title='bbox 1951 3385 2092 3452; x_wconf 87' lang='lat' dir='ltr'>Aug.</span> <span class='ocrx_word' id='word_1_330' title='bbox 2141 3380 2279 3437; x_wconf 90' lang='lat' dir='ltr'>dicit</span> <span class='ocrx_word' id='word_1_331' title='bbox 2316 3383 2370 3436; x_wconf 90' lang='lat' dir='ltr'>in</span> <span class='ocrx_word' id='word_1_332' title='bbox 2421 3382 2570 3437; x_wconf 86' lang='lat' dir='ltr'>libro</span> 
     </span>
     <span class='ocr_line' id='line_1_35' title="bbox 549 3461 2572 3542; baseline 0.003 -22"><span class='ocrx_word' id='word_1_333' title='bbox 549 3465 916 3538; x_wconf 72' lang='lat' dir='ltr'>quaestionum</span> <span class='ocrx_word' id='word_1_334' title='bbox 940 3467 1238 3538; x_wconf 83' lang='lat' dir='ltr'>Evangelii,</span> <span class='ocrx_word' id='word_1_335' title='bbox 1268 3475 1323 3523; x_wconf 89' lang='lat' dir='ltr'>et</span> <span class='ocrx_word' id='word_1_336' title='bbox 1347 3461 1580 3524; x_wconf 85' lang='lat' dir='ltr'>habetur</span> <span class='ocrx_word' id='word_1_337' title='bbox 1607 3470 1664 3525; x_wconf 89' lang='lat' dir='ltr'>in</span> <span class='ocrx_word' id='word_1_338' title='bbox 1697 3471 1946 3526; x_wconf 85' lang='lat' dir='ltr'>Decretis</span> <span class='ocrx_word' id='word_1_339' title='bbox 1969 3486 2088 3536; x_wconf 76' lang='lat' dir='ltr'>xm,</span> <span class='ocrx_word' id='word_1_340' title='bbox 2123 3470 2369 3526; x_wconf 85' lang='lat' dir='ltr'>distinct.</span> <span class='ocrx_word' id='word_1_341' title='bbox 2409 3473 2572 3542; x_wconf 86' lang='lat' dir='ltr'>quod</span> 
     </span>
     <span class='ocr_line' id='line_1_36' title="bbox 460 3547 2576 3630; baseline 0.003 -21"><span class='ocrx_word' id='word_1_342' title='bbox 460 3551 465 3555; x_wconf 82' lang='grc'><strong>’</strong></span> <span class='ocrx_word' id='word_1_343' title='bbox 552 3554 811 3611; x_wconf 90' lang='lat' dir='ltr'>Dominus</span> <span class='ocrx_word' id='word_1_344' title='bbox 844 3554 979 3611; x_wconf 90' lang='lat' dir='ltr'>dicit</span> <span class='ocrx_word' id='word_1_345' title='bbox 1008 3557 1062 3610; x_wconf 90' lang='lat' dir='ltr'>in</span> <span class='ocrx_word' id='word_1_346' title='bbox 1088 3555 1381 3626; x_wconf 84' lang='lat' dir='ltr'>Evangelio</span> <span class='ocrx_word' id='word_1_347' title='bbox 1415 3573 1428 3611; x_wconf 75' lang='grc' dir='ltr'><strong>ε</strong></span> <span class='ocrx_word' id='word_1_348' title='bbox 1460 3547 1768 3628; x_wconf 70' lang='lat' dir='ltr'>Justificata</span> <span class='ocrx_word' id='word_1_349' title='bbox 1803 3551 1881 3615; x_wconf 77' lang='lat' dir='ltr'>est</span> <span class='ocrx_word' id='word_1_350' title='bbox 1913 3558 2180 3630; x_wconf 77' lang='lat' dir='ltr'>sapientia</span> <span class='ocrx_word' id='word_1_351' title='bbox 2213 3557 2280 3613; x_wconf 85' lang='lat' dir='ltr'>ab</span> <span class='ocrx_word' id='word_1_352' title='bbox 2317 3559 2576 3615; x_wconf 74' lang='lat' dir='ltr'>omnibus</span> 
     </span>
     <span class='ocr_line' id='line_1_37' title="bbox 547 3643 2574 3719; baseline 0.002 -19"><span class='ocrx_word' id='word_1_353' title='bbox 547 3643 679 3714; x_wconf 74' lang='lat' dir='ltr'>filiis</span> <span class='ocrx_word' id='word_1_354' title='bbox 704 3643 834 3709; x_wconf 80' lang='lat' dir='ltr'>suis,</span> <span class='ocrx_word' id='word_1_355' title='bbox 866 3643 1106 3700; x_wconf 84' lang='lat' dir='ltr'>ostendit</span> <span class='ocrx_word' id='word_1_356' title='bbox 1135 3643 1272 3700; x_wconf 87' lang='lat' dir='ltr'>filios</span> <span class='ocrx_word' id='word_1_357' title='bbox 1301 3645 1587 3716; x_wconf 75' lang='lat' dir='ltr'>sapientiae</span> <span class='ocrx_word' id='word_1_358' title='bbox 1613 3647 1918 3719; x_wconf 84' lang='lat' dir='ltr'>intelligere</span> <span class='ocrx_word' id='word_1_359' title='bbox 1942 3663 2048 3702; x_wconf 88' lang='lat' dir='ltr'>non</span> <span class='ocrx_word' id='word_1_360' title='bbox 2075 3647 2129 3704; x_wconf 91' lang='lat' dir='ltr'>in</span> <span class='ocrx_word' id='word_1_361' title='bbox 2156 3647 2574 3718; x_wconf 83' lang='lat' dir='ltr'>manducando,</span> 
     </span>
     <span class='ocr_line' id='line_1_38' title="bbox 548 3729 2578 3808; baseline 0.003 -24"><span class='ocrx_word' id='word_1_362' title='bbox 548 3745 649 3785; x_wconf 89' lang='lat' dir='ltr'>nec</span> <span class='ocrx_word' id='word_1_363' title='bbox 678 3729 733 3784; x_wconf 82' lang='lat' dir='ltr'>in</span> <span class='ocrx_word' id='word_1_364' title='bbox 770 3731 1094 3788; x_wconf 88' lang='lat' dir='ltr'>abstinendo</span> <span class='ocrx_word' id='word_1_365' title='bbox 1124 3747 1241 3787; x_wconf 89' lang='lat' dir='ltr'>esse</span> <span class='ocrx_word' id='word_1_366' title='bbox 1264 3733 1556 3803; x_wconf 86' lang='lat' dir='ltr'>justitiam,</span> <span class='ocrx_word' id='word_1_367' title='bbox 1589 3733 1686 3790; x_wconf 88' lang='lat' dir='ltr'>sed</span> <span class='ocrx_word' id='word_1_368' title='bbox 1731 3735 1785 3789; x_wconf 94' lang='lat' dir='ltr'>in</span> <span class='ocrx_word' id='word_1_369' title='bbox 1827 3735 2244 3808; x_wconf 84' lang='lat' dir='ltr'>aequanimitate</span> <span class='ocrx_word' id='word_1_370' title='bbox 2291 3734 2578 3791; x_wconf 80' lang='lat' dir='ltr'>tolerandi</span> 
     </span>
     <span class='ocr_line' id='line_1_39' title="bbox 549 3813 2581 3894; baseline 0.004 -25"><span class='ocrx_word' id='word_1_371' title='bbox 549 3817 809 3889; x_wconf 86' lang='lat' dir='ltr'>inopiam.</span> <span class='ocrx_word' id='word_1_372' title='bbox 838 3818 995 3875; x_wconf 87' lang='lat' dir='ltr'>Unde</span> <span class='ocrx_word' id='word_1_373' title='bbox 1035 3825 1091 3873; x_wconf 92' lang='lat' dir='ltr'>et</span> <span class='ocrx_word' id='word_1_374' title='bbox 1118 3813 1409 3890; x_wconf 85' lang='lat' dir='ltr'>Apostolus</span> <span class='ocrx_word' id='word_1_375' title='bbox 1449 3820 1604 3888; x_wconf 78' lang='lat' dir='ltr'>dicit,</span> <span class='ocrx_word' id='word_1_376' title='bbox 1632 3821 1748 3876; x_wconf 89' lang='lat' dir='ltr'>Phi.</span> <span class='ocrx_word' id='word_1_377' title='bbox 1781 3837 1840 3877; x_wconf 76' lang='lat' dir='ltr'>iv</span> <span class='ocrx_word' id='word_1_378' title='bbox 1867 3839 1880 3884; x_wconf 70' lang='lat'>‚2</span> <span class='ocrx_word' id='word_1_379' title='bbox 1911 3820 2029 3875; x_wconf 70' lang='lat' dir='ltr'>Seio</span> <span class='ocrx_word' id='word_1_380' title='bbox 2057 3819 2356 3886; x_wconf 76' lang='lat' dir='ltr'>abundare,</span> <span class='ocrx_word' id='word_1_381' title='bbox 2383 3829 2438 3877; x_wconf 81' lang='lat' dir='ltr'>et</span> <span class='ocrx_word' id='word_1_382' title='bbox 2475 3839 2581 3894; x_wconf 76' lang='lat' dir='ltr'>pe-</span> 
     </span>
     <span class='ocr_line' id='line_1_40' title="bbox 552 3903 2580 3983; baseline 0.005 -29"><span class='ocrx_word' id='word_1_383' title='bbox 552 3903 772 3958; x_wconf 78' lang='lat' dir='ltr'>nuriam</span> <span class='ocrx_word' id='word_1_384' title='bbox 800 3905 940 3976; x_wconf 83' lang='lat' dir='ltr'>pati.</span> <span class='ocrx_word' id='word_1_385' title='bbox 973 3907 1055 3961; x_wconf 88' lang='lat' dir='ltr'>Ad</span> <span class='ocrx_word' id='word_1_386' title='bbox 1097 3906 1238 3964; x_wconf 87' lang='lat' dir='ltr'>hanc</span> <span class='ocrx_word' id='word_1_387' title='bbox 1266 3916 1451 3963; x_wconf 80' lang='lat' dir='ltr'>autem</span> <span class='ocrx_word' id='word_1_388' title='bbox 1482 3905 1970 3980; x_wconf 70' lang='lat' dir='ltr'>&#39;aequanimitatem</span> <span class='ocrx_word' id='word_1_389' title='bbox 2011 3909 2251 3983; x_wconf 88' lang='lat' dir='ltr'>inopiam</span> <span class='ocrx_word' id='word_1_390' title='bbox 2293 3909 2580 3966; x_wconf 83' lang='lat' dir='ltr'>tolerandi</span> 
     </span>
     <span class='ocr_line' id='line_1_41' title="bbox 558 3988 2579 4074; baseline 0.005 -32"><span class='ocrx_word' id='word_1_391' title='bbox 558 3988 796 4060; x_wconf 86' lang='lat' dir='ltr'>religiosi</span> <span class='ocrx_word' id='word_1_392' title='bbox 826 3995 1147 4062; x_wconf 83' lang='lat' dir='ltr'>perveniunt</span> <span class='ocrx_word' id='word_1_393' title='bbox 1192 3993 1285 4068; x_wconf 83' lang='lat' dir='ltr'>per</span> <span class='ocrx_word' id='word_1_394' title='bbox 1314 3997 1634 4052; x_wconf 85' lang='lat' dir='ltr'>exercitium</span> <span class='ocrx_word' id='word_1_395' title='bbox 1679 3997 1811 4053; x_wconf 85' lang='lat' dir='ltr'>nibil</span> <span class='ocrx_word' id='word_1_396' title='bbox 1841 3998 2076 4058; x_wconf 87' lang='lat' dir='ltr'>habendi</span> <span class='ocrx_word' id='word_1_397' title='bbox 2117 4016 2132 4055; x_wconf 74' lang='lat' dir='ltr'><em>z</em></span> <span class='ocrx_word' id='word_1_398' title='bbox 2178 3997 2273 4054; x_wconf 88' lang='lat' dir='ltr'>sed</span> <span class='ocrx_word' id='word_1_399' title='bbox 2304 3998 2579 4074; x_wconf 85' lang='lat' dir='ltr'>Episcopi</span> 
     </span>
    </p>
   </div>
   <div class='ocr_carea' id='block_1_5' title="bbox 2549 4381 2644 4484">
    <p class='ocr_par' dir='ltr' id='par_1_5' title="bbox 2549 4381 2644 4484">
     <span class='ocr_line' id='line_1_42' title="bbox 2549 4381 2644 4484; baseline -0.011 0"><span class='ocrx_word' id='word_1_400' title='bbox 2549 4381 2644 4484; x_wconf 59' lang='lat' dir='ltr'><em>A</em></span> 
     </span>
    </p>
   </div>
   <div class='ocr_carea' id='block_1_6' title="bbox 2824 418 2846 3670">
    <p class='ocr_par' dir='ltr' id='par_1_6' title="bbox 2824 418 2846 3670">
     <span class='ocr_line' id='line_1_43' title="bbox 2824 418 2846 3670; baseline 0 0"><span class='ocrx_word' id='word_1_401' title='bbox 2824 418 2846 3670; x_wconf 95' lang='lat' dir='ltr'> </span> 
     </span>
    </p>
   </div>
  </div>
 </body>
</html>
