2850 4517
2000 44 2036 81 ²
2336 19 2419 117 *t

528 338 600 399 .8
1033 352 1090 403 s.
1133 354 1370 413 meua
1407 354 1759 406 nouimus
1775 354 2089 403 croscum

1311 573 1595 652 CAPUT
1635 568 1819 691 XIV.
1905 574 1925 677 'U

685 692 878 833 Quod·
893 714 1062 809 ῥοιιε
1087 754 1210 803 m
1227 743 1319 803 ost
1341 730 1796 882 αέιὲἰιιῗᾶξιόῦιω
1817 736 2118 822 praedicta
2142 740 2215 806 de
2238 740 2496 807 multis

613 936 828 1043 Neque
847 976 931 1027 est
953 968 1233 1053 possibile,
1264 968 1412 1048 qnod
1441 967 1515 1026 sit
1536 931 1683 1027 sicut
1712 946 1823 1048 une
1847 970 2083 1045 species
2095 930 2170 1029 de
2193 950 2384 1031 multis
2422 974 2570 1031 indi-

555 1059 739 1116 viduis
758 1044 1400 1161 praedicata.1ndividua
1428 1059 1575 1115 enim
1609 1042 1826 1116 diverse
1856 1075 1991 1135 quae
2008 1061 2340 1119 conveniunt
2362 1061 2419 1117 in
2462 1080 2571 1119 una

554 1149 796 1207 essentia
819 1148 1042 1247 speciei,
1071 1147 1483 1231 distinguuntur
1504 1164 1603 1221 pet·
1628 1147 1830 1221 aliqua,
1850 1166 1976 1222 quae
1998 1158 2127 1208 ειιιιι
2154 1158 2355 1224 praeter
2378 1166 2564 1211 essen·

553 1228 692 1295 tiam
711 1237 931 1309 speciei,
965 1236 1108 1293 sicut
1129 1226 1377 1293 homines
1405 1237 1739 1295 conveniunt
1768 1236 1823 1293 in
1848 1235 2209 1306 humanitate,
2244 1238 2569 1309 sed-distin-

553 1332 795 1398 guuntur
825 1325 896 1382 ab
934 1325 1172 1383 invicem
1204 1341 1301 1399 per
1347 1324 1403 1382 id
1446 1326 1592 1403 quod
1632 1331 1717 1383 est
1755 1334 1956 1399 praeter
1994 1326 2266 1401 rationem
2310 1326 2569 1387 humani-

553 1414 690 1471 tatis
717 1414 857 1471 :hoc
881 1423 1064 1471 autem
1103 1415 1157 1470 in
1200 1416 1320 1471 Deo‘
1349 1430 1456 1471 non
1498 1420 1682 1488 potest
1710 1414 1982 1483 accidere,
2006 1430 2134 1473 nam
2162 1415 2281 1490 ipse
2303 1416 2451 1472 Deus
2477 1426 2565 1474 εει

555 1518 654 1560 sua
679 1504 937 1573 essentia,
970 1508 1031 1559 ιιι
1070 1510 1352 1571 ostensum
1378 1510 1486 1561 est.
1511 1503 1850 1576 Impossibile
1884 1511 1969 1561 est
2012 1503 2201 1576 igitur,
2233 1504 2380 1577 quod
2421 1505 2569 1563 Deus

553 1590 630 1646 sit
667 1592 878 1664 species
915 1606 1040 1663 quae
1084 1590 1153 1647 de
1208 1581 1453 1664 pluribus
1502 1590 1800 1647 individuis
1843 1590 2197 1665 praedicetnr.
2224 1592 2381 1679 Item,
2409 1591 2568 1666 plura

550 1675 855 1739 individua
873 1679 984 1735 sub
1018 1674 1124 1735 un'a
1165 1680 1366 1753 specie
1390 1688 1649 1736 contenta
1690 1680 1949 1735 differunt
1997 1680 2334 1737 secundum
2342 1697 2483 1750 esse,
2512 1689 2567 1737 et

554 1774 740 1824 tamen
753 1767 1098 1833 conveniunt
1129 1768 1184 1823 in
1209 1783 1326 1853 una
1360 1768 1622 1826 essentia.
1653 1767 1993 1849 Ubicumque
2032 1770 2199 1841 igitur
2238 1778 2363 1845 sunt
2414 1770 2567 1842 plura

551 1854 837 1911 individua
874 1853 978 1911 sub
1015 1848 1200 1927 specie
1233 1872 1358 1921 una
1393 1844 1611 1929 oportet
1653 1856 1825 1938 qnod
1846 1855 1995 1937 aliud
2030 1856 2103 1936 sit
2149 1871 2289 1935 esse,
2316 1862 2373 1913 ει
2418 1856 2565 1912 aliud

551 1944 791 2001 essentia
841 1944 1095 2031 speciei:
1135 1946 1191 2002 in
1231 1929 1371 2002 Deo
1393 1954 1581 2030 autem
1630 1930 1780 2005 idem
1816 1954 1901 2003 εει
1951 1961 2071 2003 εεεε
2114 1953 2171 2002 et
2216 1928 2473 2011 essentia,
2506 1951 2569 2002 ιιι

551 2037 830 2089 ostensum
858 2022 963 2089 est.
990 2032 1328 2105 Impossibile
1360 2042 1445 2091 est
1484 2022 1671 2109 igitur,
1698 2024 1848 2109 quod
1889 2034 2037 2091 Deus
2057 2034 2131 2117 sit
2157 2018 2410 2105 quaedem
2439 2046 2567 2110 spe·

551 2119 668 2178 cies
691 2121 760 2177 de
797 2118 1047 2213 pluribus
1077 2114 1397 2193 praedicata.

1144 2290 1180 2369 J
1235 2292 1240 2295 ’
1322 2266 1614 2385 CAPUT
1656 2289 1807 2359 XV.

880 2449 1060 2559 ριιοᾱ
1081 2442 1302 2563 necesse
1327 2452 1416 2513 est
1449 2448 1642 2513 dicore
1666 2449 1865 2529 Deum
1885 2462 2007 2512 osso
2014 2451 2241 2555 vnum.

625 2602 765 2660 Hinc
789 2602 957 2659 etiam
986 2608 1232 2676 apparet,
1265 2599 1410 2675 quod
1444 2616 1665 2657 necesse
1688 2606 1773 2681 est
1796 2614 1968 2657 unum
1994 2600 2171 2658 Deum
2198 2598 2400 2657 solum.
2421 2614 2567 2657 esse.
2644 2672 2651 2679 ‘

551 2693 696 2749 Nam
741 2691 788 2747 si
831 2690 944 2747 sint
983 2689 1139 2747 multi
1181 2688 1281 2756 dii,
1308 2694 1405 2747 eut
1450 2690 1752 2763 aequivoce,
1784 2694 1882 2754 eut
1924 2687 2154 2746 univoce
2194 2687 2470 2745 dicuntur.
2510 2687 2569 2745 Si

552 2779 859 2853 aequivoce,
890 2778 996 2836 hoc
1025 2794 1130 2835 non
1169 2783 1253 2835 est
1281 2778 1353 2837 ad
1386 2778 1728 2852 propositum
1759 2776 1928 2835 :nihil
1958 2778 2105 2835 enim
2128 2776 2377 2852 prohibet
2418 2776 2567 2849 quod

489 2942 497 2948 .
555 2884 658 2927 nos
685 2867 1026 2941 appellamus
1053 2866 1310 2942 lapidem,
1329 2866 1469 2925 alios
1495 2867 1772 2942 appellare
1795 2869 1989 2926 Deum.
2017 2866 2075 2925 Si
2102 2874 2289 2925 eutem
2316 2865 2563 2933 univoce,

555 2963 775 3030 opertet
805 2957 954 3033 quod
981 2956 1307 3016 conveniant
1336 2957 1421 3013 vel
1470 2957 1525 3013 in
1568 2973 1786 3029 genere,
1819 2956 1907 3013 vel
1949 2958 2006 3011 in
2032 2956 2215 3029 specie
2244 2971 2261 3010 z
2288 2960 2567 3011 ostensum

555 3056 640 3105 est
664 3054 871 3113 autem,
898 3046 1046 3119 quod
1074 3047 1222 3103 Deus
1249 3062 1357 3101 non
1387 3051 1569 3117 potest
1592 3060 1714 3101 esse
1737 3060 1928 3116 genus,
1956 3046 2135 3117 neque
2176 3043 2387 3115 species
2412 3042 2569 3116 plura

556 3135 742 3198 subse
782 3136 1088 3200 continens,
1120 3132 1459 3203 impossibile
1504 3137 1589 3188 εει
1636 3132 1803 3203 igitur
1850 3148 1971 3189 esse
1998 3130 2182 3204 plures
2206 3132 2384 3201 Deos,
2407 3132 2564 3199 Item,

556 3221 692 3299 illud
733 3237 846 3294 quo
891 3219 1130 3283 essentia
1169 3220 1476 3285 communis
1520 3220 1912 3297 individuum,
1946 3218 2283 3296 impossibile
2324 3226 2409 3277 est
2440 3220 2569 3292 pln-

559 3309 712 3385 ribus
736 3309 1030 3367 convenire
1055 3325 1069 3365 :
1097 3308 1240 3367 unde.
1264 3308 1395 3365 licet
1419 3309 1630 3381 possint
1658 3325 1778 3365 esse
1802 3307 1986 3381 plnres
2012 3308 2280 3374 homines,
2312 3308 2573 3382 impossi-

555 3397 670 3455 bile
698 3404 882 3455 tamen
909 3405 994 3455 est
1036 3396 1183 3455 hunc
1214 3395 1493 3456 hominem
1534 3413 1655 3455 esso
1684 3398 1787 3454 nisi
1828 3413 1999 3455 unum
2040 3402 2277 3454 tanturm
2305 3396 2361 3454 Si
2400 3396 2569 3468 igitur

557 3487 798 3544 essentia
825 3502 922 3561 per
946 3503 1006 3543 se
1034 3488 1150 3561 ipse
1179 3485 1579 3565 indiyiduatut,
1603 3495 1660 3545 et
1680 3502 1787 3545 non
1814 3503 1915 3561 per
1937 3476 2145 3560 aliquid
2172 3485 2343 3553 aliud,
2377 3476 2574 3559 impos·

558 3574 719 3635 sibile
741 3581 828 3631 est
853 3574 1002 3648 quod
1024 3574 1270 3649 pluribus
1295 3576 1635 3635 conveniat.
1621 3593 1635 3609 ·
1662 3576 1771 3634 sed
1800 3575 2039 3633 essentia
2076 3575 2261 3633 divina
2292 3590 2389 3648 pet·
2422 3575 2570 3649 seip-

559 3680 679 3722 sem
691 3662 1096 3731 individuum,
1128 3665 1259 3749 quie
1289 3664 1344 3721 in
1371 3665 1487 3737 Deo
1510 3680 1638 3725 non
1646 3669 1732 3723 est
1760 3663 1907 3723 aliud
1932 3664 2172 3721 essentia
2195 3670 2253 3719 et
2275 3662 2423 3737 quod
2460 3671 2567 3735 est,
2618 3726 2625 3731 ,

558 3767 687 3819 cum
698 3758 994 3819 οειειιειιιιι
1007 3752 1080 3807 sit
1102 3744 1251 3836 qnod
1271 3754 1416 3811 Deus
1445 3755 1521 3811 sit
1541 3768 1643 3833 ειιιι
1665 3754 1924 3817 essentie,
1944 3751 2279 3831 impossibile
2302 3760 2389 3809 est
2414 3767 2566 3824 ergo,

559 3842 708 3917 qund
754 3841 830 3899 sit
872 3842 1020 3899 Deus
1058 3840 1183 3911 nisi
1210 3858 1350 3907 unus
1390 3848 1627 3901 tantum.
1673 3844 1811 3899 Item
1852 3841 2055 3915 duplex
2100 3847 2187 3899 est
2222 3838 2419 3899 modus
2460 3857 2569 3914 quo

559 3930 751 4005 eliqua
798 3929 974 3991 forma
1023 3925 1206 4007 potest
1261 3930 1634 4006 multiplicari,
1678 3946 1821 3993 unus
1868 3940 1964 4005 ρει
2013 3929 2371 3997 differentias,
2422 3930 2569 3987 sient
