2850 4517
461 346 579 405 444
940 361 989 402 s.
1037 357 1271 402 'raons
1307 354 1636 408 *omma-18
1673 356 2016 402 croscum-

462 477 619 533 dicus
652 482 717 531 ut
752 479 1121 547 consequatur
1166 472 1483 540 sanitatem,
1509 470 1631 529 vult
1667 472 1841 529 etiam
1885 472 2112 553 dietam,
2139 479 2200 529 et
2233 474 2476 533 medici-

461 582 607 630 nam,
640 571 697 621 et
736 561 1069 636 hujusmodi.
1092 562 1239 619 Deus
1279 568 1466 619 autem
1498 560 1618 619 vult
1656 568 1718 617 ut
1747 561 2048 621 habeamus
2084 563 2257 621 vitam
2299 572 2478 623 aeter-

463 669 609 711 nam.
640 652 833 711 Matth.
865 668 973 710 xix
1002 668 1015 707 ε
1045 650 1105 708 Si
1139 648 1222 708 vis
1254 650 1327 708 ad
1352 642 1524 707 vitam
1565 650 1798 722 ingredi,
1819 668 1974 707 serva
2017 654 2297 710 mandata.
2341 655 2480 712 Vult

462 758 593 814 ergo
631 747 693 798 ut
736 757 1021 799 servemus
1064 740 1344 797 mandata.
1393 742 1554 797 Rom.
1595 755 1684 797 xu
1729 755 1742 794 ε
1788 739 2128 799 Rationabile
2171 742 2479 815 obsequium

462 837 719 901 vestrum,
762 837 826 887 ut
868 830 1104 905 probetis
1138 846 1255 903 quoe
1290 829 1363 887 sit
1398 830 1646 886 voluntas
1686 828 1788 885 Dei
1833 828 1989 896 bona,
2029 830 2385 905 beneplacens,
2419 842 2480 890 et

458 920 701 993 perfecta
726 936 747 977 .·
776 920 940 986 bona,
971 920 1104 993 quia
1141 918 1311 976 utilis.
1342 918 1453 975 Isa.
1485 933 1673 975 xnvm
1703 934 1716 973 ε
1741 918 1862 991 Effe
1895 920 2159 977 Dominus
2193 921 2380 977 docens
2419 928 2478 978 te

463 1009 646 1068 utilia.
675 1008 1043 1081 Beneplacens
1066 1008 1295 1075 amanti,
1326 1015 1385 1063 et
1405 1006 1456 1063 si
1479 1005 1602 1063 aliis
1627 1022 1734 1063 non
1757 1007 1832 1063 sit
1853 1014 2032 1079 grata,
2047 1010 2261 1065 amanti
2287 1020 2474 1069 tamen

464 1105 552 1155 est
582 1097 946 1155 delectabilis.
973 1096 1173 1155 Psalm.
1206 1111 1343 1153 xcvr
1370 1112 1385 1152 ε
1410 1096 1540 1153 Lux
1570 1102 1691 1152 ortu
1719 1103 1796 1153 est
1823 1097 1994 1167 justo,
2025 1105 2081 1156 et
2119 1098 2282 1155 rectis
2317 1101 2476 1158 corde

467 1188 668 1245 loetz'tia
689 1204 709 1245 .·
733 1186 996 1261 perfecta,
1034 1186 1164 1259 quia
1204 1185 1454 1242 honesta.
1497 1184 1692 1241 Matth.
1727 1201 1764 1241 v
1793 1184 2018 1246 :Estote
2047 1186 2303 1260 perfecti,
2333 1188 2472 1245 sicut

468 1284 519 1333 et
556 1283 720 1351 puter
746 1283 919 1333 vester
953 1275 1169 1332 coelestis
1196 1275 1470 1348 perfectus
1509 1280 1607 1331 est.
1627 1274 1719 1333 Sic
1746 1290 1876 1345 ergo
1913 1289 2042 1331 cum
2081 1275 2337 1345 dicimus,
2371 1278 2471 1334 flat

464 1364 724 1421 voluntas
768 1370 883 1431 tua,
936 1378 1155 1420 oramus
1198 1371 1258 1418 ut
1295 1361 1620 1434 impleamus
1659 1362 1920 1435 mandata
1958 1362 2238 1421 Dei.·Haec
2285 1372 2474 1421 autem

468 1451 719 1507 voluntas
742 1451 843 1506 Dei
871 1450 934 1505 fit
966 1450 1022 1505 in
1056 1449 1241 1521 justis,
1272 1450 1381 1505 sod.
1418 1451 1478 1505 in
1521 1449 1904 1523 peccatoribus
1945 1451 2299 1508 nondumfit.
2324 1453 2470 1509 Iusti

467 1545 652 1615 autem
678 1539 1035 1611 designantur
1058 1553 1155 1611 per
1181 1536 1396 1615 caelum,
1424 1544 1745 1611 peccatores
1773 1545 1962 1596 autem
1983 1555 2074 1613 per
2097 1546 2320 1597 terram.
2354 1542 2464 1599 Pe·-

467 1630 635 1685 timus
660 1641 791 1701 ergo
816 1632 877 1682 ut
896 1626 994 1683 fiat
1011 1626 1265 1684 voluntas
1280 1626 1381 1682 Dei
1406 1627 1484 1682 ita
1506 1627 1562 1682 in
1593 1632 1758 1696 terra,
1783 1628 1963 1706 idest,
1987 1629 2041 1685 in
2064 1629 2461 1701 peccatoribus,

468 1717 616 1774 sicut
642 1717 700 1772 in
727 1714 886 1783 coelo,
933 1713 990 1772 id
1018 1720 1125 1783 est,
1155 1714 1214 1771 in
1235 1715 1422 1788 justis.
1447 1715 1762 1772 Notandum
1790 1722 1977 1773 autem
2007 1717 2156 1791 quod
2200 1735 2270 1775 ex
2307 1720 2472 1777 modo

470 1794 729 1879 loquendi
756 1804 919 1863 datur
936 1803 1095 1861 nohis
1122 1801 1397 1861 doctrina.
1422 1804 1544 1859 Non
1573 1803 1717 1860 enim
1745 1802 1881 1861 dicit
1906 1804 2046 1873 :fac‚
2074 1822 2176 1863 nec
2189 1809 2360 1866 etiam
2387 1811 2472 1869 fa-

469 1894 682 1953 ciamus
708 1912 723 1949 :
754 1896 851 1951 sed
876 1893 1031 1963 dicit,
1064 1893 1162 1951 fiat
1183 1892 1440 1950 voluntas
1465 1899 1580 1960 tua,
1610 1892 1740 1965 quia
1763 1893 1835 1950 ad
1862 1894 2035 1951 vitam
2077 1904 2350 1956 aeternam·
2365 1902 2476 1959 duo

472 1992 598 2041 sunt
616 1984 947 2049 necessaria,
974 1982 1187 2040 scilicet
1213 1982 1394 2053 gratia
1421 1982 1521 2037 Dei
1573 1989 1630 2037 et
1658 1981 1908 2039 voluntas
1934 1983 2176 2043 hominis
2208 2005 2223 2042 ε
2254 1996 2310 2046 et
2348 1990 2478 2047 licet

470 2074 619 2131 Deus
640 2072 834 2129 fecerit
849 2072 1126 2129 hominem
1154 2072 1271 2128 sine
1292 2069 1532 2137 homine,
1564 2085 1670 2125 non
1698 2078 1879 2127 tamen
1897 2064 2166 2144 justificat
2203 2092 2327 2134 eum
2359 2080 2478 2137 sine

472 2178 558 2219 eo.
585 2164 923 2235 Augustinus
972 2177 1135 2236 super
1161 2150 1320 2217 Joan.
1354 2180 1380 2214 α
1412 2160 1517 2231 Qui
1545 2161 1755 2217 creavit
1784 2166 1839 2217 te
1867 2161 1985 2219 sine
2026 2169 2101 2231 te,
2129 2180 2236 2221 non
2264 2168 2478 2240 justifl-

473 2250 623 2307 cabit
647 2258 704 2307 te
726 2252 924 2308 sinete
951 2269 1001 2316 n,
1020 2250 1151 2323 quia
1170 2248 1287 2305 vult
1308 2247 1454 2321 quod
1481 2248 1640 2304 homo
1663 2258 2012 2322 cooperatur.
2043 2252 2208 2309 Zach.
2237 2270 2260 2311 1
2287 2272 2302 2310 ε
2333 2257 2478 2314 Gon-

474 2338 755 2395 vertimini
781 2338 853 2393 ad
878 2354 980 2403 me,
1001 2344 1054 2394 et
1078 2353 1169 2408 eqo
1197 2344 1482 2393 convertar
1507 2336 1580 2393 ad
1602 2353 1708 2393 vos.
1733 2339 2028 2410 Apostolus
2050 2341 2076 2395 1
2098 2342 2345 2400 Corinth.
2364 2360 2476 2401 xv:

478 2425 676 2483 Gratia
697 2425 800 2482 Dei
824 2440 941 2480 sum
966 2424 1023 2479 id
1049 2424 1187 2496 quod
1210 2440 1347 2489 sum,
1376 2431 1429 2480 et
1455 2424 1642 2497 qratia
1671 2425 1786 2498 eius
1819 2426 1882 2483 in
1915 2444 1998 2485 me
2021 2445 2192 2486 vacua
2214 2448 2317 2487 non
2337 2432 2474 2505 fuit.

475 2514 595 2570 Non
618 2526 750 2583 ergo
780 2524 1081 2585 praesumas
1102 2510 1173 2568 de
1200 2516 1272 2577 te,
1303 2509 1399 2567 sed
1420 2512 1666 2569 confidas
1693 2511 1762 2569 de
1789 2515 1967 2585 gratia
1995 2516 2096 2573 Dei
2125 2534 2140 2573 ι
2171 2534 2268 2575 nec
2295 2519 2480 2593 negli-

476 2617 593 2673 ga5‚
624 2600 723 2657 sed
751 2598 1013 2658 adhibeas
1040 2600 1284 2657 studium
1313 2607 1485 2668 tuum,
1516 2608 1574 2658 et
1621 2600 1746 2658 ideo
1775 2618 1884 2660 non
1913 2603 2068 2673 dicit,
2096 2605 2380 2678 faciamuS,
2406 2626 2481 2668 no

476 2689 753 2747 videretur
780 2689 929 2763 quod
966 2688 1100 2744 nihil
1140 2688 1346 2746 faceret
1373 2689 1556 2761 gratia
1583 2690 1684 2746 Dei
1716 2708 1731 2744 ι
1757 2684 1861 2748 nec
1881 2691 2020 2750 dicit
2047 2710 2061 2749 τ
2088 2693 2196 2767 fac,
2229 2712 2298 2753 ne
2323 2698 2484 2755 vide·-

476 2783 626 2834 retur
654 2777 801 2851 quod
842 2776 976 2833 nihil
1020 2775 1509 2855 facerettvoluntas
1555 2783 1611 2834 et
1649 2786 1877 2837 conatus
1900 2789 2088 2839 noster
2119 2800 2133 2839 z
2164 2784 2261 2840 sed
2291 2786 2427 2843 dicit
2461 2803 2478 2842 :

479 2866 575 2923 fiat
589 2865 935 2941 pergratiam
948 2866 1047 2922 Dei
1064 2864 1309 2924 adhibito
1332 2866 1517 2924 studio
1545 2874 1601 2923 et
1623 2875 1824 2925 conatu
1843 2875 2048 2927 nostro.
2064 2871 2314 2929 Tertium
2331 2874 2482 2947 quod

475 2956 592 3013 vult
617 2957 765 3015 Deus
790 2953 859 3013 de
887 2955 1043 3013 nobis
1070 2962 1175 3023 est,
1198 2962 1259 3013 ut
1288 2955 1610 3012 restituatur
1650 2953 1813 3013 homo
1843 2958 1910 3015 ad
1950 2966 2158 3017 statum
2201 2970 2256 3018 et
2295 2964 2481 3035 digni-

480 3051 651 3101 tatem
673 3046 728 3100 in
748 3060 859 3117 qua
885 3049 1106 3101 creatus
1131 3043 1234 3125 fuit
1256 3044 1466 3117 primus
1491 3044 1674 3113 hom0,
1701 3061 1833 3119 quae
1860 3053 2012 3105 tanta
2035 3047 2140 3106 fuit
2161 3058 2220 3106 ut
2253 3052 2484 3124 spiritus

478 3140 533 3187 et
558 3133 741 3189 anima
768 3130 975 3189 nullam
1000 3116 1415 3207 repugnantiam
1457 3131 1688 3207 sentiret
1732 3149 1765 3189 a
1794 3150 1959 3191 carne
1999 3144 2056 3193 et
2101 3139 2482 3199 sensualitate.

478 3219 753 3289 Quamdiu
785 3221 931 3276 enim
960 3221 1141 3278 anima
1182 3220 1433 3293 subjecta
1473 3220 1578 3276 suit
1614 3221 1748 3287 Deo,
1779 3240 1910 3281 caro
1951 3227 2029 3283 ita
2077 3227 2328 3300 subjecta
2379 3229 2487 3287 suit

480 3308 699 3383 spiritui
726 3313 787 3363 ut
820 3308 1023 3366 nullam
1052 3310 1457 3381 corruptionem
1491 3311 1700 3379 mortiS‚
1732 3328 1829 3369 seu
1873 3313 2229 3387 infirmitatis,
2251 3326 2309 3373 et
2341 3317 2487 3376 alia-

481 3413 604 3453 rum
632 3398 947 3470 passionum
974 3398 1204 3455 sentiret
1231 3414 1245 3453 ε
1276 3398 1373 3455 sed
1409 3415 1482 3455 ex
1517 3415 1627 3473 quo
1652 3400 1881 3473 spiritus
1914 3409 1971 3459 et
2000 3406 2182 3461 anima
2213 3422 2339 3479 quae
2361 3414 2486 3464 erat

482 3487 663 3543 media
692 3486 832 3543 inter
859 3488 1034 3543 Deum
1058 3493 1115 3543 et
1140 3501 1378 3551 carnem,
1406 3488 1694 3545 rebellavit
1737 3490 1852 3547 Deo
1890 3508 1986 3564 per
2014 3502 2320 3564 peccatum,
2353 3502 2486 3551 tunc

484 3590 681 3649 corpus
703 3576 990 3634 rebellavit
1016 3578 1231 3641 anima),
1264 3583 1319 3632 et
1351 3584 1485 3633 tunc
1526 3585 1757 3636 mortem
1785 3587 1842 3637 et
1882 3581 2229 3639 infirmitates
2278 3583 2486 3639 sentire

484 3666 671 3737 coepit,
700 3672 756 3721 et
778 3666 1093 3723 continuam
1123 3664 1477 3724 rebellionem
1510 3667 1880 3726 sensualitatis
1926 3671 1994 3727 ad
2020 3671 2295 3743 spiritum.
2319 3672 2484 3728 Rom.

486 3769 568 3809 vu
597 3771 610 3806 :
649 3752 809 3811 Video
832 3754 995 3812 aliam
1017 3756 1173 3828 leqem
1197 3755 1255 3812 in
1284 3748 1534 3811 membris
1557 3756 1702 3822 meis,
1730 3767 2114 3832 repuqnantem
2155 3760 2256 3833 leqi
2292 3761 2494 3822 mentis,

488 3855 632 3903 mem,
658 3848 713 3895 et
738 3842 913 3899 Gal.v
936 3843 1112 3900 :Caro
1134 3844 1458 3917 concupiscit
1486 3844 1738 3901 adversus
1757 3845 2032 3921 spiritum,
2047 3848 2276 3923 spiritus
2305 3854 2491 3906 autem

488 3924 739 3982 adversus
760 3946 990 4013 curnem.
1018 3931 1110 3989 Sic
1145 3940 1231 3990 est
1258 3934 1520 3991 continua
1561 3949 1740 4007 pugna
1781 3934 1925 3993 inter
1971 3952 2194 3997 carnem
2217 3941 2278 3994 et
2317 3937 2492 4013 epiri-
