2850 4517
818 384 858 427 1.
894 400 973 411 --
1001 384 1404 428 compertorum
1462 358 1826 431 ἰιιιιοιιοιιιιιι
2212 374 2327 435 113

300 522 339 562 a
387 500 626 561 veritate
671 498 1018 567 exciderunt,
1067 498 1314 557 dicentes
1359 498 1816 581 resurrectionem
1837 500 1955 575 jam
1998 503 2223 578 factam,
2270 515 2327 565 et

301 590 696 649 subverterunt
723 586 1089 661 quorumdam
1129 580 1312 655 fidem,
1355 587 1423 644 ad
1462 596 1697 662 quorum
1742 588 2129 649 removendum
2170 608 2327 651 erro-

306 698 446 748 rem,
474 680 549 736 ut
591 674 920 733 resurrectio
945 672 1128 733 futura
1166 676 1444 745 credatur,
1474 673 1719 735 dicitur
1705 696 1759 735 ιιι
1785 680 2033 753 symbolo
2062 687 2322 755 patru:m

306 772 548 843 Emperto
573 766 1018 870 resurrectionem
1045 772 1403 823 mortuorum.

990 937 1274 1005 CAPUT
1342 938 1638 1007 CLXIII.

745 1080 968 1157 Qualis
993 1080 1112 1143 erit
1137 1080 1581 1161 resuryentium
1605 1080 1895 1161 opu-atio

381 1217 610 1290 Oportet
651 1222 836 1271 autem
866 1213 1215 1270 considerare
1258 1213 1505 1283 alteriue,
1538 1214 1717 1301 qualis
1754 1215 1827 1272 sit
1852 1217 2099 1289 operatio
2142 1233 2327 1275 resur·-

305 1304 574 1395 gentium.
618 1298 820 1359 Neces
807 1318 854 1358 e
895 1288 1040 1360 'enim
1070 1308 1154 1357 est
1182 1302 1480 1374 cujuslibet·
1517 1299 1753 1360 viventis
1774 1320 1895 1361 esse
1924 1304 2165 1379 aliquam
2196 1324 2329 1381 ope-

307 1390 598 1461 rationem,
649 1394 736 1448 cui
778 1388 1153 1465 principaliter
1198 1386 1453 1458 intendit,
1486 1397 1541 1447 et
1584 1392 1640 1448 in
1677 1391 1782 1447 boc
1821 1392 2025 1450 dicitur
2052 1396 2165 1453 vita
2208 1397 2327 1467 ejus

303 1484 629 1539 consistere.
673 1477 826 1539 Sicut
864 1477 959 1553 qui
1003 1479 1380 1552 voluptatibus
1417 1473 1792 1553 principaliter
1820 1490 2037 1551 vacant,
2070 1484 2327 1555 dicuntur

309 1573 484 1639 vitam
511 1568 893 1644 voluptuosam
936 1583 1098 1640 agere
1145 1585 1157 1623 ι
1190 1568 1283 1641 qui
1331 1558 1461 1625 vero
1490 1570 1953 1643 contemplationi,
1983 1573 2326 1645 contempla-
2388 1608 2397 1617 -

307 1653 524 1717 tivam‘:
569 1660 663 1733 qui
695 1672 822 1715 vero
851 1652 1170 1714 civitatibus
1201 1656 1589 1728 gubernandiS,
1620 1657 1875 1737 civilem.
1918 1658 2211 1718 Ostensum
2242 1670 2325 1719 est

304 1755 498 1806 autem
547 1747 690 1821 quod
737 1745 1148 1817 resurgentibus
1199 1756 1380 1819 neque·
1428 1746 1693 1810 ciborum,
1742 1764 1917 1821 neque
1965 1765 2323 1821 venereorum

304 1834 492 1897 aderit
519 1852 668 1904 ιιειιε,
719 1836 789 1893 ad
816 1851 982 1909 quem
1020 1834 1201 1891 omnia
1229 1831 1535 1907 corporalia
1564 1836 1827 1892 exercitia
1857 1833 2096 1893 ordinari
2126 1838 2321 1895 viden·

306 1934 426 1983 tur.
451 1922 756 1981 subtractis
782 1930 964 1989 autem
991 1922 1368 1996 corporalibus
1395 1923 1673 1979 exercitiis
1699 1932 1987 1980 remanent
2012 1922 2323 1999 spirituales

305 2012 681 2089 operationes.
715 2013 768 2069 in
793 2012 986 2085 quibus
1009 2012 1259 2069 ultimum
1284 2007 1519 2068 hominis
1545 2009 1709 2067 finem
1737 2012 2035 2068 consistere
2065 2013 2320 2088 diximus,

305 2102 476 2179 quein
505 2102 726 2176 quidem
769 2098 930 2157 finem
953 2100 1183 2175 adipisci
1214 2099 1627 2171 resurgentibus
1654 2100 1916 2173 competit
1945 2088 2157 2158 a‘statu
2197 2117 2325 2158 cor-

307 2191 579 2266 ruptionis
621 2199 678 2248 et
703 2178 1088 2249 mutabilitatis
1138 2189 1401 2257 liberatiS,
1430 2182 1514 2247 'ut
1541 2198 1822 2247 ostensum
1849 2196 1955 2247 est.
1989 2193 2112 2249 Non
2140 2199 2324 2248 autem

308 2280 368 2339 in
396 2280 831 2360 quibuscumque
865 2272 1240 2352 spiritualibus
1266 2278 1481 2359 actibus
1511 2274 1735 2335 ultimus
1764 2278 1885 2335 linis
1927 2274 2163 2338 hominis
2188 2296 2326 2337 con-

308 2370 477 2437 sistit,
523 2366 705 2427 sedin
747 2364 852 2425 hoc
893 2368 1040 2441 quod
1086 2364 1232 2423 Deus
1273 2383 1370 2440 per
1399 2368 1694 2426 essentiam
1739 2368 2009 2436 videatur,
2058 2376 2119 2425 ut
2158 2386 2323 2443 supra

307 2469 589 2517 ostensum
617 2463 702 2515 est
744 2476 758 2513 z
806 2457 954 2514 Deus
982 2462 1168 2513 autem
1209 2464 1451 2513 aeternus
1478 2466 1583 2526 est,
1610 2458 1756 2516 unde
1803 2464 2019 2531 oportet
2060 2460 2207 2534 quod
2236 2460 2323 2517 in-

309 2546 562 2605 tellectus
587 2547 886 2605 aeternitati
910 2547 1293 2619 conjungatur.
1320 2540 1473 2603 Sicut
1498 2546 1666 2619 igitur
1690 2537 1783 2622 qui
1810 2547 2077 2627 voluptati
2104 2555 2321 2617 vacant,

309 2638 694 2711 voluptuosam
721 2636 893 2694 vitam
935 2652 1098 2707 agere
1137 2632 1442 2693 dicuntur:
1472 2632 1553 2693 ita
1594 2636 1688 2709 qui
1717 2635 1903 2693 divina
1929 2635 2212 2708 potiuntur
2236 2636 2356 2694 vi·-

306 2728 486 2795 sione‚
516 2732 777 2783 aeternam
805 2724 1054 2781 obtinent
1083 2725 1277 2793 vitam,
1305 2722 1607 2781 secundum
1633 2721 1767 2781 illud
1795 2724 1953 2783 Joan.
1982 2740 2105 2783 xvu
2142 2742 2155 2785 .·
2199 2723 2326 2801 Haee

305 2820 387 2877 'est
415 2815 532 2871 vita
555 2822 774 2881 oeterna,
799 2820 864 2875 ut
890 2810 1200 2889 coquo-scant
1229 2822 1279 2871 te
1307 2810 1473 2873 Deum
1494 2823 1702 2879 ‘veo-um,
1729 2820 1825 2870 etc.

966 2983 1306 3055 CAPUT.
1346 2978 1672 3055 CXLIV.‘

315 3130 498 3206 Quod
525 3130 693 3193 Deus
717 3146 825 3209 per
851 3090 1165 3193 essentiam
1199 3128 1527 3202 videbitur,
1557 3142 1682 3190 nou
1700 3144 1810 3207 per
1834 3122 2322 3191 similitudinem·

381 3260 670 3318 videbitur
698 3268 883 3317 autem
911 3261 1060 3317 Deus
1086 3276 1183 3335 per
1212 3260 1509 3318 essentiam
1547 3259 1618 3317 ab
1654 3258 1937 3315 intellectu
1977 3266 2186 3327 creato,
2216 3274 2326 3317 non

305 3368 408 3425 per
434 3350 680 3424 aliquam
706 3350 789 3405 sui
815 3349 1250 3418 similitudinem,
1280 3364 1388 3423 qua
1417 3350 1475 3406 in
1507 3349 2091 3421 intellectupraesente
2118 3364 2206 3403 res
2233 3348 2325 3403 in-

305 3440 530 3509 tellecta
554 3440 730 3512 possit
758 3440 988 3505 distare,
1009 3440 1154 3495 sicut
1181 3438 1321 3511 lapis
1345 3455 1442 3511 per
1466 3438 1883 3495 similitudinem
1902 3451 2060 3493 suam·
2083 3452 2327 3517 praesens

304 3538 394 3586 est
421 3528 600 3597 oculo,
634 3545 731 3601 per
755 3527 1124 3585 substantiam
1147 3542 1277 3584 vero
1302 3527 1539 3589 absens:
1573 3528 1667 3585 sed
1693 3527 1836 3584 sicut
1860 3542 2027 3599 supra
2051 3533 2331 3583 ostensum

303 3620 412 3681 est,
447 3616 567 3689 ipsa
595 3613 692 3671 Dei
725 3617 966 3673 essentia
995 3610 1296 3673 intellectui
1322 3623 1511 3671 creato
1531 3617 1881 3688 conjungitur
1900 3612 2326 3692 quodammodo,

303 3714 370 3762 ut
412 3706 560 3761 Deus
602 3704 698 3779 per
728 3707 1027 3762 essentiam
1070 3704 1244 3762 videri
1274 3704 1467 3778 possit.
1505 3704 1659 3762 Sicut
1702 3704 1872 3776 igitur
1901 3704 1957 3759 in
1992 3702 2093 3760 'illo
2136 3701 2331 3757 ultimo

301 3794 415 3851 fine
439 3794 724 3851 videbitur
747 3795 894 3869 quod
919 3796 1073 3868 prius
1101 3793 1170 3851 de
1199 3794 1314 3850 Deo
1348 3793 1697 3861 credebatur,
1728 3794 1806 3850 ita
1835 3792 1982 3866 quod
2006 3786 2334 3866 sperabatur

302 3892 368 3940 ut
393 3883 631 3950 dist-ans,
660 3878 938 3941 tenebitur
969 3892 1030 3940 ut
1049 3900 1311 3958 praesens,
1340 3888 1396 3940 et
1423 3883 1527 3939 hoc
1550 3883 1963 3956 comprehensio
1990 3881 2325 3948 nominatur,

294 3972 614 4032 secundum
641 3970 778 4083 illud
819 3968 1068 4047 Apostoli
1111 3970 1539 4046 Philippensium
1584 3986 1679 4027 n:
1710 3970 1913 4043 Sequor
1938 3976 2116 4028 autem
2140 3968 2190 4027 si
2226 3985 2339 4047 quo

826 4091 878 4138 s.
910 4092 1063 4140 Tuon.
1103 4093 1186 4144 Δρ.
1224 4090 1489 4137 oensem
1521 4088 1735 4137 -1.—
1774 4086 1807 4136 8
