2850 4517
450 401 569 461 344
929 414 979 455 s,
1026 410 1259 453 ‘ruouAE
1298 408 1626 459 Aoumffls
1669 406 1980 451 croscum

449 531 484 604 5
519 532 574 586 in
615 529 880 597 ecclesiis,
913 531 970 582 et
994 541 1095 591 vu,
1128 531 1326 597 quaest.
1356 540 1395 579 ι.
1439 538 1560 595 cap.
1595 523 1881 596 Episcopus
1921 522 1984 577 de
2026 522 2152 577 loco.
2197 522 2292 579 Sic
2335 538 2488 594 ergo

450 635 560 676 non
588 618 806 677 videtur
830 630 1038 681 verum,
1068 614 1215 688 quod
1249 618 1428 668 status
1473 610 1753 683 religionis
1792 612 1866 667 sit
1909 610 2202 685 perfectior
2239 619 2488 683 propter

452 708 557 764 hoc
604 706 748 782 quod
796 704 972 762 curati
1031 701 1335 776 presbyteri
1385 708 1613 773 possunt
1654 700 1971 772 religionem
2026 700 2250 756 intrare.
2305 702 2482 765 item,

457 798 626 854 etiam
655 812 686 851 e
718 809 983 851 converso
1013 792 1311 849 nonachus
1338 806 1437 862 pro
1465 789 1794 845 necessitate
1825 788 2073 844 ecclesiae
2105 794 2160 844 et
2183 805 2319 845 cura
2344 791 2490 845 ani-

456 900 668 941 marum
698 890 877 955 potest
904 880 1135 937 transire
1160 880 1228 936 de
1252 878 1514 950 religione
1538 878 1606 933 ad
1637 876 1927 933 ecclesiam
1973 883 2293 933 saecularem
2341 895 2486 934 cum

460 990 615 1042 cura,
645 980 703 1030 ut
728 972 979 1038 habetur,
1005 986 1131 1039 xvi,
1155 986 1246 1042 qu.
1273 986 1312 1025 1.
1345 983 1468 1023 can.
1508 966 1608 1024 Vos
1629 974 1828 1033 autem,
1855 972 1911 1021 et
1937 982 2130 1023 canon.
2157 966 2479 1023 Monachus.

456 1065 597 1121 Nam
624 1064 786 1117 unius
813 1059 1039 1115 utilitati
1066 1058 1402 1130 praefercnda
1433 1064 1516 1112 est
1545 1054 1756 1113 utilitas
1785 1055 2160 1127 plurimorum,
2193 1061 2253 1110 ut
2293 1055 2483 1111 habe-

458 1160 567 1217 tur,
598 1152 653 1206 7.
699 1158 896 1222 quaest.
934 1165 973 1204 ι.
1018 1163 1141 1203 can.
1169 1145 1332 1201 Scias.
1366 1147 1523 1213 ltem,
1557 1161 1662 1199 non
1707 1146 1957 1218 sequitur
1997 1144 2140 1217 quod
2176 1146 2220 1199 si
2264 1144 2482 1217 aliquis

454 1240 651 1298 cadere
681 1247 924 1311 potesta
972 1235 1305 1308 perfectione
1347 1233 1652 1301 charitatiS‚
1683 1228 1836 1306 quod'
1878 1249 2157 1306 nunquam
2199 1232 2369 1288 fuerit
2412 1234 2477 1289 in

398 1382 405 1389 ,
456 1328 791 1401 perfectione
837 1322 1141 1387 charitatis,
1174 1323 1272 1378 sed
1314 1323 1491 1393 magis
1531 1338 1563 1377 e
1595 1337 1880 1385 converso,
1911 1322 2055 1396 quod
2095 1320 2278 1376 fuerit.
2313 1322 2474 1379 Licet

458 1430 589 1486 ergo
615 1414 899 1487 presbyter
922 1419 1148 1468 curatus
1178 1412 1430 1467 discedat
1471 1427 1502 1467 a
1529 1426 1628 1467 suo
1658 1412 1921 1482 regimine
1943 1426 2011 1466 ex
2052 1409 2236 1482 aliqua
2273 1426 2468 1481 causa,

458 1519 566 1559 non
609 1503 855 1575 sequitur
897 1500 1044 1574 quod
1088 1514 1191 1555 non
1240 1500 1404 1554 fuerit
1442 1500 1496 1553 in
1541 1507 1686 1556 statu
1720 1498 2087 1571 perfect-ionis.
2135 1498 2290 1561 Item,
2321 1501 2472 1572 quod

459 1591 696 1661 majores
733 1588 945 1661 rraelati
993 1586 1262 1653 ecclesiae,
1285 1587 1496 1642 scilicet
1524 1587 1784 1659 episcopi,
1815 1602 1922 1641 non
1963 1594 2188 1658 possunt
2235 1588 2474 1643 transire

460 1680 529 1735 ad
561 1677 875 1749 religionem
902 1678 1020 1732 sine
1049 1676 1269 1732 licentia
1298 1676 1494 1731 summi
1527 1675 1819 1746 pontificiS,
1853 1672 1958 1730 hoc
1979 1682 2066 1730 est
2097 1674 2168 1730 de
2195 1677 2475 1731 constitu-

460 1769 609 1824 tione
655 1766 902 1825 ecclesiae
952 1765 1293 1839 promulgata
1339 1775 1583 1835 tempore
1626 1764 1948 1823 iunocentii,
1982 1763 2124 1819 sicut
2174 1771 2330 1837 patet
2375 1782 2474 1839 per

460 1855 611 1913 illam
642 1856 972 1912 decretalem
1009 1854 1164 1911 extra
1210 1854 1279 1909 cle
1306 1853 1720 1909 renunciatione
1753 1868 1875 1924 cap.
1907 1852 2035 1910 Nisi
2069 1869 2187 1907 cum
2209 1852 2424 1925 pridem
2449 1869 2472 1909 .·

463 1961 592 2018 ergo
636 1955 762 2001 ante
804 1944 1249 2001 constitutionem
1281 1941 1481 1998 licebat
1517 1940 1833 2013 majoribus,
1861 1940 2003 1995 sicut
2043 1947 2101 1995 et
2145 1942 2470 2009 minoribus,

462 2040 518 2090 et
550 2042 732 2090 tamen
758 2034 992 2106 majores
1018 2038 1147 2089 sunt
1174 2032 1227 2087 in
1261 2029 1573 2105 perfectiori
1601 2035 1773 2085 statu.
1798 2030 1917 2085 Non
1947 2020 2078 2100 ergo
2107 2028 2210 2085 hoc
2248 2030 2477 2101 impedit

460 2123 813 2197 presbyteros
834 2124 1055 2178 curatos
1083 2138 1203 2177 esse
1228 2122 1281 2183 in
1312 2118 1623 2192 perfectiori
1653 2125 1800 2174 statu
1831 2133 1995 2191 quam
2015 2117 2320 2190 religiosos,
2347 2118 2477 2175 licet

462 2212 581 2267 sine
613 2210 833 2266 licentia
858 2209 1053 2265 summi
1068 2209 1343 2265 Pontificis
1362 2208 1576 2281 possint
1603 2206 1670 2262 ad
1701 2207 2018 2278 religionem
2046 2208 2470 2273 transire.1tem,

462 2298 643 2353 nullus
686 2295 849 2351 debet
888 2296 941 2349 in
984 2294 1299 2366 episcopum
1338 2296 1486 2365 eligi,
1513 2293 1618 2349 nisi
1658 2293 1822 2349 fuerit
1869 2293 1924 2348 in
1975 2294 2148 2349 sacris
2193 2294 2477 2349 ordinibus

466 2383 819 2447 consumme,
850 2389 915 2436 ut
943 2380 1194 2447 hebetur,
1222 2385 1311 2437 60.
1344 2383 1474 2437 dist.
1503 2382 1699 2440 Nullus
1721 2381 1784 2437 in
1805 2381 2143 2455 episcopum:
2174 2383 2270 2438 sed
2296 2384 2351 2438 in
2381 2398 2480 2438 sa-

462 2472 573 2528 cris
601 2468 1237 2525 ordinibus-constitutus
1267 2486 1373 2525 non
1400 2477 1582 2541 potest
1609 2486 1835 2527 uxorem
1861 2475 2082 2539 ducere,
2099 2485 2203 2526 non
2229 2479 2317 2527 est
2341 2487 2478 2543 ergo

461 2570 655 2617 verum
682 2556 826 2629 quod
858 2555 1066 2613 electus
1084 2558 1257 2632 possit
1285 2557 1488 2615 ducere
1514 2575 1763 2617 uxorem.

1171 2726 1455 2798 CAPUT
1507 2731 1761 2798 XXIII.

468 2870 711 2941 Solatia
752 2871 1063 2936 rationum.
1094 2873 1573 2951 praemissarum,
1603 2871 1670 2933 in
1697 2871 1915 2953 quibus
1937 2870 2193 2951 probari
2235 2871 2480 2935 videba-

552 2966 677 3038 tur,
718 2961 879 3041 quod
921 2960 1144 3035 curati,
1178 2962 1269 3024 vel
1314 2960 1729 3023 archidiaconi
1770 2965 1916 3022 sunt
1960 2960 2159 3039 maqis
2197 2961 2265 3023 in
2307 2965 2483 3023 statu

541 3050 937 3143 perfectione}
957 3067 1140 3129 quam
1165 3050 1458 3129 reliyiosi.

536 3177 671 3237 Haec
700 3186 880 3237 autem
912 3199 1037 3254 quae
1064 3184 1241 3256 posita
1277 3188 1421 3247 sunt,
1465 3196 1630 3254 quam
1669 3181 1779 3238 sint
1821 3180 2035 3250 frivola,
2067 3180 2393 3252 derisibilia,
2425 3187 2486 3239 et

468 3270 524 3327 in
564 3268 751 3325 multis
782 3285 1027 3336 erronea,
1064 3270 1549 3327 demonstrandum
1579 3276 1662 3326 est
1690 3268 2028 3341 singulorum
2056 3268 2360 3326 efficaciam
2389 3271 2490 3327 di-

470 3357 703 3429 ligenter
739 3357 1111 3430 ponderando·
1138 3358 1293 3427 Quod
1319 3358 1466 3413 enim
1503 3358 1676 3429 primo
1719 3357 1983 3414 inducunt
2010 3358 2281 3429 quosdam
2310 3374 2490 3416 cano·-

470 3462 568 3502 nes
596 3445 667 3501 ad
698 3446 1032 3517 probandum
1065 3444 1411 3518 presbyteros
1442 3451 1679 3513 curatOS,
1708 3453 1762 3501 et
1792 3446 2208 3503 archidiaconos
2239 3447 2294 3501 in
2333 3454 2489 3504 statu

472 3550 612 3602 esse,
648 3533 780 3590 nihil
811 3534 881 3591 ed
916 3535 1255 3607 propositum
1283 3534 1434 3591 facit.
1478 3536 1620 3591 Nam
1653 3534 1706 3589 in
1753 3534 2009 3607 capitulis
2052 3534 2308 3591 inductis-
2333 3536 2493 3594 nulla

471 3625 535 3680 fit
570 3624 776 3680 mentio
804 3623 873 3678 de
905 3627 1074 3690 statu,
1108 3622 1204 3677 sed
1233 3622 1302 3677 de
1325 3623 1519 3693 gradu.
1551 3624 1641 3680 Sic
1669 3623 1814 3679 enim
1855 3622 2106 3690 habetur,
2141 3626 2200 3680 84
2239 3624 2434 3679 distin.
2475 3642 2490 3681 ε

474 3732 501 3767 ι
530 3713 585 3767 Si
611 3712 737 3785 quis
764 3710 957 3767 amodo
982 3711 1287 3784 episcopus,
1320 3712 1626 3785 presbyter,
1655 3719 1751 3768 aut
1779 3711 2042 3768 diaconus
2070 3711 2356 3769 foeminam
2384 3727 2496 3768 ac-

473 3799 700 3871 ceperit,
722 3798 809 3855 vel
838 3804 1118 3870 acceptam
1148 3800 1456 3865 retinuerit,
1484 3816 1515 3855 a
1546 3800 1766 3873 proprio
1797 3801 1971 3872 gradu
1997 3800 2219 3857 decidat
2243 3819 2292 3854 n.
2319 3800 2491 3859 Item.

476 3889 564 3954 ⁴4,
596 3904 651 3959 q.
691 3888 743 3941 4.
771 3901 820 3942 c.
848 3885 907 3942 Si
933 3885 1052 3957 quis
1076 3887 1278 3944 dicitur
1308 3906 1320 3943 :
1350 3909 1375 3941 α
1406 3889 1461 3943 Si
1492 3888 1616 3958 quis
1639 3887 1841 3943 oblitus
1873 3889 2124 3945 timorem
2156 3886 2395 3952 Domini,
2433 3895 2500 3943 et

475 3978 792 4037 sanctarum
831 3974 1237 4049 Scripturarum
1276 3990 1401 4047 quae
1442 3974 1671 4030 dicunt:
1723 3975 1829 4041 Qui
1857 3974 2144 4049 pecuniam
2181 3989 2335 4032 suam
2377 3991 2498 4033 non
