2850 4517
575 379 668 427 π.
691 395 776 412 -
796 379 1094 428 omem!
1124 381 1211 426 mr.
1250 381 1440 428 nero
1479 383 1773 429 coarctus
1813 384 2052 452 caman
2193 367 2316 430 385

377 495 544 571 Ray.
566 496 675 568 Qui
697 497 995 556 manducat
1018 513 1200 556 meam
1221 513 1464 568 carnem,
1491 504 1548 555 et
1573 497 1716 556 bibit
1752 515 1938 558 meum
1967 501 2310 574 sanguinem,

312 587 367 646 in
392 602 487 646 me
511 593 718 655 manet,
746 592 806 644 et
828 603 931 660 ego
953 582 1012 643 in
1033 587 1147 666 ilio.

385 675 540 734 Vm.
562 675 685 732 Non
712 680 800 732 est
817 675 928 732 alia
949 661 1100 752 natio
1128 682 1242 734 tam
1265 675 1513 749 grandis,
1541 691 1669 750 quae
1699 675 1903 734 habeat
1927 677 2074 754 Deos
2101 693 2308 754 appro-

314 765 641 839 pinquantes
660 763 788 836 sibi,
816 764 964 822 sicut
970 765 1129 843 Dens
1156 745 1342 822 noster
1363 765 1523 823 adest
1545 764 1723 824 nobis.
1743 767 1806 824 ln
1825 781 1936 826 me.

1040 960 1355 1033 LEGTIO
1396 963 1578 1033 Vm.

379 1118 632 1194 Denique
662 1119 780 1192 jam
816 1119 1039 1192 exponit
1078 1120 1353 1193 quomodo
1381 1121 1440 1177 id
1483 1121 1582 1179 fiat
1620 1121 1769 1196 quod
1805 1121 2068 1198 loquitur,
2097 1129 2154 1182 et
2181 1124 2310 1198 quid

312 1212 384 1268 sit
422 1209 758 1267 manducare
782 1222 985 1280 corpus
1012 1208 1155 1280 ejuS,
1180 1214 1238 1264 et
1276 1209 1596 1282 sanguinem
1635 1209 1844 1267 bibere.
1884 1211 1989 1282 Qui
2019 1213 2316 1271 manducat

314 1315 491 1356 meam
515 1313 759 1365 carnem,
781 1285 840 1354 et
863 1296 1005 1353 bibit
1028 1313 1209 1353 meum
1244 1300 1566 1370 sanguinem
1608 1299 1665 1354 in
1692 1315 1780 1354 me
1811 1307 2016 1368 manet,
2048 1310 2104 1358 et
2129 1317 2231 1374 ego
2258 1303 2314 1357 in

312 1405 397 1444 eo.
422 1388 541 1444 Hoc
562 1393 649 1443 est
674 1400 807 1458 ergo
834 1385 1168 1442 manducare
1194 1385 1345 1442 illam
1375 1402 1579 1453 escam,
1605 1395 1663 1444 et
1690 1387 1844 1442 iilum
1885 1388 2074 1445 bibere
2101 1396 2311 1462 potum,

314 1475 366 1532 in
390 1474 605 1532 Christo
640 1489 882 1541 manere,
909 1481 967 1530 et
992 1472 1145 1530 illum
1182 1481 1495 1531 manentem
1523 1474 1580 1530 in
1609 1491 1670 1532 ee
1710 1467 1932 1538 habere.
1958 1479 2040 1532 Ac
2079 1493 2176 1550 per
2213 1477 2316 1535 hoc

210 1625 215 1630 ,
312 1565 536 1638 quinon
578 1570 767 1620 manet
789 1562 848 1619 in
866 1562 1104 1630 Christo‘,
1136 1563 1276 1618 etin
1316 1577 1428 1635 quo
1467 1578 1572 1620 non
1616 1569 1801 1618 manet
1825 1563 2092 1632 Christus,
2125 1565 2315 1638 procul

311 1653 477 1712 dubio
509 1669 619 1710 non
641 1651 938 1710 manducat
964 1647 1322 1722 spiritualiter
1349 1651 1469 1721 ejus
1510 1666 1751 1718 carnem,
1781 1651 1908 1710 licet
1935 1652 2231 1710 carnaliter
2258 1660 2316 1709 et

312 1741 601 1802 visibiliter
650 1746 866 1814 premat
916 1737 1171 1794 dentibus
1227 1739 1582 1795 Sacramenta
1629 1739 1875 1811 corporis
1925 1749 1980 1797 et
2033 1741 2314 1814 sanguinis

311 1830 535 1889 Christi.
560 1828 668 1886 Sed
690 1827 871 1900 magis
897 1833 1069 1884 tantae
1095 1824 1172 1881 rei
1199 1826 1611 1882 Sacramentum
1636 1825 1708 1882 ad
1724 1827 1995 1898 judicium
2018 1828 2124 1904 sibi
2149 1845 2312 1886 man-

310 1921 478 1977 ducat
530 1921 589 1974 et
635 1915 795 1982 bibit,
841 1914 937 1986 qui
986 1913 1300 1969 immundus
1348 1913 1634 1984 praesumit
1679 1913 1750 1970 ad
1801 1915 2002 1972 Christi
2051 1916 2314 1972 accedere

310 2009 744 2071 Sacramentum,
775 2001 924 2075 qnod
961 2000 1101 2058 alius
1127 2015 1235 2057 non
1271 2000 1436 2072 digne
1467 2000 1654 2070 sumit,
1687 2000 1790 2057 nisi
1819 2003 1913 2076 qui
1945 2003 2175 2060 mundus
2205 2010 2308 2072 est,

309 2098 379 2154 de
397 2093 599 2168 quibus
622 2090 863 2150 dicitur:
891 2089 1047 2147 Beati
1064 2089 1269 2148 mundo
1303 2089 1491 2160 corde,
1519 2088 1778 2164 quoniam
1807 2089 1911 2163 ipsi
1956 2092 2134 2150 Deum
2156 2093 2315 2151 vide·

308 2185 468 2242 hunt.

378 2273 534 2345 Resp.
563 2267 711 2328 nisit
735 2283 828 2326 me
846 2267 1041 2328 vivens
1059 2273 1237 2342 pater,
1256 2271 1315 2324 et
1340 2254 1458 2340 ego'
1473 2266 1601 2327 vivo
1625 2271 1850 2341 propter
1872 2275 2106 2342 patrem,
2135 2271 2315 2344 etqui

310 2359 611 2422 manducat
628 2374 738 2427 me,
768 2357 923 2440 vivet
943 2362 1169 2431 propter
1194 2371 1304 2414 me.

347 2483 357 2493 ·
391 2449 546 2514 Vera.
618 2446 837 2510 Cibavit
900 2461 1031 2507 oum
1100 2445 1365 2506 Dominus
1432 2461 1574 2522 pane
1639 2447 1788 2520 vitae,
1859 2451 1922 2528 et
1981 2447 2318 2515 intellectum¹

314 2541 383 2600 Et
416 2538 536 2613 qui.

1074 2729 1385 2798 LEGTIO
1433 2726 1557 2799 IX.

382 2893 539 2955 Sicut
568 2905 659 2954 me
690 2886 861 2957 misit,
888 2885 1087 2960 inquit,
1119 2885 1310 2944 vivens
1337 2892 1513 2960 pater,
1545 2891 1603 2944 et
1643 2902 1746 2962 ego
1783 2889 1913 2951 vivo
1955 2899 2179 2970 propter
2213 2906 2316 2972 pa·

311 2990 459 3042 trem
488 3000 503 3039 z
535 2989 592 3040 et
618 2980 714 3056 qui
743 2977 1039 3038 manducat
1065 2991 1171 3046 me,
1199 2979 1257 3032 et
1295 2975 1413 3047 ipse
1439 2975 1590 3035 vivet
1633 2985 1858 3052 propter
1885 2973 1993 3038 me'.
2018 2984 2142 3042 Non
2169 2987 2317 3044 enim

310 3074 461 3132 filius
482 3068 901 3146 participatione
926 3065 1101 3140 patris
1127 3063 1191 3122 fit
1216 3062 1429 3133 melior,
1461 3064 1556 3139 qui
1583 3071 1670 3123 est
1699 3069 1844 3141 patri
1891 3071 2139 3144 aequalia,
2171 3075 2316 3134 sicut

308 3160 737 3238 participatione
760 3158 859 3214 filii
880 3172 979 3231 per
1017 3155 1287 3213 unitatem
1329 3152 1574 3226 corporis
1602 3160 1660 3211 et
1699 3157 1999 3230 sanguinis,
2032 3178 2198 3235 quam
2223 3164 2318 3222 iila

308 3249 669 3310 manducatio
706 3247 1029 3322 potatioque
1070 3239 1364 3317 significat,
1393 3259 1495 3300 nos
1543 3241 1708 3301 efficit
1748 3245 2021 3306 meliores·
2045 3251 2316 3311 ·Vivimus

307 3357 447 3414 ergo
479 3355 581 3396 nos
614 3342 838 3413 propter
871 3335 1070 3408 ipsum,
1099 3333 1494 3390 manducantes
1522 3349 1665 3402 eum,
1699 3333 1754 3390 id
1786 3341 1871 3390 est
1892 3353 1990 3410 per
2017 3339 2313 3412 Christum,

306 3430 652 3504 accipientes
693 3427 866 3486 vitam
891 3429 1175 3493 aeternam‚
1202 3439 1369 3495 quam
1398 3438 1506 3479 non
1527 3422 1798 3488 ,habemus
1843 3441 1912 3480 ex
1950 3427 2123 3484 nobis.
2155 3429 2317 3488 Vivet

308 3527 503 3578 autem
536 3515 656 3590 ipse
682 3518 907 3589 propter
932 3519 1149 3585 patrem
1190 3509 1391 3566 missus
1431 3509 1501 3566 ab
1529 3526 1612 3578 eo,
1642 3511 1772 3584 quia
1808 3513 2161 3587 semetipsum
2197 3519 2318 3574 exi-

305 3605 548 3674 nanivit,
574 3596 766 3662 factus
780 3600 1039 3659 obediens
1066 3614 1236 3673 usque
1266 3599 1334 3655 ad
1358 3606 1611 3668 mortem,
1646 3608 1875 3658 mortem
1905 3611 2088 3659 autem
2113 3605 2315 3676 crucis·

309 3717 339 3752 α
372 3697 533 3754 Sicut
558 3693 711 3752 misit
741 3707 831 3750 me
855 3690 1047 3749 vivens
1069 3697 1247 3762 pater,
1275 3693 1331 3746 et
1359 3703 1460 3760 ego
1486 3689 1613 3747 vivo
1630 3683 1854 3762 propter
1878 3698 2108 3765 patrem,
2138 3701 2193 3750 et
2222 3697 2328 3772 quit

306 3784 613 3843 manducat
630 3798 738 3851 me,
756 3786 814 3838 et
836 3780 953 3854 ipse
968 3777 1118 3837 vivet
1146 3782 1369 3850 propter
1395 3791 1483 3832 me
1502 3795 1550 3845 »,
1566 3793 1632 3834 ac
1659 3779 1706 3834 si
1735 3779 1962 3848 diceret,
1983 3787 2038 3837 et
2062 3798 2164 3855 ego
2190 3785 2318 3844 vivo
2360 3799 2364 3804 ·

308 3879 541 3949 propter
566 3877 803 3946 patrem,
827 3869 885 3928 id
911 3873 1016 3938 est,
1035 3872 1099 3924 ut
1126 3864 1198 3923 ad
1222 3865 1375 3922 illum
1398 3869 1664 3950 tanquam
1686 3867 1756 3924 ad
1791 3870 2056 3942 majorem
2083 3872 2317 3932 referam

307 3963 490 4026 vitam
525 3956 1079 4022 meam.13xinanitio
1107 3969 1229 4013 mea
1264 3948 1414 4023 fecit,
1441 3953 1500 4010 in
1544 3970 1657 4028 qua
1687 3969 1784 4012 me
1828 3957 2020 4018 misit·
2051 3965 2317 4022 utentem

828 4069 1636 4156 §.Tnon.Ao.0roscu1.A...—1
1664 4094 1730 4112 —
1748 4070 1812 4126 2⁸
