2850 4517
739 362 784 408 1.
809 374 894 396 --
918 364 1324 418 comannorum
1375 366 1739 416 rammam
2160 353 2241 416 63

940 563 1224 634 CAPUT
1284 565 1529 634 XCIX.

251 700 525 766 Rationes
577 700 961 777 ostendentes,
1009 702 1173 783 q'uod
1225 707 1314 768 est
1351 701 1751 765 necessarium
1801 703 2115 766 materiam
2165 703 2239 767 ab

283 795 484 855 esterno
512 791 867 857 creationem
894 791 1108 856 mundi
1127 791 1520 872 precessisse,
1542 795 1602 855 ot
1626 791 1955 854 solutiones
1971 809 2196 866 earnm.

310 925 530 982 Videtur
566 931 772 996 autem,
803 926 850 981 si
891 931 949 984 et
982 939 1165 982 rerum
1193 924 1561 998 perfectarum
1588 923 1879 997 productio
1919 924 1991 990 ab
2034 931 2240 982 aeterno

253 1013 416 1081 suerit,
456 1015 605 1088 quod
647 1015 932 1072 materiam
961 1029 1186 1072 necesse
1224 1013 1297 1070 sit
1326 1013 1397 1070 ab
1427 1022 1635 1070 aeterno
1660 1012 1848 1069 fuisse.
1892 1011 2068 1069 Omne
2096 1015 2241 1069 enim

252 1103 377 1175 quod
403 1103 567 1160 habet
594 1119 715 1160 esse
741 1111 866 1177 post
916 1117 1024 1160 non
1050 1118 1192 1170 esse,
1223 1109 1468 1160 mutatur
1505 1102 1574 1158 de
1602 1117 1711 1157 non
1750 1116 1871 1158 esse
1909 1100 1977 1158 ad
2016 1117 2157 1158 esse.
2183 1103 2242 1159 Si

253 1192 398 1263 igitur
423 1209 512 1249 res
537 1200 760 1259 croam,
794 1201 853 1250 ut
893 1202 1048 1266 puta,
1077 1193 1278 1250 coeium
1321 1205 1378 1250 et
1412 1198 1581 1260 terra,
1612 1199 1669 1248 et
1698 1191 1803 1248 alia
1831 1190 2143 1264 hujusmodi
2172 1192 2242 1248 ab

252 1290 435 1339 aeterno
463 1299 573 1340 non
610 1283 831 1351 fuerint,
872 1283 966 1341 sed
1006 1282 1347 1355 iucoeperunt
1388 1297 1510 1338 esse
1536 1288 1829 1355 postquam
1866 1296 1973 1337 non
1999 1280 2235 1348 fuerant,

253 1386 452 1428 necesse
478 1381 565 1429 est
605 1372 788 1429 dicere
825 1386 921 1430 eas
944 1378 1184 1430 mutatas
1209 1386 1330 1428 esse
1365 1370 1437 1426 de
1468 1385 1576 1426 non
1600 1385 1720 1428 esse
1756 1371 1825 1426 ad
1856 1385 1975 1426 esse
2006 1385 2021 1424 ε
2063 1369 2242 1426 omnis

253 1469 414 1516 autem
468 1468 722 1529 mutatio,
773 1467 848 1531 et,
878 1469 1058 1518 motus
1104 1460 1410 1533 subjectum
1458 1459 1680 1533 aliquod
1728 1457 1912 1516 habet.
1956 1459 2051 1514 Est
2092 1458 2238 1514 enim

253 1556 412 1606 motus
432 1556 593 1608 actus
615 1551 902 1607 existentis
929 1550 985 1607 iu
1011 1551 1258 1624 potentia
1291 1567 1304 1603 ε
1332 1549 1639 1621 subjectum
1682 1554 1869 1604 autem
1898 1547 2235 1614 mutationisi‚

229 1692 240 1703 ,
249 1653 331 1708 per
352 1655 516 1712 quam
541 1639 725 1713 aliqua
745 1654 832 1698 res
855 1639 911 1695 in
933 1655 1052 1696 esse
1069 1638 1408 1713 producitur,
1440 1653 1545 1694 non
1561 1643 1655 1692 est
1682 1637 1801 1710 ipsa
1831 1651 1919 1691 res
1941 1635 2237 1707 producta;

252 1725 336 1786 hoc
359 1729 503 1784 enim
532 1734 618 1784 est
645 1729 910 1786 terminus
935 1737 1131 1794 motus,
1165 1742 1271 1784 non
1317 1735 1402 1784 est
1446 1733 1628 1783 autem
1658 1725 1805 1783 idem
1836 1731 2019 1784 motus
2048 1725 2240 1806 termi-

253 1830 336 1873 nus
371 1826 428 1874 et
454 1816 785 1889 subjectum,
826 1816 922 1874 scd
959 1816 1265 1888 subj0ctum
1293 1816 1575 1890 praedictae
1614 1815 1935 1871 mutationis
1962 1821 2047 1870 est
2074 1815 2129 1870 id
2174 1831 2242 1872 ex
2314 1877 2325 1888 ‚

253 1921 341 1978 quo
367 1919 458 1962 res
488 1905 828 1978 producitur,
867 1904 1014 1977 quod
1042 1906 1274 1960 materia
1300 1904 1525 1960 dicitur.
1552 1903 1783 1959 Videtur
1815 1919 1965 1974 ergo,
1996 1903 2045 1958 si
2073 1919 2163 1974 res
2185 1905 2237 1958 in

255 2009 350 2052 esse
375 1993 670 2068 productae
708 1993 817 2048 sint
845 2000 1136 2064 postquam
1166 2006 1272 2046 non
1300 1991 1537 2057 fuerant,
1564 1990 1710 2062 quod
1739 1996 1991 2062 oporteat
2012 1991 2093 2045 eis
2119 2005 2241 2046 ma-

256 2084 423 2150 teriam
467 2081 853 2156 praeextitisse‚
903 2094 1030 2154 quae
1057 2078 1103 2134 si
1147 2080 1346 2136 iterum
1389 2081 1656 2151 producta
1684 2083 1787 2133 est.
1817 2084 2108 2149 postquam
2138 2092 2243 2132 non

256 2169 426 2240 iuerat,
456 2177 678 2245 oportet
714 2169 859 2244 quod
891 2168 1091 2227 habeat
1119 2167 1284 2226 aliam
1313 2167 1602 2224 materiam
1646 2165 2046 2240 praecedentem
2090 2183 2103 2220 ε
2136 2181 2243 2222 non

257 2267 416 2317 autem
443 2276 530 2317 est
561 2259 854 2333 procedere
884 2258 938 2314 in
968 2256 1260 2313 infinitum.
1304 2255 1653 2328 Relinquitur
1676 2255 1862 2326 igitur,
1901 2253 2047 2328 quod
2077 2269 2243 2328 opor-

257 2355 354 2404 teat
385 2349 641 2418 devenire
670 2347 738 2404 ad
779 2348 1019 2421 aliquam
1062 2347 1348 2402 materiam
1374 2352 1661 2414 aeternam,
1702 2359 1827 2418 quae
1870 2359 1974 2400 nou
2008 2345 2081 2402 sit
2110 2359 2241 2416 pro-

257 2436 400 2494 ducta
425 2447 720 2512 postquam
747 2452 852 2494 non
890 2436 1086 2494 suerat.
1132 2438 1287 2503 Item,
1336 2435 1384 2491 si
1412 2433 1649 2490 mundos
1695 2434 1921 2507 incoepit
1948 2440 2240 2507 postquam

260 2541 348 2581 non
372 2527 566 2598 fuerat,
611 2534 906 2602 antequam
946 2523 1182 2582 mundus
1216 2532 1380 2590 esset,
1421 2529 1519 2580 aut
1546 2530 1666 2580 erat
1690 2522 1947 2596 possibile
1975 2522 2239 2578 mundum

259 2627 376 2682 esse,
399 2617 480 2673 vei
509 2617 652 2682 fieri,
678 2624 772 2672 aut
802 2631 907 2672 non
934 2613 1207 2688 possibile.
1239 2614 1294 2670 Si
1323 2619 1510 2672 autern
1536 2627 1641 2668 non
1666 2611 1923 2685 possibile
1952 2619 2072 2666 erat
2097 2626 2235 2677 esse,

261 2703 331 2759 vel
367 2704 510 2773 fieri,·-
544 2720 678 2776 ergo
719 2705 788 2762 ab
829 2702 1201 2777 aequipoiienti
1253 2699 1589 2774 impossibile
1625 2709 1745 2756 orat
1792 2698 2055 2756 mundum
2097 2714 2235 2772 esse,

231 2853 234 2858 ,
262 2791 332 2847 vei
366 2793 517 2860 fieri
502 2814 515 2828 ·
552 2793 700 2868 quod
730 2781 914 2850 autem
943 2790 1276 2864 impossibile
1303 2797 1388 2844 est
1415 2789 1556 2854 fleri,
1588 2803 1809 2846 necesse
1836 2796 1921 2844 est
1962 2803 2071 2843 non
2100 2788 2239 2844 fleri.

260 2880 467 2940 Necesse
489 2893 578 2948 est
607 2883 772 2955 igitur
798 2879 1063 2940 mundum
1091 2893 1196 2934 non
1227 2891 1348 2932 esse
1373 2875 1601 2931 factum.
1626 2873 1782 2942 Quod
1806 2890 1932 2930 cum
1956 2875 2243 2930 manifesto

263 2970 322 3024 sit
347 2971 554 3053 falsum}
587 2988 808 3030 necesse
833 2977 919 3027 ost
942 2970 1142 3032 dicere,
1175 2964 1323 3040 quod
1348 2963 1396 3019 si
1421 2960 1657 3017 mundus
1680 2959 1907 3032 incoepit
1932 2976 2053 3015 esse
2086 2967 2244 3033 post-

263 3075 404 3129 quam
431 3079 534 3119 non
563 3061 758 3126 fuerat,
791 3058 938 3134 quod
966 3056 1224 3131 possibile
1256 3061 1376 3110 erat
1399 3058 1696 3125 autequam
1719 3057 1865 3106 esset
1894 3049 2071 3122 ipsum
2100 3064 2239 3116 esse,

266 3141 335 3203 vel
369 3151 496 3208 (ieri,
527 3151 664 3208 Erat
704 3151 870 3222 igitur
907 3145 1112 3221 aliquid
1151 3145 1204 3202 in
1235 3143 1481 3218 potentia
1521 3140 1590 3198 ad
1636 3140 1753 3197 fieri
1782 3146 1839 3196 et
1875 3154 1995 3196 esse
2031 3138 2241 3196 mundi.

267 3234 398 3304 Quod
433 3249 616 3298 autom
645 3247 729 3298 est
761 3241 812 3295 in
845 3237 1086 3312 potentia
1123 3235 1192 3292 ad
1237 3235 1352 3290 fieri
1382 3239 1438 3289 et
1466 3247 1586 3290 esse
1614 3230 1863 3301 aiicujus,
1892 3237 1977 3285 est
2009 3229 2243 3286 materia

266 3326 385 3396 ejus,
409 3333 548 3388 sicut
573 3330 782 3403 iignum
810 3343 870 3385 so
904 3325 1071 3384 habet
1096 3325 1165 3382 ad
1194 3337 1497 3382 scamnum.
1528 3321 1617 3378 Sic
1642 3320 1808 3391 igitur
1835 3317 2071 3386 videtur,
2096 3319 2245 3392 quod

268 3429 462 3476 necesso
486 3427 571 3478 ost
603 3417 888 3475 materiam
911 3430 1126 3488 semper
1153 3413 1340 3482 fuisse,
1371 3412 1539 3468 etiarn
1568 3410 1613 3466 si
1640 3407 1873 3464 mundus
1896 3423 2111 3480 semper
2138 3423 2241 3463 non

269 3499 372 3560 tuit.
405 3507 506 3566 Snd
549 3523 676 3564 cum
711 3514 990 3564 ostensum
1029 3503 1102 3560 sit
1129 3517 1311 3575 supra,
1343 3501 1489 3574 quod
1534 3499 1701 3556 etiam
1744 3497 1970 3554 materia
2009 3511 2116 3553 non
2158 3503 2244 3553 est

270 3591 356 3648 nisi
383 3609 412 3650 a
441 3597 482 3652 Ι)
515 3597 736 3670 o,pa1i
785 3595 996 3654 ratione
1024 3591 1160 3650 tides
1194 3589 1462 3648 catholica
1505 3603 1611 3644 non
1638 3585 1928 3642 confltetur
1958 3585 2245 3642 materiam

272 3691 372 3738 taso
395 3691 674 3751 aeternam,
723 3683 866 3740 sicut
912 3696 1014 3738 noc
1059 3667 1319 3736 mundum
1361 3685 1647 3735 aeternum.
1696 3673 1923 3748 Oportet
1952 3671 2097 3727 enim
2144 3669 2245 3726 hoc

275 3769 413 3826 modo
438 3773 664 3847 exprimi
707 3774 760 3831 in
788 3771 920 3848 ipsis
947 3771 1108 3830 rebus
1144 3786 1276 3828 cau.-
1251 3769 1523 3824 alitatom
1560 3765 1822 3830 divinam,
1864 3769 1919 3818 ut
1967 3775 2053 3817 res
2080 3758 2151 3815 ab
2177 3773 2243 3815 eo

274 3859 528 3928 productoe
552 3881 674 3922 osso
701 3863 1020 3938 inciperent,
1062 3869 1354 3937 postquam
1394 3874 1501 3914 non
1543 3858 1775 3913 fucrant.
1808 3853 1922 3909 lioc
1949 3851 2095 3906 enim
2122 3849 2241 3907 evi-

276 3944 446 4007 denter
464 3961 518 4008 et
541 3955 829 4013 manifeste
853 3951 1092 4011 ostendit
1113 3966 1208 4009 cas
1230 3965 1337 4006 non
1369 3963 1401 4004 a
1430 3938 1624 4018 scipsis
1645 3959 1790 4013 esse,
1817 3941 1912 3998 sed
1942 3940 2013 3998 ab
2034 3947 2241 3997 aeteruo
