2850 4517
632 349 719 396 lv.
747 365 825 378 -·
851 350 930 393 ΒΕ
972 350 1391 395 PERFnc‘rmNss
1435 352 1602 395 vlTAE
1655 352 2028 400 SPIRITUALIS
2214 340 2329 400 321

325 468 567 527 dicitur:
598 466 659 523 Si
678 466 889 523 dederit
914 466 1061 522 homo
1089 483 1289 522 omnem
1310 467 1664 525 substantiam
1693 469 1875 525 domus
1901 486 2014 527 suae
2035 455 2138 543 pro
2168 472 2334 553 dilec-

326 561 487 625 tione,
524 556 676 633 quasi
718 556 861 612 nihil
888 556 1133 627 despiciet
1166 574 1301 613 eam.
1331 557 1486 613 Unde
1529 564 1585 614 et
1630 560 1892 615 Dominus
1929 559 2032 617 hoc
2079 578 2334 634 compre-

322 646 562 705 hendere
585 645 823 712 videtur,
854 644 986 701 dum
1024 643 1313 701 consilium
1341 644 1408 701 de
1449 646 1780 717 perfectione
1821 648 2081 705 sectanda
2109 650 2330 707 cuidam

324 740 483 794 daret
509 736 715 802 dicem,
748 734 943 790 Matth.
986 750 1095 791 xix
1128 734 1231 790 :Si
1279 733 1361 789 vis
1400 734 1670 806 perfectus
1706 752 1846 812 >esse,
1889 738 2039 803 vade,
2081 744 2129 793 et
2171 740 2333 795 vende

324 826 507 883 omnia
534 842 649 897 quae
676 823 848 889 habes,
878 830 927 880 et
951 824 1018 879 da
1036 824 1387 896 pauperibus,
1417 832 1467 881 et
1499 824 1704 881 habebis
1733 826 2041 883 thesaurum
2079 821 2138 883 in
2185 831 2330 896 coela,

324 926 378 975 et
400 916 540 981 veni,
559 930 771 987 sequere
796 930 898 980 me,
915 913 1007 969 ubi
1024 914 1267 970 omnium
1292 912 1557 971 bonorum
1580 916 1910 972 exteriorum
1933 917 2334 975 abdicationem

326 1006 397 1065 ad
440 1005 547 1062 duo
594 1004 812 1060 videtur
856 1002 1129 1071 ordinare,
1162 1002 1371 1060 scilicet
1422 1004 1490 1061 ad
1536 1004 1885 1061 dilectionem
1928 1006 2156 1078 proximi
2206 1025 2334 1063 cum

324 1094 479 1161 dicit,
510 1100 559 1149 et
588 1092 657 1147 da
678 1091 1005 1164 pauperibus
1032 1108 1051 1148 .·
1080 1098 1137 1147 et
1176 1092 1245 1148 ad
1273 1091 1624 1149 dilectionem
1649 1094 1768 1161 Dei,
1787 1110 1914 1150 cum
1941 1096 2094 1163 dicit,
2117 1114 2330 1169 sequere

322 1202 425 1241 me.
452 1183 535 1239 Ad
563 1182 709 1238 idem
734 1182 901 1237 etiam
924 1181 1163 1254 pertinet
1187 1181 1231 1236 si
1258 1182 1382 1253 quis
1411 1182 1673 1237 damnum
1703 1182 1756 1238 in
1779 1184 2140 1242 exterioribus
2169 1187 2333 1243 rebus

323 1274 439 1349 pati
480 1288 587 1330 non
638 1276 853 1327 recuset
901 1278 1123 1343 propter
1164 1270 1512 1327 dilectionem
1556 1271 1675 1337 Dei,
1725 1272 1812 1328 vel
1863 1274 2115 1345 proximi.
2174 1276 2330 1331 Unde

323 1361 617 1436 Apostolus
645 1358 994 1417 commendat
1027 1358 1294 1431 quosdam
1332 1358 1520 1416 dicens
1545 1359 1614 1416 ad
1643 1360 1810 1416 Hebr.
1836 1377 1878 1417 x
1905 1360 2210 1435 :Rapinam
2239 1364 2334 1419 bo·-

324 1468 519 1508 norum
540 1458 839 1507 vestrorum
864 1464 979 1505 cum
1000 1450 1195 1521 qaudio
1220 1448 1538 1520 suscepistis,
1566 1456 1621 1505 et
1651 1450 1909 1506 Proverb.
1941 1466 2048 1519 x11,
2083 1452 2285 1508 dicitur
2314 1470 2328 1509 z

324 1540 431 1608 Qui
450 1538 669 1613 nepliyit
695 1530 970 1595 damnum‘
980 1545 1211 1612 propter
1250 1538 1500 1603 amicum,
1513 1538 1700 1609 ‘justus
1743 1545 1836 1596 est.
1865 1540 1950 1597 Ab
1993 1539 2122 1597 hoc'
2145 1552 2331 1601 autem

324 1630 635 1686 dilectionis
666 1628 843 1699 gradu
886 1628 1165 1693 deficiunt,
1198 1627 1291 1699 qui
1331 1628 1399 1683 de
1436 1626 1592 1682 bonis
1615 1644 1757 1701 ηοω
1795 1628 2018 1699 habent,
2071 1616 2332 1703 proximis

324 1704 709 1777 necessitatem
762 1718 1089 1773 habentibus
1150 1716 1440 1772 subvenire
1492 1709 1596 1771 non
1656 1724 1872 1774 curant.
1899 1718 2056 1775 Unde
2104 1720 2326 1789 dicitur,

324 1810 527 1866 lsoan.
556 1824 621 1863 111
655 1824 667 1861 ε
703 1806 805 1872 Qui
826 1804 1071 1862 habuerit
1092 1804 1451 1861 substantiam
1479 1805 1667 1860 mundi
1698 1806 1876 1877 hujus,
1907 1816 1956 1865 et
1977 1808 2173 1864 viderit
2200 1811 2330 1881 fra-

254 1938 259 1945 .
324 1905 463 1954 trem
486 1912 640 1951 suum
662 1911 858 1950 necesse
891 1894 1099 1960 habere,
1125 1902 1176 1951 et
1204 1894 1462 1951 clauserit
1491 1893 1696 1949 viscera
1739 1912 1836 1951 sua
1871 1896 1935 1951 ab
1975 1914 2053 1963 eo,
2081 1901 2331 1969 quomodo

324 1986 565 2043 charitas
600 1984 701 2041 Dei
746 1991 923 2041 manet
964 1984 1023 2039 in
1054 1982 1185 2039 illo?
1226 1982 1510 2040 Secundus
1555 1988 1740 2041 autem
1781 1986 1984 2057 gradus
2022 1986 2332 2045 dilectionis

324 2083 430 2143 est,
464 2081 524 2130 ut
550 2073 747 2147 aliquis
769 2088 968 2146 corpus
996 2088 1153 2127 suum
1193 2071 1471 2127 laboribus
1518 2079 1755 2144 exponat
1793 2080 2012 2146 propter
2049 2077 2336 2149 proximo-

325 2182 448 2222 rum
496 2179 755 2233 amorem,
785 2164 944 2234 cujus
984 2160 1067 2217 rei
1110 2160 1417 2233 exemplum
1447 2160 1740 2233 Apostolus
1778 2162 1831 2218 in
1861 2163 2041 2237 seipso
2071 2166 2330 2234 ostendit,

326 2272 453 2312 cum
478 2253 628 2321 dicit,
664 2254 708 2307 11
738 2250 983 2307 Corinth.
1010 2266 1032 2306 1
1059 2268 1071 2305 :
1099 2250 1216 2306 Sive
1244 2250 1574 2307 tribulamur
1599 2266 1700 2323 pro
1743 2256 1923 2307 vestra
1966 2251 2334 2311 exhortatione

326 2352 377 2401 et
406 2345 571 2399 salute
582 2361 601 2411 ,·
633 2348 687 2398 et
700 2342 749 2397 ΙΙ
774 2342 973 2397 Timot.
1002 2342 1066 2407 it,
1086 2339 1219 2395 dicit
1248 2356 1261 2395 ε
1290 2338 1498 2395 Laboro
1527 2356 1690 2411 usque
1704 2340 1776 2395 ad
1792 2340 2005 2397 vincula
2021 2342 2173 2415 quasi
2195 2346 2335 2401 male

324 2448 571 2506 operans,
601 2430 689 2487 sed
740 2430 969 2488 Verbum
1000 2428 1101 2485 Dei
1142 2446 1249 2485 non
1279 2436 1355 2485 est
1390 2430 1691 2503 alliqatum,
1721 2430 1836 2486 ideo
1881 2432 2063 2488 omnia
2103 2434 2334 2491 sustineo

276 2508 289 2521 ”
323 2530 546 2596 propter
582 2522 783 2585 electos,
810 2526 874 2576 ut
916 2524 967 2575 et
1008 2519 1112 2591 ipsi
1153 2520 1377 2575 salutem
1424 2528 1833 2593 consequantur.
1865 2520 1949 2577 Ab
1994 2522 2098 2578 hoc
2149 2533 2336 2581 autem

326 2612 503 2683 gradu
551 2610 810 2665 deficiunt
852 2608 1044 2682 quide
1085 2606 1299 2664 deliciis
1324 2607 1460 2662 nihil
1499 2610 1834 2676 omitterent,
1863 2614 1966 2667 nec
2008 2611 2216 2685 aliquid
2247 2614 2336 2669 in-

325 2699 605 2758 commodi
646 2697 976 2754 sustinerent
1027 2712 1123 2770 pro
1154 2696 1387 2753 aliorum
1437 2712 1641 2767 amore,
1677 2704 1870 2753 contra
1921 2715 2059 2771 quos
2109 2700 2331 2771 dicitur,

325 2794 501 2847 Amos
526 2804 634 2843 vr:
666 2785 759 2859 qui
795 2785 1041 2843 dormitis
1084 2785 1144 2841 in
1180 2784 1327 2841 lectis
1366 2784 1630 2851 eburneis,
1661 2792 1710 2841 et
1739 2785 2001 2842 lascivitis
2043 2788 2102 2843 in
2143 2791 2336 2847 stratis

326 2878 525 2935 vestris
532 2894 551 2946 ‚·
583 2865 676 2950 qui
702 2875 1003 2933 comeditisa
1028 2890 1191 2948 quum
1214 2873 1276 2929 de
1297 2890 1474 2947 qreqe,
1502 2879 1552 2930 et
1575 2874 1769 2930 vitulos
1793 2875 1854 2930 de
1883 2876 2052 2931 medio
2072 2879 2336 2947 armenti,⁶

332 2967 441 3034 Qui
466 2966 661 3023 canitis
689 2964 759 3021 acl
800 2979 969 3020 vocem
993 2960 1269 3036 psalterii,
1294 2962 1434 3019 sicut
1471 2962 1669 3028 David,
1689 2970 2024 3036 putaverunt
2050 2983 2102 3021 se
2147 2966 2338 3023 habere

326 3072 460 3113 vasa
488 3053 703 3120 cantici,
726 3052 952 3111 bibentes
968 3050 1157 3109 vinum
1179 3050 1241 3108 in
1261 3050 1482 3125 phialis,
1499 3060 1547 3109 et
1576 3051 1772 3124 optimo
1799 3061 2065 3126 unquento
2092 3056 2336 3123 delibuti,

327 3153 387 3203 et
412 3144 547 3201 nihil
563 3142 913 3217 patiebantur
934 3156 1095 3213 super
1123 3140 1444 3197 contritione
1469 3140 1678 3213 Ioseph.
1708 3142 1776 3199 Et
1807 3142 2001 3199 Ezech.
2029 3150 2160 3211 xiii,
2193 3146 2339 3203 dici-

328 3240 424 3292 tur
452 3250 465 3288 :
490 3232 614 3292 Non
642 3232 952 3289 ascendistis
980 3248 1046 3287 ex
1071 3230 1313 3297 adverso,
1341 3246 1504 3303 neque
1545 3231 1862 3304 opposuistis
1886 3250 1974 3289 vos
1996 3251 2215 3292 murum
2239 3254 2338 3310 pro

328 3323 484 3380 domo
518 3320 710 3389 Israel,
740 3328 801 3377 ut
828 3319 1049 3379 staretis
1085 3322 1145 3377 in
1189 3318 1379 3394 proelio
1420 3322 1481 3377 in
1517 3320 1602 3377 die
1649 3320 1871 3377 domini.
1899 3322 2119 3380 Tertius
2154 3333 2340 3381 autem

328 3412 536 3485 gradus
572 3410 881 3467 dilectionis
926 3417 1030 3479 est,
1079 3416 1141 3466 ut
1186 3410 1385 3483 aliquis
1434 3410 1673 3467 animam
1726 3426 1880 3467 suam
1929 3426 2026 3482 pro
2076 3408 2340 3467 fratribus

328 3506 521 3576 ponat.
564 3500 719 3557 Unde
759 3500 979 3568 dicitur,
1002 3499 1029 3555 Ι
1060 3500 1217 3556 Joan.
1258 3513 1328 3555 m
1361 3514 1374 3554 z
1408 3496 1478 3555 In
1517 3499 1612 3556 hoc
1653 3498 1982 3573 coqnovimus
2023 3499 2340 3557 charitatem

327 3590 453 3657 Dei,
486 3589 737 3663 quoniam
774 3588 863 3646 ille
900 3603 1005 3661 pro
1050 3587 1198 3644 nobis
1240 3585 1480 3645 animam
1506 3603 1657 3644 suam
1672 3588 1873 3661 posuit,
1905 3592 1954 3643 et
1981 3604 2074 3643 nos
2103 3587 2340 3645 debemus
2369 3632 2374 3636 .

320 3695 431 3753 pro
456 3676 728 3750 fratribus
765 3677 976 3733 animas
1000 3692 1218 3749 ponere,
1248 3674 1397 3732 ultra
1433 3684 1618 3731 autem
1659 3675 1805 3732 hunc
1843 3676 2074 3748 gradum
2116 3674 2340 3733 dilectio

325 3766 540 3825 intendi
570 3782 679 3822 non
706 3772 907 3840 potest.
936 3768 1083 3823 Dicit
1112 3764 1257 3821 enim
1282 3764 1548 3819 Dominus
1574 3764 1659 3820 Jo.
1684 3780 1766 3821 xv
1789 3781 1800 3821 ε
1830 3764 2094 3837 Majorem
2119 3766 2214 3821 hac
2252 3766 2343 3821 di-

324 3858 601 3915 lectionem
626 3874 775 3913 nemo
800 3856 972 3923 habet,
999 3863 1061 3913 ut
1083 3856 1319 3911 animam
1342 3868 1494 3910 suam
1521 3860 1688 3929 ponat
1715 3854 1833 3927 quis
1849 3870 1950 3927 pro
1979 3854 2166 3911 amicis
2189 3854 2340 3915 suist

322 3947 477 4005 unde
504 3947 559 4003 in
588 3944 694 4003 hoc
717 3946 981 4021 perfectio
1010 3946 1267 4003 fraternae
1295 3944 1606 4002 dilectionis
1624 3942 1897 4007 consistit.
1929 3946 2211 4011 Pertinent
2239 3964 2344 4006 au·-

848 4062 900 4113 S.
933 4062 1089 4115 Tuon.
1123 4063 1212 4121 Δρ.
1247 4064 1511 4114 ΟΡσεοσιΑ.
1534 4083 1598 4100 --
1619 4059 1655 4114 1.
1685 4085 1749 4099 —
1772 4060 1830 4111 21

2733 840 2741 853 ο

2815 1428 2817 1433 -
2813 1222 2818 1399 ᾼῌᾼΟῌΔ
2809 1020 2818 1026 ,
2808 914 2818 921 ,
2809 836 2818 889 ,.,
