2850 4517
533 354 657 434 268
859 398 887 432 ‚.
932 425 940 429 ,
980 368 1069 414 s.
1112 365 1345 412 'ruouae
1386 361 1716 418 Autumnus
1755 363 2068 414 croscum

601 485 860 542 Memento
904 489 966 540 ut
1016 483 1155 539 diem
1178 481 1402 540 sabbati
1450 479 1761 553 sanctifices.
1810 479 2033 537 Dictum
2085 484 2172 540 est
2223 479 2354 554 quia
2401 482 2559 538 'sicut

528 573 706 632 Judaei
756 572 1035 629 celebrant
1060 570 1369 640 sabbatum,
1401 570 1484 627 sic
1511 585 1609 626 nos
1635 569 1932 626 Christiani
1960 568 2320 635 Dominicam,
2352 569 2412 626 et‘
2441 571 2557 628 alia

522 642 856 736 ¹principalia
888 661 1046 716 festa.
1092 660 1387 716 Videamus
1412 675 1545 730 ergo
1573 658 1848 731 quomodo
1876 657 1984 714 ista
2009 673 2233 714 servare
2256 657 2554 716 debemus.

530 751 609 824 ‚Et
632 749 934 815 sciendum,
955 749 1100 822 quod
1128 765 1233 805 non
1263 748 1432 805 dicit:
1459 747 1679 805 Custodi
1699 746 1991 813 sabbatum,
2013 747 2108 804 sed
2134 748 2417 813 Memento,
2435 758 2554 807 etc.

535 841 797 898 Sanctum
824 844 1007 896 autem
1032 837 1299 911 accipitur
1321 836 1536 894 duobus
1564 835 1758 906 modis,
1781 836 2079 912 aliquando
2102 837 2250 893 enim
2272 845 2358 894 est
2380 853 2558 895 sanc-

540 938 655 985 tum
701 928 847 984 idem
892 926 1038 1000 quod
1077 942 1293 1000 purum.
1342 931 1536 999 Apost.
1567 926 1590 980 1
1617 926 1743 982 Cor.
1775 940 1833 982 vx
1867 942 1880 979 :
1919 925 2021 982 Sed
2058 925 2234 982 abluti
2273 926 2420 992 estis,
2457 927 2558 983 sed

528 1013 855 1086 ,sanctificati
881 1011 1027 1078 estis,
1042 1021 1149 1069 etc.
1182 1012 1479 1086 aliquando
1500 1012 1702 1068 dicitur
1729 1017 1980 1068 sanctum
2009 1027 2098 1068 res
2125 1019 2450 1070 consecrata
2477 1015 2553 1070 ad

535 1103 743 1160 cultum
771 1102 891 1167 Dei,
925 1107 985 1156 ut
1026 1101 1196 1171 locu5‚
1241 1107 1478 1172 tempus,
1525 1108 1724 1169 vestes,
1771 1105 1829 1156 et
1865 1115 1998 1159 vasa
2037 1115 2216 1158 sacra.
2261 1102 2388 1159 Istis
2415 1118 2553 1173 ergo

535 1192 748 1249 duobus
772 1188 951 1246 modis
986 1189 1249 1246 debemus
1289 1189 1430 1246 festa
1457 1188 1754 1255 celebrare,
1787 1190 1919 1262 quia
1944 1197 2000 1245 et
2038 1206 2197 1264 pure,
2248 1197 2302 1246 et
2329 1193 2554 1248 manci-

533 1265 715 1352 pando
741 1295 802 1334 se
825 1277 1011 1333 divino
1032 1277 1279 1333 servitio.
1305 1279 1365 1333 ln
1394 1277 1502 1334 isto
1525 1293 1656 1350 ergo
1679 1285 1954 1350 praecepto
1974 1278 2084 1334 duo
2105 1278 2547 1337 considerantur.

536 1365 717 1422 Primo
740 1365 960 1436 quidem
1002 1363 1056 1418 in
1093 1362 1235 1418 festo
1262 1363 1394 1436 quid
1420 1365 1725 1419 cavendum
1761 1363 1854 1424 sit.
1885 1364 2128 1421 secundo
2169 1366 2303 1438 quid
2333 1366 2552 1422 facien-

536 1453 687 1509 dum.
730 1451 1003 1506 Debemus
1048 1458 1233 1506 autem
1275 1467 1472 1507 cavere
1513 1451 1640 1508 tria.
1687 1453 1870 1510 Primo
1913 1452 2248 1526 corporalem
2294 1470 2548 1526 operam.

534 1542 731 1597 Jerem.
776 1554 898 1596 xvn
944 1556 960 1594 ε
1003 1539 1367 1610 sanctificabis
1404 1539 1700 1606 sabbatum,
1735 1547 1802 1596 -ut
1839 1557 1949 1596 non
1991 1539 2158 1612 facias
2203 1541 2263 1596 in
2313 1558 2373 1598 eo
2409 1559 2553 1614 opus

535 1627 725 1684 servite
752 1643 771 1683 .·
801 1626 945 1683 >unde
971 1634 1028 1682 et
1065 1627 1122 1682 in
1150 1625 1267 1698 lege
1291 1627 1514 1706 dicitur,
1544 1627 1741 1683 Leviti.
1779 1643 1941 1685 *xxm
1968 1645 1982 1682 ε
2010 1627 2167 1684 Omne
2189 1643 2322 1700 opus
2347 1629 2553 1685 servile

538 1731 645 1771 non
671 1712 883 1786 facietis
917 1714 978 1770 in
1004 1730 1081 1770 eo.
1111 1713 1275 1786 Opus
1304 1722 1492 1771 autem
1517 1713 1719 1772 servile
1745 1722 1832 1772 est
1857 1731 1996 1789 opus
2029 1714 2312 1788 corporale
2359 1733 2374 1771 ε
2416 1731 2552 1772 nam

538 1819 677 1877 opus
704 1803 935 1860 liberum
962 1809 1046 1859 est
1075 1803 1291 1870 nnimae,
1319 1791 1468 1859 >sicut
1495 1803 1820 1875 intelligere,
1844 1809 1904 1862 et
1932 1802 2268 1876 hujusmodi,
2299 1803 2368 1862 ad
2399 1805 2547 1878 quod

536 1907 675 1965 opus
702 1892 862 1948 homo
893 1891 1195 1964 constringi
1225 1907 1331 1948 non
1364 1897 1566 1964 potest.
1591 1891 1697 1950 Sed
1721 1891 2024 1960 sciendum,
2052 1893 2200 1966 quod
2229 1908 2396 1966 opera
2419 1909 2546 1950 cor-

534 1979 744 2060 poralia
773 1987 1000 2054 possunt
1029 1981 1145 2036 fieri
1175 1981 1232 2036 in
1259 1980 1526 2038 sabbatho
1556 1987 1778 2055 propter
1801 1989 2060 2054 quatuor.
2091 1982 2292 2049 Primo,
2323 1989 2547 2055 propter

538 2071 921 2127 necessitatem
945 2086 959 2125 ε
982 2068 1125 2125 unde
1148 2070 1407 2126 Dominus
1431 2070 1712 2126 excusavit
1729 2069 2027 2144 discipulos
2047 2069 2345 2128 evellentes
2365 2071 2547 2144 spiens

540 2157 596 2212 in
648 2157 907 2225 sabbato,
952 2164 1016 2214 ut
1064 2157 1267 2212 dicitur
1308 2156 1502 2213 Matth.
1547 2172 1657 2215 xu-
1699 2157 1977 2225 Secundo,
2017 2165 2240 2232 propter
2282 2159 2546 2216 Ecclesiae

541 2244 835 2302 utilitatem
868 2262 881 2299 z
929 2244 1073 2299 unde
1117 2243 1320 2300 dicitur
1353 2244 1419 2300 in
1461 2245 1756 2326 Evangelio
1795 2246 1990 2303 Matth.
2020 2261 2128 2314 ιιι,
2166 2247 2316 2320 quod
2355 2263 2547 2304 sacer-

538 2333 697 2390 dotes
725 2331 998 2389 l'aciebant
1031 2331 1214 2388 omnia
1236 2347 1361 2404 quae
1383 2340 1542 2390 erant
1565 2335 1873 2392 necessaria
1900 2333 1958 2391 in
1988 2335 2190 2408 templo
2215 2336 2271 2392 in
2298 2335 2548 2394 die‘sab-

538 2417 675 2478 bati.
720 2418 925 2485 Tertio,
959 2427 1179 2494 propter
1226 2419 1458 2492 proximi
1496 2421 1817 2491 utilitatem;
1858 2423 2002 2480 unde
2039 2423 2304 2500 Dominus
2328 2425 2548 2482 curavit

540 2507 595 2561 in
637 2505 727 2562 die
768 2505 983 2563 sabbati
1019 2505 1310 2562 habentem
1359 2523 1584 2565 manum
1621 2510 1853 2576 aridam,
1882 2516 1942 2566 et
1987 2511 2292 2568 confutavit
2325 2511 2548 2570 Judaeos

540 2593 1001 2667 reprehendentes
1022 2610 1165 2662 eum,
1193 2611 1401 2669 ponens
1413 2596 1732 2672 exemplum
1753 2598 1825 2656 de
1841 2613 1965 2666 ove,
1985 2598 2176 2656 Mattb.
2201 2615 2310 2660 xn.
2336 2599 2546 2669 Quarto

540 2686 762 2762 propter
788 2681 1085 2753 superioris
1110 2683 1498 2742 auctoritatem
1525 2701 1539 2739 ι
1571 2685 1714 2742 unde
1739 2685 2004 2756 Dominus
2033 2687 2294 2760 praecepit
2316 2686 2544 2755 ludaeis,

540 2773 602 2824 ut
643 2768 1096 2826 circumciderent
1138 2769 1195 2826 in
1234 2770 1324 2829 die
1368 2771 1604 2841 sabbati,
1651 2779 1711 2828 ut
1751 2772 1906 2828 dicit.
1937 2774 2094 2830 Joan.
2125 2790 2230 2831 vn.
2270 2775 2544 2845 Secundo,

538 2856 801 2932 debemus
835 2871 1032 2915 cavere
1072 2858 1311 2930 culpam.
1340 2860 1542 2917 Jerem.
1585 2876 1671 2917 vn
1715 2878 1729 2914 ε
1774 2860 2046 2918 custodite
2070 2861 2285 2918 animae
2319 2869 2543 2928 vestras,

540 2951 591 3002 et
624 2945 788 3004 nolite
823 2951 1047 3019 portare
1067 2946 1309 3018 pondera
1335 2947 1397 3004 in
1422 2947 1510 3004 die
1543 2947 1772 3024 sabbati.
1805 2947 1956 3005 Onus
1983 2955 2168 3006 autem
2208 2950 2426 3014 animae,
2458 2949 2545 3006 vel

539 3033 753 3106 pondus
792 3033 993 3108 malum
1024 3042 1107 3090 est
1152 3044 1456 3108 peccatum.
1501 3037 1701 3094 Psalm.
1746 3051 1958 3095 xxxvu
1992 3035 2185 3094 :Sicut
2211 3053 2343 3094 onus
2381 3054 2548 3110 granc

537 3127 777 3194 pravatae
802 3128 929 3179 sunt
952 3137 1115 3194 super
1140 3139 1240 3178 me.
1267 3124 1561 3181 Peccatum
1589 3130 1778 3181 autem
1802 3138 1941 3198 opus
1965 3123 2164 3181 servile
2185 3130 2291 3194 est,
2321 3127 2455 3197 quia
2486 3133 2546 3181 ut

540 3207 759 3262 dicitur.
788 3208 945 3264 Joan.
971 3225 1078 3266 vm
1115 3227 1129 3265 ε
1158 3210 1262 3276 Qui
1310 3210 1445 3283 facit
1470 3219 1760 3284 peccalum,
1788 3229 1972 3269 servus
2017 3219 2094 3270 est
2132 3212 2357 3284 peccati.
2385 3213 2547 3270 Unde

540 3307 665 3353 cum
690 3295 890 3352 dicitur
918 3314 933 3352 z
962 3297 1125 3354 Omne
1151 3314 1281 3370 opus
1304 3301 1496 3357 servile
1517 3317 1624 3358 non
1648 3301 1861 3373 facietis
1889 3301 1954 3358 in
1987 3318 2066 3368 eo,
2096 3307 2280 3374 potest
2307 3301 2544 3372 intelligi

538 3383 609 3454 de
637 3389 862 3455 peccato
893 3401 907 3439 t
938 3395 995 3441 et
1032 3386 1155 3442 ideo
1182 3394 1373 3444 contra
1406 3397 1739 3462 praeceptum
1780 3389 1884 3445 boc
1906 3388 2036 3446 facit
2067 3389 2211 3460 quie,
2237 3389 2460 3460 quando
2491 3392 2548 3444 in

538 3470 769 3528 sabbato
815 3478 1038 3543 peccat,
1091 3473 1222 3544 quia
1263 3476 1540 3546 operando
1589 3482 1647 3532 et
1706 3476 1983 3556 peccando
2042 3476 2188 3533 Deus
2227 3475 2543 3532 offenditur.

537 3559 645 3618 Isa.
678 3575 699 3616 1
725 3577 739 3614 ε
778 3559 1079 3625 Sabbatum,
1109 3569 1161 3618 et
1194 3561 1512 3634 festivitates
1544 3564 1682 3621 alias
1716 3581 1830 3638 nou
1865 3565 2059 3637 feram,
2093 3571 2149 3620 et
2176 3563 2390 3638 quare?
2411 3565 2551 3636 quia

539 3647 713 3726 iniqui
739 3656 865 3704 sunt
905 3649 1280 3712 coetusvestri.
1313 3650 1572 3712 calendas
1597 3639 1822 3720 vestras,
1863 3661 1914 3709 et
1945 3653 2301 3710 solemnitates
2339 3658 2551 3708 vestras

538 3735 707 3808 odivit
734 3738 919 3792 anima
939 3733 1081 3802 mem
1094 3735 1241 3808 facta
1258 3745 1382 3795 sunt
1406 3739 1542 3796 mihi
1563 3740 1797 3801 molesta.
1827 3743 2034 3809 Tertio,
2061 3741 2325 3798 debemus
2346 3755 2552 3822 cavere

540 3822 945 3894 negligentiam.
968 3824 1114 3881 Eccl.
1138 3841 1292 3892 xxm
1312 3844 1325 3881 z
1342 3826 1573 3887 Multam
1593 3829 1860 3886 malinam
1880 3827 2058 3888 docuit
2075 3829 2333 3887 otiocitas.
2355 3829 2549 3886 Jeron.

540 3907 613 3964 ad
652 3909 955 3972 Rusticum.
984 3913 1208 3988 Semper
1246 3915 1456 3990 aliquid
1490 3913 1619 3974 boni
1667 3917 1850 3991 operis
1887 3917 2076 3986 facito,
2113 3925 2178 3975 ut
2211 3923 2268 3974 te
2293 3915 2554 3976 diabolus
