2850 4517
450 400 571 463 1112
926 414 979 461 ε.
1024 414 1257 458 τιιοιωι
1296 411 1624 464 naumann
1665 407 1986 457 orusouu-

448 529 663 605 pharet,
695 527 868 585 voluit
914 527 1129 585 auterre
1170 528 1359 585 sedem
1394 527 1549 600 regni
1593 526 1700 594 sui,
1727 532 1786 583 et
1820 526 1994 598 ligare
2037 540 2167 587 eum
2195 524 2254 585 in
2291 527 2460 587 domo

449 634 571 687 sua,
598 634 724 691 quae
752 624 837 674 est
882 616 1238 677 infernusAEt
1278 612 1403 675 ideo
1445 614 1729 673 deseendit
1756 612 1887 671 illue
1926 623 1983 671 et
2021 613 2251 689 diripuit
2273 618 2462 677 omnia

452 724 574 776 sua,
602 714 660 764 et
675 705 865 781 ligavit
892 722 1038 773 eum,
1058 714 1114 763 et
1137 705 1363 763 abstulit
1389 704 1441 762 ei
1467 703 1710 778 praedam
1737 718 1916 761 suam.
1943 703 2124 761 Colos.
2155 718 2236 763 ut
2267 704 2462 779 Expo-

450 796 591 855 liam
612 796 955 869 principatus
972 802 1022 851 et
1044 801 1355 867 potestatem
1384 792 1699 852 transduxit
1719 792 2253 866 confidentempalam
2272 794 2462 854 trium·

450 888 621 958 phem
647 885 765 943 illos
790 884 851 941 in
870 884 1165 957 semetipso.
1195 883 1460 942 Similiter
1485 882 1672 950 etiam,
1704 883 1836 955 quia
1874 888 2207 954 potestatem
2234 882 2292 943 et
2324 898 2462 957 pos-

452 975 750 1031 sessionem
772 981 1059 1046 acceperat
1082 972 1331 1029 Christus
1361 970 1488 1029 ooeli
1514 979 1570 1027 et
1600 977 1783 1037 terrae,
1815 969 1990 1027 voluit
2027 970 2198 1027 etiam
2235 986 2462 1044 posses-

446 1060 661 1119 sionem
678 1060 927 1133 accipere
952 1060 1170 1128 inl'erni,
1184 1067 1246 1117 ut
1264 1060 1344 1117 sie
1366 1059 1665 1117 seeundum
1681 1058 2002 1131 Apostolum
2017 1057 2088 1115 ad
2116 1058 2351 1132 Philipp.
2375 1074 2422 1118 ιι
2441 1074 2455 1116 t

452 1148 524 1209 ln
550 1150 761 1206 nomine
786 1151 914 1207 Jesu
940 1165 1090 1206 omne
1118 1158 1256 1221 qemi
1286 1149 1534 1219 flectatur
1559 1146 1863 1213 ooelestium,
1891 1146 2262 1215 terrestrium,
2291 1155 2345 1206 et
2365 1147 2461 1205 in·-

450 1237 753 1310 [ernorum.
782 1238 950 1295 Maro.
968 1236 1069 1294 ult.
1087 1253 1102 1292 z
1119 1236 1189 1293 In
1215 1236 1427 1293 nomine
1451 1252 1560 1293 meo
1587 1234 1848 1293 doemonia
1867 1235 2102 1306 ejicient,
2120 1244 2230 1293 eto.
2249 1236 2460 1307 Quarta

454 1326 596 1384 ratio
619 1332 677 1382 et
698 1325 890 1403 ultima
912 1330 1016 1391 est,
1043 1324 1159 1397 pati
1189 1330 1420 1382 mortem
1449 1332 1510 1381 ut
1539 1324 1798 1381 liberaret
1819 1329 2041 1381 sanctos
2075 1324 2170 1399 qui
2211 1332 2369 1383 erant
2403 1326 2458 1381 in

454 1412 685 1469 inferno.
709 1412 959 1469 Christus
982 1412 1131 1469 enim
1157 1413 1301 1469 siout
1318 1412 1494 1470 voluit
1536 1412 1652 1486 pati
1699 1418 1934 1469 mortem
1969 1420 2030 1468 ut
2069 1411 2324 1469 liberaret
2368 1413 2462 1469 vi-

452 1508 645 1557 ventes
692 1514 726 1557 a
760 1506 938 1559 morte
965 1517 979 1553 ε
1010 1501 1091 1557 ita
1136 1499 1305 1559 etiam
1350 1499 1526 1556 voluit
1571 1500 1906 1556 descendere
1949 1500 2016 1556 ad
2056 1498 2346 1565 infernum,
2392 1506 2455 1556 ut

453 1588 714 1647 liberaret
736 1603 831 1645 eos
850 1588 947 1663 qui
976 1594 1133 1646 erant
1166 1588 1264 1643 ibi.
1296 1588 1459 1645 zach.
1487 1602 1553 1645 rx
1583 1603 1598 1643 t
1638 1588 1718 1645 Tu
1745 1604 1942 1659 quoque
1967 1588 2029 1645 in
2061 1586 2314 1661 sanquine
2341 1595 2453 1646 tes-

454 1676 678 1733 tamenti
698 1676 785 1735 tui
804 1676 1029 1737 emisisti
1053 1676 1256 1733 vinctos
1278 1683 1395 1733 tuos
1422 1676 1487 1731 de
1513 1677 1651 1742 lacu,
1681 1675 1745 1732 in
1773 1692 1874 1747 quo
1901 1692 2008 1731 non
2029 1683 2282 1747 estoque.
2303 1674 2453 1734 Osae.

455 1780 566 1823 xm
594 1784 607 1821 ε
634 1766 751 1823 Ero
772 1781 915 1823 mors
938 1772 1054 1832 tua,
1088 1782 1118 1821 ο
1146 1780 1307 1831 mors,
1339 1780 1433 1821 ero
1457 1780 1666 1821 morsus
1693 1772 1838 1829 tuus,
1865 1764 2102 1835 inferne.
2122 1764 2278 1821 Licet
2301 1763 2453 1821 enim

452 1862 688 1913 mortem
710 1854 955 1912 totaliter
970 1854 1305 1927 destruxerit
1323 1852 1591 1919 Christus,
1616 1851 1884 1909 infernum
1908 1860 2096 1909 tamen
2112 1868 2218 1908 non
2239 1853 2461 1909 omnino

452 1944 744 2010 destruxit,
765 1943 862 2001 sed
880 1942 1195 2009 momordit,
1225 1941 1357 2015 quia
1382 1942 1595 2000 scilicet
1623 1957 1732 1999 non
1767 1957 1959 1998 omnes
1988 1940 2246 1999 liberavit
2277 1941 2347 1998 de
2371 1942 2461 1997 in-

455 2032 627 2100 ferno,
650 2032 747 2088 sed
776 2031 899 2089 illos
921 2038 1137 2089 tantum
1156 2031 1251 2105 qui
1280 2038 1438 2087 erant
1465 2031 1584 2087 sine
1611 2036 1838 2104 peccato
1861 2028 2101 2086 mortali.
2115 2028 2184 2086 Et
2205 2028 2463 2087 similiter

454 2121 571 2179 sine
596 2126 823 2193 peccato
850 2119 1121 2193 originali,
1156 2135 1189 2175 a
1216 2134 1327 2191 quo
1354 2127 1621 2195 quantum
1650 2118 1718 2175 ad
1748 2133 2036 2192 personam
2065 2117 2282 2175 liberati
2303 2122 2462 2175 erant

454 2223 552 2281 per
569 2207 1061 2265 circumcisionem.
1080 2206 1179 2269 vel
1214 2215 1343 2263 ante
1369 2206 1971 2281 circumcisionem‚qui
1996 2204 2197 2263 salvati
2227 2212 2386 2263 erant
2406 2207 2463 2265 in

454 2294 563 2351 fide
588 2301 874 2365 parentum
900 2294 1162 2361 fidelium,
1190 2304 1460 2367 quantum
1502 2295 1573 2352 ad
1602 2311 1698 2352 eos
1734 2294 1830 2369 qui
1865 2310 1972 2351 non
2001 2293 2276 2352 habebant
2299 2310 2460 2351 usum

454 2381 729 2439 rationis:
760 2381 846 2437 vel
876 2396 971 2452 per
1007 2382 1304 2449 sacrificia,
1330 2388 1387 2438 et
1433 2383 1488 2438 in
1537 2383 1643 2440 fide
1684 2382 1887 2455 Christi
1925 2385 2164 2450 venturi,
2191 2390 2463 2457 quantum

454 2469 527 2527 ad
550 2482 647 2525 eos
671 2468 768 2540 qui
796 2482 905 2523 non
930 2464 1207 2525 habebant
1236 2483 1393 2525 usum
1434 2470 1666 2528 rationis
1694 2487 1718 2525 ε·
1740 2472 1828 2528 vel
1858 2488 1957 2546 per
1997 2471 2288 2540 sacrificia,
2319 2480 2376 2530 et
2403 2473 2462 2529 in

458 2556 565 2613 fide
585 2554 787 2612 Christi
824 2557 1062 2624 venturi,
1093 2562 1361 2630 quantum
1406 2557 1478 2614 ad
1519 2558 1757 2616 adultoS.
1779 2560 1888 2619 Sed
1927 2565 2087 2617 erant
2125 2559 2202 2617 ibi
2238 2567 2464 2634 propter

458 2650 749 2718 peccatum
778 2643 1045 2717 originale
1068 2645 1224 2712 Adae,
1256 2663 1289 2704 a
1316 2662 1425 2719 quo
1451 2656 1719 2720 quantum
1739 2648 1813 2706 ad
1837 2655 2092 2707 naturam
2117 2664 2229 2707 non
2261 2655 2468 2723 potne-

458 2739 585 2790 runt
613 2731 833 2789 liberari
858 2732 962 2791 nisi
987 2747 1083 2807 per
1110 2734 1409 2793 Christum.
1441 2735 1510 2793 Et
1537 2736 1662 2794 ideo
1695 2736 1906 2795 dimisit
1932 2737 2009 2795 ibi
2046 2738 2172 2795 illos
2197 2739 2294 2812 qui
2329 2738 2466 2795 des·

460 2820 763 2877 condet-unt
822 2836 948 2878 cum
982 2829 1208 2894 peceato
1252 2824 1470 2881 mortali
1513 2832 1571 2882 et
1614 2826 2026 2885 incircumcisos
2072 2825 2347 2899 parvulos,
2403 2834 2466 2885 et

459 2909 627 2965 immo
671 2908 808 2965 dicit
853 2925 869 2964 t
913 2910 1032 2967 Ero
1084 2925 1292 2968 morsus
1339 2919 1487 2978 tuus,
1514 2912 1747 2985 inferne.
1794 2916 1886 2972 Sic
1925 2930 2056 2986 ergo
2109 2921 2280 2989 patet,
2313 2915 2462 2988 quod

458 2995 707 3053 Christus
726 2997 1014 3055 deseendit
1040 2998 1110 3055 ad
1139 2998 1360 3068 inferos,
1392 3008 1449 3056 et
1477 3008 1697 3074 propter
1723 3002 1878 3074 quid.
1907 3002 1985 3059 Ex
2012 3003 2082 3059 iis
2111 3003 2184 3060 ad
2222 3004 2464 3060 instruo-

460 3081 664 3139 tionem
693 3090 939 3141 nostram
961 3100 1250 3157 possumus
1270 3086 1519 3160 accipere
1547 3096 1804 3161 quatuor.
1823 3090 2022 3157 Primo,
2049 3104 2205 3163 spem
2245 3089 2466 3146 firmam

458 3168 528 3226 de
574 3170 688 3227 Deo
720 3187 736 3224 ι
767 3187 895 3227 nam
935 3179 1440 3247 quantumcumque
1481 3175 1642 3231 homo
1677 3176 1752 3233 sit
1789 3176 1843 3233 in
1883 3176 2196 3243 afflictione,
2247 3192 2466 3248 semper

460 3261 643 3313 tamen
680 3257 844 3315 debet
880 3274 1103 3331 sperare
1144 3262 1213 3317 de
1240 3263 1341 3318 Dei
1382 3263 1676 3335 adjutorio,
1703 3270 1760 3320 et
1794 3264 1853 3321 in
1887 3280 1952 3323 eo
1991 3265 2286 3322 confidere.
2315 3264 2468 3323 Nihil

460 3346 605 3417 enim
634 3346 712 3416 ita
739 3362 908 3419 grave
943 3348 1239 3418 invenitur,
1266 3349 1409 3407 sicut
1443 3363 1562 3409 esse
1590 3352 1645 3406 in
1687 3351 1918 3409 inferno.
1947 3352 2004 3410 Si
2038 3369 2169 3425 ergo
2215 3352 2468 3411 Christus

460 3429 582 3489 illos
608 3436 704 3506 qui
732 3443 892 3493 erant
914 3436 973 3493 in
1000 3428 1212 3494 inferno
1244 3437 1518 3505 liberavit,
1545 3439 1778 3496 multum
1819 3439 1983 3497 debet
2007 3440 2258 3514 quilibet,
2284 3442 2334 3497 si
2377 3447 2466 3498 est

461 3522 669 3579 amicus
696 3523 816 3591 Dei,
847 3524 1122 3581 confidere
1148 3532 1210 3580 ut
1237 3524 1534 3583 liberentur
1562 3527 1632 3585 ab
1659 3542 1724 3585 eo
1751 3544 1784 3585 a
1813 3544 2161 3601 quacumque
2183 3529 2464 3600 angustia·

460 3606 589 3680 Sap.
612 3624 654 3665 x
679 3627 692 3664 :
714 3610 841 3667 Hoee
863 3610 1066 3669 scilicet
1087 3612 1353 3684 sapientia
1373 3614 1643 3673 venditum
1661 3616 1874 3687 justum
1895 3632 2004 3672 non
2023 3615 2332 3688 dereliquit,
2344 3614 2468 3672 des-

462 3695 731 3768 cenditque
754 3714 873 3755 eum
896 3699 989 3755 illo
1021 3699 1081 3756 in
1104 3699 1335 3772 foveam,
1358 3709 1413 3759 et
1438 3702 1499 3758 in
1534 3702 1762 3759 vinculis
1785 3720 1892 3760 non
1921 3704 2206 3777 dereliquit
2227 3720 2369 3765 eum.
2397 3704 2470 3761 Et

463 3782 591 3851 quia
622 3784 931 3856 specialiter
957 3788 1105 3843 Deus
1118 3789 1279 3859 juvat
1308 3805 1498 3847 servos
1520 3806 1667 3857 suae,
1699 3791 1928 3848 multum
1956 3792 2119 3849 debet
2153 3806 2275 3862 esse
2301 3807 2470 3849 secu·-

464 3881 627 3921 curus
656 3869 746 3924 ille
786 3872 883 3943 qui
918 3875 1091 3932 servit
1128 3876 1263 3933 Deo.
1292 3876 1474 3935 Eccle-
1505 3891 1689 3935 xxxiv
1719 3894 1734 3933 τ
1769 3879 1874 3945 Qui
1910 3878 2072 3946 timet,
2097 3878 2288 3944 Deum,
2329 3877 2470 3935 nihil

468 3951 776 4023 trepidabit,
803 3965 856 4016 σί
883 3975 988 4049 ’φη
1004 3962 1237 4035 pavebit,
1266 3964 1516 4054 quoniem
1537 3965 1646 4041 ipse
1669 3972 1744 4024 est
1765 3984 1880 4041 spes
1901 3967 2033 4041 ejus.
2057 3966 2332 4037 secundo,
2363 3966 2470 4027 de-
