2850 4517
558 337 681 426 212⁹
1038 359 1109 423 s.
1136 373 1372 422 ⁹1·quae
1410 365 1738 426 Aoumsris
1779 371 2089 420 croscum

559 495 774 554 ratione
811 490 1120 551 intellectus
1160 475 1409 559 humani,
1451 505 1562 564 qua
1605 491 1663 546 in
1711 489 1950 566 seipsam
2003 485 2190 550 'anima
2245 493 2580 567 reflectitur,

601 581 766 660 uplici
794 573 1037 640 ratione.³
1059 580 1240 638 Primo
1262 579 1506 654 quidem,
1537 579 1667 653 quia
1697 578 1881 637 anima
1903 580 2205 638 secundum
2227 597 2290 638 se
2315 585 2584 642 conside-

622 680 684 731 ta
726 687 832 729 non
876 677 962 728 est
1004 670 1213 729 beata.
1199 688 1213 702 ·
1245 669 1491 745 alioquin
1527 683 1635 726 non
1676 674 1896 743 oportet
1941 683 2065 727 eam
2099 672 2320 744 operari
2349 681 2584 748 propter

558 759 958 820 beatitudinem
991 758 1402 842 acquirendam.
1420 759 1546 816 Non
1589 757 1762 830 igitur
1801 755 2201 815 beatitudinem
2237 762 2485 834 acquirit
2513 779 2586 820 ex

557 849 665 908 hoc
699 849 829 906 solo
851 848 985 924 quia
1018 847 1124 905 sibi
1166 837 1423 905 intendit.
1471 846 1742 915 Secundo,
1782 843 1915 922 quia
1959 846 2197 906 felicitas
2243 855 2327 907 est
2380 850 2584 911 ultima

497 927 505 932 ”
558 937 825 1012 perfectio
869 921 1127 1018 bominis,
1172 942 1235 993 ut
1276 950 1445 1010 supra
1485 933 1696 994 dictum
1741 941 1847 993 est.
1889 936 2026 993 Cum
2073 942 2259 997 autem
2307 939 2589 1012 perfectio

561 1025 761 1084 'animae
798 1025 853 1082 in
898 1025 1118 1106 propria
1159 1025 1498 1110 operatione
1524 1027 1646 1098 ejus
1685 1025 1974 1093 consistat,
2005 1041 2348 1100 consequens
2381 1035 2469 1085 est
2519 1037 2583 1088 ut

558 1115 755 1173 ultima
784 1114 1050 1192 perfectio
1075 1115 1195 1186 ejus
1222 1103 1542 1173 attendatur
1573 1113 1871 1171 secundum
1915 1111 2182 1188 optimam
2218 1117 2340 1189 ejus
2371 1132 2586 1191 opera-

560 1201 787 1271 tionem,
833 1217 959 1279 quae
1003 1201 1226 1278 quidem
1273 1210 1360 1258 est
1404 1201 1707 1259 secundum
1745 1202 2014 1276 optimum
2067 1202 2345 1275 objectum
2387 1221 2401 1260 z
2445 1222 2582 1264 nam

561 1291 908 1368 operationes
947 1290 1247 1372 secundum
1284 1283 1500 1363 obJ'ecta
1543 1291 1952 1365 specificantur.
1995 1291 2117 1349 Non
2159 1295 2344 1350 autem
2387 1295 2581 1353 ani'ma

558 1377 649 1438 'est
671 1381 939 1454 optimum
963 1379 1019 1436 in
1048 1379 1194 1453 quod
1218 1367 1325 1436 sua
1348 1380 1596 1452 operatio
1625 1379 1852 1437 tendere
1892 1387 2096 1472 potest.
2120 1380 2386 1454 Intelligit
2425 1384 2581 1442 enim

563 1467 774 1542 aliquid
802 1481 925 1525 esse
957 1468 1155 1524 melius
1180 1483 1283 1524 se·
1310 1467 1457 1525 unde
1499 1467 1834 1542 impossibile
1874 1474 1960 1526 est
1999 1468 2132 1544 quia
2160 1470 2355 1528 ultima
2389 1470 2574 1530 beati·

562 1553 699 1613 'tudo
727 1553 963 1614 hominis
990 1542 1257 1614 consistat
1302 1556 1358 1613 in
1400 1555 1737 1630 operatione,
1769 1573 1880 1632 qua
1919 1558 2024 1616 sibi
2047 1558 2302 1626 intendit,
2329 1560 2418 1617 vel
2443 1563 2581 1635 qui·

558 1645 900 1721 buscumq‘ue
923 1643 1045 1702 aliis
1054 1633 1442 1719 superioribus
1467 1644 1810 1714 substantiis,
1831 1645 2128 1704 dummodo
2151 1647 2230 1704 eis
2253 1646 2329 1702 sit
2353 1649 2580 1723 aliquid

558 1733 777 1803 melius,
801 1735 861 1792 in
884 1734 1031 1809 quod
1064 1734 1318 1792 humanae
1358 1734 1559 1790 animae
1602 1729 1851 1806 op'oratio
1890 1734 2117 1792 tendere
2147 1735 2338 1809 possit.
2368 1736 2581 1796 Tendit
2685 1799 2690 1806 ,

563 1824 751 1882 autem
774 1823 1024 1898 operatio
1053 1822 1291 1880 hominis
1326 1823 1382 1878 in
1411 1823 1798 1897 quodcumque
1837 1822 2058 1894 bonum,
2089 1823 2220 1898 quia
2260 1825 2580 1884 universale

560 1894 766 1970 bonum
792 1911 1051 1988 estquod
1077 1910 1241 1968 homo
1264 1909 1562 1978 desiderat,
1593 1927 1721 1968 cum
1749 1927 1844 1986 per
1879 1911 2219 1970 intellectum
2261 1913 2582 1974 universale

552 1999 767 2059 bonum
794 2000 1216 2088 apprehendatz
1248 2000 1391 2057 unde
1419 2000 1490 2057 ad
1517 2007 1924 2075 quemcumque
1966 2000 2197 2073 gradum
2233 2016 2295 2059 se
2339 2005 2580 2077 porrigit

561 2077 785 2159 bonum,
816 2081 1130 2165 aliqualiter
1151 2089 1467 2148 extenditur
1492 2089 1741 2166 operatio
1764 2088 2078 2147 intellectus
2118 2089 2364 2166 humani,
2395 2100 2454 2151 et
2477 2109 2579 2164 per

560 2193 905 2264 consequens
938 2178 1260 2235 voluntatis.
1288 2179 1498 2235 Bonum
1539 2183 1724 2235 autem
1759 2191 1971 2235 summe
2015 2177 2296 2236 invenitur
2334 2180 2394 2237 in
2433 2181 2573 2250 Deo,

562 2270 659 2346 qui
701 2283 798 2342 per
844 2267 1141 2324 essentiam
1172 2279 1331 2328 suam
1368 2265 1543 2323 bonus
1579 2273 1682 2335 est,
1733 2270 1813 2323 ει
1829 2266 2009 2344 omnis
2055 2267 2320 2326 bonitatis
2361 2270 2578 2342 princi-

557 2356 713 2431 pium
738 2373 754 2436 ς
784 2354 931 2412 unde
953 2369 1296 2428 consequens
1320 2363 1409 2411 est
1429 2363 1492 2418 ut
1520 2355 1714 2417 ultima
1740 2355 1978 2413 hominis
2010 2357 2294 2429 perfectio,
2320 2364 2380 2415 et
2409 2359 2578 2418 finale

561 2442 767 2500 bonum
823 2442 995 2515 ipsius
1048 2442 1122 2498 sit
1171 2443 1224 2499 in
1270 2440 1375 2503 boc
1428 2444 1574 2516 quod
1618 2445 1732 2502 Deo
1780 2444 2030 2513 inhaeret,
2081 2445 2389 2504 secundum
2433 2448 2574 2506 illud

552 2530 952 2588 ·l’sal.1.xxn.·
982 2526 1122 2588 Mihi·
1146 2524 1421 2588 adhaerere
1447 2531 1555 2587 Deo
1575 2531 1766 2588 bonum
1794 2540 1893 2590 est.
1917 2534 2034 2592 Hoc
2071 2535 2241 2593 etiam
2283 2535 2576 2596 manifeste

549 2605 794 2693 *apparet
816 2619 883 2686 si,
909 2617 1039 2691 quis
1072 2617 1143 2675 ad
1180 2624 1507 2677 caeterarum
1549 2625 1734 2678 rerum
1775 2623 2252 2696 participationem
2289 2624 2572 2699 inspiciat.

562 2708 793 2788 Omnem
822 2703 969 2764 e'nim
1012 2707 1314 2780 singulares
1348 2707 1599 2766 homines
1637 2709 1802 2782 hujus
1845 2709 2256 2782 proedicationis
2297 2714 2575 2787 recipiunt

560 2798 853 2854 veritatem
906 2813 1005 2870 per
1052 2797 1176 2865 hoc,
1220 2799 1348 2872 quia
1397 2798 1575 2871 ipsam
1624 2799 1920 2857 essentiam
1961 2800 2164 2874 speciei
2210 2802 2572 2876 participant.

561 2885 757 2948 Nullus
800 2891 985 2943 autem
1026 2901 1217 2943 eorum
1258 2903 1325 2942 ex
1359 2884 1468 2942 hoc
1510 2885 1717 2944 dicitur
1749 2887 1935 2959 homo,
1978 2889 2112 2963 quia
2151 2888 2575 2948 similitudinem

559 2963 853 3050 participet
880 2973 1105 3032 alterius
1132 2974 1385 3042 hominis,
1412 2974 1512 3032 sed
1540 2990 1609 3032 ex
1630 2991 1696 3032 eo
1727 2975 1845 3032 solo
1881 2977 2014 3048 quia
2047 2977 2344 3050 participat
2375 2993 2576 3036 essen-

560 3068 694 3128 tiam
723 3055 947 3137 speciei,
974 3062 1041 3119 ad
1070 3078 1239 3136 quam
1281 3063 1465 3120 tamen
1502 3063 1940 3137 participandam
1969 3079 2110 3138 unus
2151 3066 2364 3124 inducit
2399 3067 2575 3124 alium

560 3169 658 3228 per
681 3153 827 3209 viam
851 3151 1239 3223 generationis,
1257 3159 1414 3226 pater
1441 3152 1652 3209 scilicet
1681 3152 1872 3210 lilium.
1899 3152 2192 3211 Beatitudo
2215 3160 2425 3222 autem,
2451 3155 2574 3215 sive

540 3240 795 3297 'felicitas
816 3240 950 3298 niliil
973 3249 1059 3297 est
1081 3240 1229 3297 aliud
1253 3256 1421 3315 quam
1445 3241 1649 3298 bonum
1677 3239 2244 3315 perfectum.0portet
2272 3243 2446 3314 igitur
2475 3260 2578 3318 per

560 3328 734 3385 solam
775 3327 1251 3402 participationem
1294 3327 1498 3386 divinae
1549 3328 2076 3408 beatitudiniS,·quae
2129 3336 2215 3388 est
2257 3333 2577 3394 essentialis

560 3415 780 3474 bonitas
804 3415 1062 3483 hominis,
1093 3431 1283 3472 omnes
1302 3415 1660 3474 beatitudinis
1682 3418 1978 3491 participes
1999 3432 2122 3477 esse
2145 3416 2358 3486 beatos,
2381 3435 2578 3492 quam·

560 3505 650 3562 vis
692 3497 833 3561 unus
866 3519 965 3578 per
1004 3502 1173 3560 alium
1214 3504 1283 3560 ad
1320 3504 1655 3566 tendendum
1689 3505 1764 3563 ad
1811 3504 2208 3565 beatitudinem
2245 3506 2572 3579 adjuvetur.

536 3588 719 3649 Unde
763 3596 907 3665 Aug.
948 3592 1087 3648 dicit
1126 3591 1186 3647 in
1226 3591 1365 3650 libro
1409 3592 1480 3650 de
1523 3610 1653 3654 vera
1699 3593 1983 3667 religione,
2033 3595 2180 3669 quod
2239 3609 2422 3669 neque
2469 3613 2578 3656 nos

564 3678 810 3739 videndo‘
845 3681 1069 3753 angelos
1101 3680 1247 3738 beati
1292 3697 1502 3750 sumus,
1535 3683 1634 3740 sed
1675 3683 1910 3742 videndo
1939 3671 2245 3740 'veritatem
2272 3699 2383 3758 qua
2419 3684 2578 3760 ipsos

528 3791 535 3794 ·
558 3770 863 3843 diligimus,
884 3769 1053 3826 ethis
1072 3770 1535 3845 congratulamur.
1558 3771 1836 3845 Contingit
1863 3778 2052 3832 autem
2078 3772 2379 3830 humanam
2407 3787 2578 3832 men-

562 3865 675 3916 tem
718 3859 851 3917 ferri
894 3858 962 3916 in‘
988 3857 1163 3916 Deum
1202 3859 1516 3932 dupliciter.
1563 3860 1686 3938 Uno
1721 3861 1903 3930 modo,
1933 3876 2036 3935 per
2070 3874 2132 3918 se
2177 3878 2192 3918 ε
2227 3861 2338 3921 alio
2381 3861 2572 3932 modo,

562 3961 661 4020 per
682 3947 855 4006 aliud.
882 3949 989 4006 Per
1014 3959 1075 4004 se
1104 3946 1346 4022 quidem,
1368 3955 1526 4023 puta,
1555 3963 1684 4028 cum
1707 3948 1921 4010 scilicet
1941 3951 2000 4007 in
2026 3950 2210 4024 seipso
2237 3950 2482 4020 videtur,
2511 3957 2576 4010 et
