2850 4517
463 343 586 410 312
938 354 991 402 s.
1031 353 1270 402 τιιοιιιιι
1308 348 1634 404 neuma-ns
1671 345 1986 395 croscum
2065 365 2072 373 -
2107 339 2114 348 ·

468 484 579 546 est,
594 469 920 539 bonoratur,
950 483 1119 544 quam
1161 469 1327 526 vovet
1364 475 1423 523 et
1459 473 1641 525 servet
1685 458 2023 522 continentia
2070 461 2317 539 pietatis.
2346 486 2374 521 ι
2397 468 2470 525 Ει

466 565 612 625 infra
629 584 643 620 :
662 584 689 617 α
705 563 823 621 Nec.
847 575 947 617 nos
969 560 1024 615 in
1040 556 1363 630 virginibuS,
1381 554 1530 629 quod
1553 553 1796 627 virgines
1816 560 1944 610 sunt
1969 554 2356 627 praedicamuS,
2369 558 2469 613 sed

468 653 615 726 quod
648 651 761 711 Deo
792 649 993 708 dioetae
1018 651 1147 704 sunt
1167 646 1260 719 pia
1299 642 1638 701 continentia
1673 642 2028 714 virginitatis.
2051 663 2079 694 n
2098 642 2270 702 Multo
2301 646 2474 721 igitur

460 740 646 812 magis
660 738 843 810 aliqua
868 751 1037 810 opera
1054 733 1417 792 laudabiliora
1433 731 1755 800 redduntur,
1771 745 1841 786 ex
1859 729 1966 786 hoc
1988 731 2135 804 quod
2156 747 2256 804 per
2281 740 2474 790 votum

469 831 585 886 Deo
619 827 893 884 dicantur.
922 824 1159 890 lterum,
1176 820 1458 895 quodlibet
1492 819 1696 877 bonum
1742 818 1958 877 finitum
2002 833 2130 875 cum
2161 835 2476 880 renumera--

472 919 620 976 tione
647 915 873 974 alterius
899 912 1027 971 boni
1051 911 1245 969 melius
1270 917 1355 968 eet
1384 927 1398 966 :
1427 909 1564 966 nulli
1604 915 1789 985 autem
1831 905 2059 964 dubium
2103 921 2226 966 esse
2268 917 2472 983 potest,

472 1007 604 1079 quin
629 1000 747 1078 ipsa
771 1001 1057 1076 promissio
1092 999 1223 1057 boui
1246 999 1321 1056 sit
1349 997 1572 1072 aliquod
1617 997 1842 1064 bonum,
1868 995 2012 1054 unde
2052 1003 2111 1052 et
2146 998 2242 1072 qui
2266 997 2474 1056 bomini

475 1092 681 1167 aliquid
708 1090 999 1165 promittit,
1025 1088 1229 1146 bonum
1255 1086 1481 1160 aliquod
1507 1085 1558 1142 ei
1585 1085 1804 1142 videtur
1819 1097 1937 1158 Jam
1964 1084 2302 1158 impendere,
2333 1087 2478 1144 unde

474 1190 531 1239 et
570 1180 769 1254 quibus
809 1177 1015 1252 aliquid
1062 1176 1398 1250 promittitur
1435 1174 1650 1246 gratias
1693 1181 1880 1246 agunt,
1925 1179 2119 1230 votum
2152 1179 2351 1241 ‚autem
2389 1181 2478 1232 est

478 1269 733 1344 quaedam
776 1265 1065 1340 promissio
1109 1265 1222 1320 Deo
1262 1263 1430 1331 facta,
1462 1269 1523 1319 ut
1559 1267 1714 1334 patet
1748 1275 1846 1336 per
1881 1260 2015 1316 illud
2061 1261 2208 1334 quod
2248 1261 2474 1331 dicitur,

480 1355 917 1416 Ecclesiastes-rv
948 1352 1047 1409 :Si
1075 1351 1207 1424 quid
1227 1350 1422 1407 vovisti.
1441 1350 1569 1417 Deo,
1595 1364 1660 1406 nc
1692 1348 1924 1408 moreris
1969 1348 2208 1417 reddere,
2237 1350 2480 1423 displicet

478 1444 623 1502 enim
669 1443 721 1499 ei
760 1441 994 1513 infidelis
1030 1447 1079 1498 et
1120 1440 1285 1498 stulta
1318 1437 1626 1512 promissio.
1672 1437 1866 1496 Melius
1920 1443 2006 1493 est
2051 1439 2219 1508 igitur
2264 1437 2480 1510 aliquid

480 1532 661 1590 facere
695 1534 752 1586 et
782 1543 1007 1594 vovere,
1037 1542 1203 1601 quam
1241 1524 1419 1583 facere
1461 1523 1784 1598 simpliciter
1829 1524 2033 1598 absque
2073 1529 2220 1579 voto.
2252 1524 2474 1592 Adbuc,

482 1624 689 1696 quanto
712 1616 911 1690 aliquis
930 1615 1052 1689 plus
1076 1615 1171 1672 dat
1195 1613 1381 1683 alicui,
1398 1618 1564 1670 tanto·
1578 1613 1757 1686 majus
1789 1611 1996 1686 aliquid
2020 1611 2088 1668 ab
2111 1627 2176 1668 eo
2203 1621 2477 1669 meretur.

483 1707 588 1779 Qui
636 1712 821 1764 autem
874 1704 1005 1762 facit
1056 1701 1266 1777 aliquid
1310 1703 1430 1772 sine
1473 1708 1625 1768 voto,
1664 1701 1762 1758 dat
1809 1701 1861 1756 ei
1907 1701 2102 1766 solum,
2150 1700 2296 1775 quod
2342 1699 2484 1758 facit

481 1800 702 1868 propter
724 1794 841 1866 ejus
869 1807 1127 1858 amorem,
1156 1791 1251 1864 qui
1280 1797 1468 1848 autem
1495 1803 1600 1845 non
1639 1787 1817 1846 solum
1857 1787 2008 1854 facit,
2037 1788 2133 1844 sed
2175 1788 2346 1844 etiam
2377 1803 2485 1844 vo-

483 1888 592 1950 vet,
615 1896 722 1938 non
749 1881 925 1938 solum
948 1880 1044 1937 dat
1068 1880 1122 1935 ei
1150 1878 1298 1950 quod
1325 1877 1480 1946 facit,
1505 1876 1604 1933 sed
1641 1874 1810 1933 etiam
1835 1877 2158 1948 potentiam,
2190 1891 2300 1949 qua
2323 1874 2484 1932 facit.

483 1971 639 2030 Facit
686 1968 830 2026 enim
874 1983 934 2028 se
986 1982 1095 2024 non
1136 1981 1297 2040 posse
1338 1967 1474 2040 quin
1522 1964 1709 2033 faciat,
1752 1964 1898 2038 quod
1940 1965 2090 2037 prius
2145 1978 2251 2021 non
2303 1963 2486 2021 facere

482 2059 635 2118 licite
676 2064 912 2130 poterat.
941 2056 1117 2128 Majus
1159 2056 1331 2128 igitur
1370 2053 1582 2128 aliquid
1610 2058 1851 2110 meretur
1891 2052 2038 2125 apud
2066 2054 2241 2110 Deum
2273 2053 2370 2126 qui
2417 2067 2488 2108 ex

482 2153 613 2204 voto
637 2145 842 2219 aliquid
874 2144 1024 2211 facit,
1053 2159 1220 2217 quam
1242 2142 1337 2216 qui
1361 2141 1498 2199 illud
1525 2142 1658 2200 facit
1685 2143 1802 2198 sine
1826 2149 1978 2199 voto.
2008 2141 2254 2222 Amplius
2278 2140 2349 2198 ad
2379 2140 2490 2198 lau·

484 2234 611 2291 dem
643 2233 767 2290 boni
806 2233 988 2306 operis
1023 2230 1275 2304 pertinet,
1304 2231 1451 2303 quod
1494 2229 1748 2288 voluntas
1790 2225 2080 2300 firmetur
2065 2246 2122 2285 ιιι
2145 2216 2307 2297 bono,
2339 2229 2490 2286 sicut

488 2321 558 2378 ad
585 2320 1031 2402 aggravationem
1062 2318 1241 2391 culpae
1280 2319 1538 2392 pertinet,
1567 2319 1715 2412 quod
1745 2315 1996 2378 voluntas
2023 2310 2097 2374 sit
2125 2317 2448 2375 obstinata
2431 2335 2490 2375 ιιι

487 2406 657 2464 malo
680 2407 1027 2462 Manifestum
1050 2412 1137 2468 est
1164 2412 1372 2475 autem,
1396 2406 1544 2478 quod
1576 2406 1673 2479 qui
1701 2404 1908 2479 aliquid
1936 2412 2122 2475 vovet,
2146 2405 2488 2465 voluntatem
2557 2445 2568 2454 .

487 2508 644 2550 suam
670 2494 850 2550 firmat
886 2493 955 2549 ad
986 2493 1061 2560 id,
1094 2493 1241 2566 quod
1268 2500 1456 2562 vovet,
1485 2499 1541 2551 et
1563 2495 1644 2550 sic
1687 2509 1836 2558 οιιιιι
1859 2493 2050 2567 implet
2086 2495 2236 2568 quod
2259 2500 2492 2554 voverat

490 2595 627 2656 opus
649 2580 869 2650 bonum,
899 2596 968 2637 ex
992 2582 1275 2644 voluntate
1322 2582 1540 2640 firmata
1581 2582 1848 2655 procedit.
1869 2581 2022 2642 Sicut
2049 2583 2217 2655 igitur
2244 2585 2318 2640 ad
2355 2599 2492 2657 gra-

491 2685 688 2728 vamen
720 2670 894 2745 culpae
924 2670 1179 2770 pertinet,
1211 2673 1359 2746 quod
1398 2689 1471 2729 ex
1498 2673 1776 2746 proposito
1812 2672 2028 2730 firmato
2056 2672 2494 2748 aliquismalum

494 2766 769 2832 operetur,
801 2758 905 2817 boc
947 2759 1091 2816 enim
1133 2769 1219 2820 est
1252 2776 1321 2818 ex
1359 2759 1574 2817 malitia
1615 2773 1862 2833 peccare,
1895 2761 1975 2820 ita
2016 2759 2088 2819 ad
2139 2771 2496 2834 augmentum

492 2848 677 2906 meriti
717 2848 954 2922 pertinet
978 2848 1124 2922 quod
1160 2847 1361 2922 aliquis
1386 2849 1590 2907 bonum
1617 2865 1758 2924 opus
1781 2854 2039 2923 operetur
2061 2865 2129 2906 ex
2149 2855 2300 2907 voto.
2334 2851 2494 2919 Item,

494 2945 701 3014 quanto
737 2937 937 3011 aliquis
984 2943 1151 2996 actus
1184 2937 1254 2994 ab
1288 2937 1663 2995 excellentiori
1703 2939 1907 2996 virtute
1941 2923 2308 3012 progreditur,
2343 2945 2500 2996 tanto

496 3023 825 3085 laudabilior
862 3030 965 3094 est,
1000 3038 1125 3084 cum
1159 3032 1277 3086 tota
1314 3026 1434 3084 laus
1475 3027 1658 3100 operis
1687 3042 1755 3083 ex
1787 3027 1991 3086 virtute
2022 3026 2331 3100 procedat.
2361 3043 2504 3086 con-

496 3115 663 3186 tingit
685 3120 871 3171 autem
894 3114 1224 3188 quandoque
1250 3121 1436 3173 actum
1470 3114 1746 3173 inferioris
1773 3116 1996 3172 virtutis
2021 3131 2054 3172 a
2083 3115 2355 3188 superiori
2381 3116 2504 3175 vir-

498 3209 618 3258 tute
638 3202 915 3274 imperari,
938 3208 1075 3275 puta
1101 3200 1231 3260 cum
1256 3202 1458 3276 aliquis
1479 3208 1665 3260 actum
1687 3203 1922 3277 Justitiae
1947 3219 2016 3260 ex
2043 3202 2317 3261 charitate
2343 3203 2502 3272 facit,

496 3289 671 3347 multo
692 3288 861 3360 igitur
886 3289 1078 3352 melius
1106 3295 1190 3348 est
1219 3305 1357 3362 opus
1381 3291 1606 3348 virtutis
1645 3291 1920 3348 inferioris
1945 3291 2125 3348 facere
2161 3306 2232 3347 ex
2267 3292 2508 3364 imperio

496 3377 795 3452 superioris
818 3377 1059 3448 virtutiS,
1092 3379 1234 3436 sicut
1254 3377 1453 3434 melius
1488 3387 1573 3436 est
1599 3395 1736 3452 opus
1757 3380 2007 3451 justitiae,
2041 3380 2090 3436 si
2120 3395 2187 3435 ex
2233 3379 2510 3436 charitate

500 3467 618 3526 liat.
644 3466 995 3530 Manifestum
1032 3467 1116 3522 est
1158 3471 1362 3534 autem,
1394 3466 1544 3541 quod
1584 3466 1941 3539 particularia
1976 3467 2118 3524 bona
2165 3481 2333 3541 opera
2379 3481 2510 3540 quae

464 3555 733 3620 ‘facimus
774 3555 1049 3628 pertinent
1080 3554 1151 3611 ad
1195 3553 1407 3626 aliquas
1448 3554 1734 3611 inferiores
1776 3555 2027 3624 virtutae,
2053 3563 2206 3628 puta,
2227 3557 2506 3628 jejunare,

502 3643 572 3700 ad
601 3641 1023 3700 abstinentiam.
1055 3641 1354 3711 continere,
1388 3643 1459 3699 ad
1479 3643 1816 3709 castitatem,
1843 3644 2008 3700 etsie
2033 3644 2102 3700 de
2130 3643 2272 3700 aliia.
2295 3643 2514 3700 vovere

506 3738 691 3788 autem
718 3737 805 3786 est
830 3729 1047 3804 proprie
1063 3729 1243 3788 latriae
1259 3737 1435 3798 actus,
1457 3733 1625 3805 quam
1643 3731 1783 3788 nulli
1804 3725 2054 3789 dubium
2053 3721 2178 3788 esse
2195 3729 2360 3788 debet
2387 3745 2516 3787 esse

505 3818 773 3890 potiorem
809 3819 897 3876 vel
938 3818 1293 3886 abstinentia,
1318 3817 1407 3878 vel
1448 3819 1726 3889 castitate,
1751 3818 1838 3877 vel
1878 3834 2228 3910 quacumque
2245 3819 2374 3878 alia
2401 3819 2520 3875 hu—

502 3903 742 3974 jusmodi
765 3905 991 3964 virtute.
1014 3905 1191 3980 Majus
1212 3906 1359 3966 enim
1386 3913 1470 3964 est
1495 3906 1674 3965 colere
1714 3907 1910 3977 Deum,
1937 3903 2116 3983 quam
2141 3914 2291 3966 recte
2314 3921 2377 3964 se
2404 3905 2519 3964 ha-
