2850 4517
775 366 859 419 1
892 388 973 403 --
998 366 1398 417 ecmannum
1453 366 1814 418 manmena
2184 351 2316 423 ‘213

306 509 407 569 per
446 478 627 567 ipsum
678 494 916 547 amatur.
956 490 1059 545 Per
1094 487 1243 545 aliud
1284 476 1489 555 autem,
1533 478 1658 545 cnm
1712 480 1780 545 ex
1824 475 2093 548 creaturis
2143 476 2315 565 ipsius

307 582 527 639 animus
562 570 815 636 elevatur
852 578 905 634 in
934 568 1112 633 Deum
1151 576 1455 635 secundum
1487 575 1620 632 illud
1663 574 1896 635 Roman.
1921 594 1985 635 ιε
2009 578 2315 639 Invisibilia

308 668 413 729 Dei
428 684 533 743 per
553 684 619 725 aa
644 682 761 741 quoe
783 665 931 741 facta
952 671 1079 721 suut
1109 664 1378 723 intellecta
1401 663 1828 737 conspiciuntur.
1857 668 1980 724 Non
2017 674 2103 725 est
2127 656 2312 728 autem

286 756 567 858 ‘possibile
596 762 672 812 ut:
694 753 937 828 perfecta
960 752 1243 811 beatitudo
1278 753 1546 811 consistat
1575 754 1632 811 in
1657 754 1782 823 boog
1811 755 1960 829 quod
1998 756 2196 833 aliquis
2219 776 2315 833 per

284 847 457 905 ·aliud
495 846 557 904 ἰιι
600 846 775 901 Deum
813 842 1010 900 tendit.
1035 842 1234 899 Primo
1278 842 1524 917 quidem,
1555 844 1685 918 quia
1735 858 1860 901 cum
1903 845 2188 904 beatitudo
2234 849 2315 905 si-

290 936 532 1009 zgnificet
586 933 830 990 omnium
878 900 1241 990 humanorum
1282 938 1511 1019 actuum
1561 932 1780 1001 finem,-
1775 949 1903 991 -non
1956 942 2138 1007 potest
2181 952 2312 997 vera

306 1022 597 1082 beatitudo
618 1030 677 1079 et
696 1016 950 1095 perfecta
993 1020 1293 1077 consistere
1324 1020 1382 1077 in
1419 1036 1484 1077 eo
1522 1020 1671 1121 quod
1705 1021 1870 1079 habet
1902 1024 2171 1083 ratione-'m
2205 1043 2312 1085 non

286 1106 535 1188 'quidem
579 1108 816 1177 termini,
866 1107 965 1165 sed
1010 1107 1187 1181 magis
1228 1108 1550 1166 mutationis
1597 1110 1652 1165 in
1694 1110 1877 1168 finem.
1922 1100 2078 1183 Quod
2126 1122 2308 1172 autem
2373 1170 2376 1175 .

308 1204 459 1261 Deus
498 1216 594 1274 per
631 1198 780 1256 aliud
821 1202 1149 1269 agnoscatur
1186 1202 1240 1253 et
1286 1203 1519 1265 ametur,
1547 1188 1786 1273 quodam
1825 1200 2080 1260 humanae
2115 1206 2314 1261 mentis

309 1296 462 1347 motu
490 1288 693 1362 agitur,
720 1286 778 1342 in
813 1292 1082 1359 quantum
1109 1300 1207 1358 per
1248 1301 1417 1342 uuum
1458 1285 1514 1342 in
1551 1286 1699 1344 atiud
1738 1276 2046 1348 devenitur.
2077 1292 2198 1369 Non
2231 1300 2316 1350 est

308 1396 441 1454 ergo
466 1380 521 1435 in
549 1376 655 1435 hoc‘
670 1389 804 1433 vera
846 1382 901 1431 et
945 1372 1185 1446 perfecta
1228 1372 1532 1432 beatitudo.
1562 1376 1830 1445 Secundo,
1860 1378 1990 1453 quia
2025 1372 2073 1435 si
2115 1380 2173 1436 in
2211 1370 2315 1438 boc

310 1468 456 1547 quod
481 1482 636 1524 mens
656 1465 894 1521 humana
929 1463 1045 1519 Deo
1074 1462 1358 1530 inhaereat,
1385 1460 1507 1534 ejus
1543 1463 1825 1521 beatitudo
1860 1467 2146 1537 consistat,
2177 1482 2313 1547 cou-

309 1572 545 1634 sequens
572 1560 737 1611 estut
761 1550 1003 1626 perfecta
1029 1549 1315 1609 beatitudo
1343 1550 1640 1625 perfectam
1662 1549 2015 1613 inhaesionem
2039 1558 2110 1615 ad
2138 1557 2310 1615 Deum

309 1647 576 1722 requirat.
592 1644 714 1701 Non
738 1646 922 1699 autem
948 1645 1033 1697 est
1061 1638 1319 1712 possibile
1344 1644 1405 1695 ut
1432 1656 1531 1711 per
1557 1640 1798 1715 aliquam
1821 1637 2132 1703 creaturam
2159 1663 2313 1706 mens

306 1737 547 1793 humana
575 1733 690 1787 Deo
716 1728 955 1803 perfecte
973 1726 1256 1796 inhaereat‚
1278 1742 1455 1803 neque
1479 1745 1576 1802 per
1599 1732 1986 1803 cognitionem,
2015 1736 2192 1811 nequ'e
2216 1755 2313 1811 per

308 1838 574 1885 amorem.
605 1818 871 1890 Quaelibet
899 1816 1045 1874 enim
1066 1816 1243 1873 forma
1270 1825 1458 1874 creata
1500 1818 1555 1873 in
1579 1818 1852 1882 infinitum
1880 1822 2140 1880 deficiens
2167 1832 2250 1880 εει
2281 1842 2313 1883 ιι

292 1908 800 1987 repraesentatione
827 1905 1025 1963 divinae
1052 1906 1325 1963 essentiae.
1356 1906 1510 1963 Sicut
1537 1922 1668 1979 ergo
1697 1924 1802 1966 non
1835 1916 1919 1987 est
1948 1912 2222 1983 possibile,
2251 1908 2313 1969 u't

307 2014 412 2078 per
432 1995 667 2057 sormam
694 1994 965 2053 inferioris
986 1992 1195 2052 ordinis
1206 2000 1609 2065 cognoscantur
1627 2012 1692 2053 ea
1716 2014 1842 2070 quae
1859 1996 1998 2056 'sunt
2015 2001 2314 2073 'superioris

296 2090 538 2157 ordinis,
566 2090 719 2160 puta,
733 2083 830 2159 per'
852 2088 1050 2157 corpus
1076 2082 1379 2157 spiritualis
1400 2082 1727 2153 substantia,
1748 2086 1834 2143 vel
1863 2103 1960 2161 per
1984 2087 2312 2147 elementum

304 2174 511 2253 corpus
546 2174 770 2234 coeleste
798 2189 814 2228 z
844 2172 923 2230 ita
965 2170 1136 2229 multo
1183 2171 1365 2229 minus
1405 2173 1664 2245 possibile
1708 2181 1794 2233 est
1835 2183 1897 2234 ut
1935 2192 2036 2251 per
2071 2178 2312 2254 aliquam

309 2270 546 2327 formam
568 2270 808 2321 creatam
834 2262 933 2319 Dei
954 2261 1199 2319 essentia·
1213 2267 1596 2334 cognoscatur.
1625 2262 1732 2320 Sed
1761 2264 1902 2321 sicut
1933 2280 2030 2339 per
2057 2270 2314 2329 conside-
2338 2276 2342 2280 “

308 2358 581 2415 rationem
608 2351 922 2409 inferiorum
955 2366 1245 2445 corporum
1272 2352 1615 2422 superiorum
1648 2358 1876 2412 naturas
1902 2358 2158 2447 negative
2183 2374 2315 2433 per·-

305 2447 577 2523 cipimus„
588 2449 742 2517 puta,
770 2440 915 2515 quod
954 2438 1062 2496 non
1098 2448 1227 2495 sunt
1254 2440 1466 2513 gravia,
1494 2456 1670 2517 neque
1709 2438 1871 2528 levia,
1897 2450 1954 2501 et
1989 2442 2087 2519 ρει·
2113 2462 2316 2521 corpo-

306 2553 433 2593 rum
454 2514 950 2591 considerationem
972 2529 1229 2601 negative
1268 2527 1339 2585 de
1374 2528 1590 2603 angelis
1623 2520 1981 2607 concipimus,
2011 2535 2140 2609 quia
2187 2544 2313 2594 suut

304 2620 723 2688 immateriale8‚
744 2618 869 2675 vet
856 2617 1203 2691 incorporei:
1229 2617 1309 2675 ita'
1336 2620 1505 2676 etiam
1528 2634 1626 2693 per
1652 2625 1938 2677 creaturas
1967 2622 2035 2679 de
2065 2625 2180 2681 Deo
2207 2641 2314 2683 non

306 2711 691 2787 cognoscimus
719 2708 853 2784 quid
894 2714 999 2774 est,
1028 2706 1124 2763 sed
1160 2706 1345 2781 potius
1380 2707 1515 2779 quid
1559 2722 1668 2765 non
1703 2715 1807 2765 est.
1838 2708 2102 2769 Similiter
2145 2714 2315 2771 etiam

306 2816 677 2879 quaecumque
717 2796 989 2855 c'reaturae
1030 2795 1248 2853 bonitas
1293 2796 1570 2870 quoddam
1623 2790 1908 2853 minimum
1941 2804 2025 2855 est
2063 2798 2314 2874 respectu

306 2891 575 2949 bonitatis
601 2887 822 2955 divinae,
844 2901 972 2959 quae
994 2890 1077 2941 est
1106 2884 1324 2941 bonitas
1347 2883 1594 2940 infinita:
1610 2883 1752 2940 unde
1781 2885 2093 2943 bonitates·
2077 2901 2132 2943 ιιι
2154 2880 2316 2946 rebus

304 2978 695 3055 provenientes
717 2991 751 3034 a
778 2975 913 3042 Deo,
944 2989 1072 3047 quae
1098 2979 1225 3029 sunt
1251 2972 1352 3029 Dei
1380 2970 1664 3040 beneficia,
1690 2988 1797 3029 non
1840 2972 2128 3032 sublevant
2157 2993 2318 3034 men-

310 3070 427 3127 tem
454 3082 631 3163 usque
666 3066 735 3123 ad
776 3064 1081 3139 perfectum
1110 3062 1223 3118 Dei
1252 3077 1515 3119 amorem.
1541 3062 1663 3118 Non
1698 3070 1782 3119 εει
1827 3062 1996 3135 igitur
2021 3050 2312 3137 possibile,

308 3154 461 3232 quod
490 3155 627 3211 vera·
648 3159 707 3209 et
733 3152 978 3227 perfecta
1006 3149 1293 3208 beatitudo
1320 3149 1587 3207 consistat
1623 3149 1678 3206 in
1705 3150 1810 3209 boc
1837 3150 1969 3224 quia
2009 3168 2164 3212 mens
2200 3156 2315 3242 Deo

302 3254 410 3319 per
434 3242 582 3302 aliud
609 3242 892 3299 inhaereat.
910 3240 1116 3307 Tertio,
1142 3239 1275 3313 quia
1301 3238 1600 3296 secundum
1629 3246 1838 3297 rectum
1863 3237 2138 3300 ordinem
2139 3236 2319 3303 minus

307 3339 446 3391 nota
474 3348 571 3405 per
602 3346 668 3387 ea
704 3346 830 3402 quae
854 3337 983 3386 sunt
1023 3328 1201 3401 magis
1238 3336 1367 3385 nota
1403 3335 1837 3402 cognoscuntur3
1863 3334 1922 3385 et
1959 3330 2212 3389 similiter
2251 3325 2318 3391 ea

306 3437 439 3496 quae
466 3426 597 3477 sunt
618 3421 796 3490 magis
822 3418 1264 3476 bonaamantur.
1285 3416 1427 3487 Quia
1463 3416 1634 3488 igitur
1658 3418 1808 3476 Deus
1842 3423 1927 3475 est
1953 3414 2139 3493 prima
2167 3422 2318 3478 veri-

308 3520 421 3577 tas,
451 3524 669 3566 summa
691 3508 931 3574 bonitas,
958 3506 1255 3564 secundum
1296 3520 1357 3561 se
1394 3518 1607 3563 summe
1643 3507 2028 3579 cognoscibilis
2059 3504 2117 3565 et
2161 3526 2320 3568 ama·

308 3598 441 3656 bilis
485 3604 592 3667 εει,
638 3596 747 3654 hoc
799 3594 1071 3653 naturalis
1124 3594 1259 3650 ordo
1308 3593 1494 3661 babet,
1546 3602 1610 3652 ut
1659 3596 1844 3653 omnia
1895 3605 2320 3671 cognoscantur,

309 3694 567 3747 amen-tur
615 3702 712 3759 per
754 3684 958 3758 ipsum.
1000 3683 1057 3741 Si
1098 3682 1269 3755 igitur
1312 3687 1530 3756 oportet
1570 3682 1803 3758 alicujus
1841 3694 2081 3744 mentem
2125 3688 2179 3743 in
2218 3688 2320 3744 Dei

307 3776 684 3851 cognitionem
708 3780 766 3832 et
796 3786 1039 3833 amorem
1075 3787 1174 3847 per
1200 3777 1484 3829 creaturas
1511 3773 1754 3844 perduci,
1779 3773 1884 3849 hoc
1901 3791 1968 3837 ex
1981 3776 2322 3849 ejusimper·

306 3866 551 3925 rectione
573 3864 867 3937 contingit.
896 3862 1151 3924 Nondum
1174 3876 1309 3934 ergo
1332 3874 1660 3919 consecutus
1703 3867 1789 3919 est
1812 3863 2110 3936 perfectam
2137 3864 2322 3925 beati-

311 3956 587 4029 tudinem,
609 3969 738 4029 quae
764 3962 983 4014 omnem
1016 3950 1484 4025 imperfectionem
1517 3948 1781 4009 excludit.
1810 3952 2157 4030 Relinquitur
2189 3968 2322 4029 ergo
