2850 4517
147 1272 271 1353 ,uto

76 1328 336 1439 μ’,

563 350 653 413 70·
1040 367 1094 411 s.
1139 366 1372 413 ‘mouns
1411 365 1739 415 eoeneum
1780 366 2121 421 croscum·

566 481 623 540 in
653 488 784 541 actu
825 481 1010 557 aliquo
1048 482 1350 540 sublimiori
1377 489 1574 555 agente
1602 497 1766 556 quam
1804 482 1877 539 sit
1918 498 2087 556 agens
2116 482 2275 540 nobis
2298 491 2577 542 connatu-

565 573 698 641 rale,
731 572 876 647 quod
908 572 1192 647 quiescere
1221 571 1390 641 saciat
1417 570 1770 641 desiderium,
1802 570 1948 645 quod
1980 572 2135 630 nobis
2161 574 2306 631 inest
2336 580 2570 633 natura·

565 662 690 721 liter
713 662 784 721 ad
808 661 1110 731 sciendum.
1135 662 1266 737 Tale
1293 668 1379 719 est
1401 668 1587 718 autem
1621 662 1678 725 in
1712 661 1869 719 nobis
1892 661 2097 718 sciendi
2121 662 2476 735 desiderium,
2512 673 2577 735 ut

565 757 954 825 cognoscentes
990 752 1280 820 effectum,
1321 740 1698 807 desideremus
1744 765 2071 824 cognoscere
2121 766 2364 818 causam,
2418 761 2475 809 et
2518 754 2575 810 in

564 856 912 916 quacumque
941 856 1019 910 re,
1061 840 1298 912 cognitis
1340 838 1780 913 quibuscumque
1817 842 1935 911 ejus
1970 839 2422 911 circumstantiis,
2467 859 2575 899 non

564 931 1087 1005 quiescit-nostum
1128 928 1480 999 desiderium,
1508 942 1811 1002 quousque.
1840 931 1959 1001 ejus
2002 930 2297 997 essentiam
2336 946 2577 1004 cognos-

565 990 792 1082 camus}
812 1019 940 1079 Non
963 1019 1128 1091 igitur
1153 1017 1402 1078 naturale
1432 1017 1769 1078 desiderium
1792 1017 1999 1081 sciendi
2036 1026 2216 1091 potest
2242 1020 2485 1092 quietari
2518 1022 2575 1077 in

491 1107 516 1163 7
565 1110 742 1178 uobis,
783 1122 1067 1181 quousque
1096 1106 1329 1180 primam
1367 1122 1593 1165 causam
1638 1120 2034 1179 cognoscamus
2076 1122 2180 1164 non
2225 1124 2575 1185 quocumque

481 1220 488 1227 ·
567 1196 748 1263 modo,
791 1195 888 1253 sed
916 1211 1012 1269 per
1040 1196 1161 1268 ejus
1190 1196 1508 1258 essentiam.
1540 1195 1721 1263 Prima
1750 1203 1941 1259 autem
1979 1211 2146 1253 causa
2191 1196 2335 1253 Deus
2374 1204 2479 1267 est,
2510 1205 2607 1253 ut-

512 1289 526 1377 ς
565 1282 1238 1357 exsuperioribus-patet,
1273 1290 1358 1342 est
1386 1284 1555 1355 igitur
1588 1281 1713 1340 finis
1748 1281 1973 1340 ultimus
1999 1283 2386 1403 intellectualis
2409 1301 2583 1342 crea-2

519 1369 528 1440 ξ
569 1382 726 1440 turae,
753 1372 930 1433 Deum
959 1388 1055 1446 per
1081 1372 1379 1429 essentiam
1407 1372 1615 1434 videre.
1908 1403 1912 1405 -

1339 1544 1623 1619 CAPUT
1668 1544 1803 1617 GV.

643 1687 946 1777 Quomodo
972 1688 1118 1771 finis
1144 1686 1402 1753 ultimus
1427 1670 1860 1754 intellectualis
1881 1693 2122 1752 creatur
2124 1708 2176 1756 oe
2200 1695 2289 1753 est
2315 1690 2511 1759 Deum

777 1795 938 1863 per
961 1778 1276 1841 essentiam
1301 1776 1521 1853 videre,
1553 1777 1924 1861 ecquomodo
1952 1778 2061 1841 hoc
2087 1779 2302 1860 possit.

589 1847 765 1975 uos
783 1920 968 1973 autem
995 1913 1268 1987 quomodo
1295 1911 1553 1986 possibile
1581 1912 1655 1970 sit
1676 1913 2132 1975 considerandum
2175 1919 2277 1969 est.
2308 1914 2573 1981 Manifes-

571 1964 692 2063 tum
717 2011 802 2060 est
839 2012 1024 2065 autem
1047 2003 1195 2077 quod
1218 2017 1342 2061 cum
1379 2002 1692 2062 intellectus
1728 2009 1913 2063 noster
1948 2002 2077 2059 nihil
2108 2009 2422 2075 cognoscat,
2462 2005 2587 2071 nisi„

569 2107 667 2163 per
689 2089 935 2163 aliquam,
976 2092 1214 2163 speciem
1251 2091 1388 2162 ejus,
1418 2090 1750 2161 impossibile
1785 2098 1869 2146 est
1906 2090 2051 2163 quod
2084 2106 2177 2163 por
2224 2092 2460 2163 speciem
2490 2091 2571 2148 rei

569 2178 732 2245 unius
753 2183 1048 2249 cognoscat
1075 2176 1369 2233 essentiam
1394 2175 1619 2235 alterius
1647 2193 1661 2231 z
1692 2182 1748 2232 et
1776 2183 1983 2249 quanto
2020 2178 2193 2249 magis
2236 2178 2445 2251 species
2473 2194 2570 2252 per

567 2278 738 2336 quam
771 2264 1051 2334 cognoscit
1077 2262 1404 2330 intellectus,
1437 2263 1560 2336 plus
1586 2262 1757 2321 distat
1784 2280 1817 2329 a
1854 2280 1913 2321 re
1940 2268 2178 2338 cognita,
2208 2272 2361 2333 tanto
2400 2266 2569 2323 intel-

570 2351 746 2413 lectus
776 2358 963 2414 noster
1007 2350 1462 2423 imperfectiorem
1500 2354 1865 2425 cognitionem
1901 2354 2069 2417 habet
2098 2355 2166 2419 de
2207 2357 2444 2423 essentia
2487 2356 2568 2413 rei

570 2439 734 2507 illius,
768 2448 828 2498 ut
865 2449 1014 2512 puta,
1042 2439 1092 2501 si
1124 2447 1479 2511 cognosceret
1506 2440 1701 2501 bovem
1727 2458 1827 2515 per
1866 2446 2106 2516 speciem
2143 2445 2303 2515 asini,
2329 2460 2567 2519 cognos-

569 2534 720 2593 ceret
747 2528 866 2599 ejus
892 2527 1188 2586 essentiam
1225 2529 1561 2600 imperfecte,
1588 2529 1799 2593 scilicet
1824 2540 2089 2605 quantum
2114 2534 2185 2593 ad
2224 2550 2395 2606 genus
2436 2541 2568 2589 tan..

571 2626 688 2676 tum
715 2617 937 2689 :imagis
959 2625 1143 2681 autem
1173 2617 1510 2691 imperfecte,
1540 2619 1587 2678 si
1620 2630 1973 2691 cognosceret
2010 2638 2107 2696 per
2149 2624 2402 2697 lapidem,
2435 2624 2566 2698 quia

565 2714 921 2777 cognosceret
947 2722 1048 2781 per
1067 2721 1236 2777 genus
1268 2707 1441 2780 magis
1472 2716 1762 2768 remotum.
1788 2710 1847 2769 Si
1878 2709 2061 2775 autem
2088 2718 2444 2784 cognosceret
2470 2727 2567 2785 per

564 2794 1060 2868 speciemalicujus
1081 2796 1179 2865 rei,
1195 2812 1322 2871 quae
1347 2797 1484 2863 nulli
1503 2798 1627 2861 bovi
1652 2799 2083 2866 communicaret
2106 2801 2159 2856 in
2176 2816 2395 2871 genere,
2417 2800 2567 2857 nullo

566 2884 1032 2947 modoessentiam
1057 2884 1214 2943 bovis
1231 2887 1964 2959 cognosceret.Manisestum
1988 2896 2071 2945 est
2090 2894 2275 2948 autem
2302 2904 2373 2950 ex
2396 2904 2567 2963 supe-

567 2972 826 3040 rioribus,
847 2973 994 3047 quod
1031 2973 1238 3034 nullum
1273 2975 1923 3041 creatumcommunicat
1960 2990 2085 3031 cum
2114 2974 2229 3037 Deo
2257 2975 2311 3031 in
2339 2990 2579 3051 genere.

566 3062 669 3119 Per
702 3077 1104 3134 quamcumque
1140 3062 1308 3133 igitur
1333 3062 1572 3134 speciem
1608 3068 1852 3119 creatam
1886 3077 1992 3117 non
2014 3061 2190 3120 solum
2224 3063 2561 3137 sensibilem,

564 3150 660 3213 sed
686 3148 1099 3222 intelligibilem,
1115 3150 1260 3216 Deus
1286 3150 1541 3221 cognosci
1570 3164 1666 3221 per
1689 3148 1981 3213 essentiam
2002 3165 2107 3211 non
2128 3157 2329 3223 potest.
2345 3155 2431 3212 Ad
2458 3156 2563 3212 hoc

564 3238 730 3309 igitur
751 3241 896 3311 quod
917 3242 1032 3313 ipse
1047 3240 1190 3298 Deus
1209 3254 1306 3312 per
1328 3239 1623 3304 essentiam
1638 3245 2018 3309 cognoscatur,
2035 3251 2251 3314 oportet
2278 3244 2423 3316 quod
2444 3245 2561 3318 ipse

564 3325 710 3393 Deus
737 3325 830 3383 fiat
852 3326 1026 3384 forma
1060 3324 1366 3387 intellectus
1393 3325 1572 3397 ipsum
1600 3324 1999 3407 cognoscentiS,
2032 3336 2087 3384 et
2120 3331 2485 3403 conjungatur
2508 3334 2557 3389 ei

562 3429 669 3481 non
696 3414 762 3481 ad
793 3430 953 3483 unam
982 3423 1234 3475 naturam
1263 3413 1725 3486 constituendam,
1738 3414 1837 3471 sed
1866 3416 2009 3473 sicut
2048 3419 2259 3490 species
2294 3419 2559 3493 intelligi-

562 3502 688 3573 bilis
710 3502 1052 3576 intelligenti.
1077 3502 1202 3573 Ipse
1227 3502 1372 3561 enim
1395 3501 1651 3567 sicutest
1666 3520 1827 3565 suum
1846 3521 1984 3575 esse,
2009 3507 2087 3565 ita
2106 3515 2191 3566 est
2204 3503 2305 3567 sua
2327 3510 2553 3592 veritas,

561 3606 689 3667 quae
723 3600 806 3651 est
833 3592 1008 3659 forma
1035 3590 1364 3665 intellectus
1391 3593 1632 3657 Necesse
1668 3600 1752 3655 est
1791 3602 1979 3656 autem
2016 3597 2164 3669 quod
2206 3613 2364 3655 omne
2409 3599 2584 3671 quod-

561 3679 919 3751 consequitur
942 3679 1184 3753 aliquam
1207 3679 1457 3745 formam,
1486 3688 1856 3755 consequatur
1882 3681 2295 3756 dispositionem
2315 3684 2557 3771 aliquam

563 3767 636 3835 ad
677 3767 909 3826 formam
947 3768 1130 3829 illams
1149 3769 1465 3831 Intellectus
1500 3779 1685 3832 autem
1728 3778 1912 3829 noster
1955 3786 2087 3828 non
2102 3781 2189 3829 est
2214 3788 2283 3831 ex
2310 3775 2427 3847 ipsa
2456 3791 2557 3833 sua

564 3862 760 3914 natura
785 3854 842 3913 in
873 3856 1066 3929 ultima
1096 3858 1453 3954 dispositione
1494 3858 1732 3917 existens
1761 3866 2011 3931 respectu
2042 3859 2233 3933 formae
2260 3862 2405 3921 illius
2433 3881 2575 3939 quae3

567 3943 894 4015 estveritas,
923 3946 1056 4019 quia
1083 3946 1168 4017 sic
1190 3962 1229 4004 a·
1250 3943 1519 4018 principio
1544 3943 1722 4018 ipsam
1749 3954 2149 4025 assequeretur.
2182 3951 2413 4024 Oportet
2448 3954 2558 4025 igi,-
