2850 4517
806 387 935 455 viu.
964 403 1043 419 --
1069 388 1136 432 m
1178 388 1536 432 cantoriam
1589 388 1933 432 bonumeam
2255 368 2377 429 455

279 506 288 513 ‘
369 501 702 559 necessaria.
730 502 985 560 Proverb.
1017 518 1125 561 xix
1155 519 1170 561 ε
1199 504 1463 561 Doctrina
1491 500 1603 560 viri
1620 520 1722 577 per
1736 502 2060 576 patientiam
2083 500 2326 559 noscitur
2351 518 2369 557 .·

369 596 428 647 et
453 588 578 647 ideo
601 590 837 664 Spiritus
859 591 1090 649 Sanctus
1118 609 1214 666 per
1243 592 1448 649 donum
1476 592 1761 665 sapientiae
1798 589 1932 648 facit
1958 605 2055 647 nos
2085 598 2291 663 petere,
2320 578 2377 643 ει

373 691 468 749 ρει·
493 676 598 735 hoc
623 679 970 748 pervenimus
1006 679 1075 736 ad
1101 678 1498 736 beatitudinem
1528 678 1596 736 ad
1639 694 1804 752 quam
1844 676 2061 733 ordinat
2090 691 2216 749 pax,
2244 675 2377 748 quia

371 782 468 841 per
508 764 826 837 patientiam
866 782 1060 840 pacem
1104 767 1367 824 habemus
1407 777 1463 823 et
1504 768 1561 823 in
1600 773 1844 839 tempore
1881 780 2162 839 prospero,
2195 770 2249 822 et
2274 764 2379 821 ad-

355 870 532 911 xverso
566 872 579 909 :
611 861 669 910 et
695 856 817 914 ideo
844 856 1061 930 pacifici
1099 856 1357 913 dicuntur
1396 856 1494 912 filii
1523 854 1643 922 Dei,
1674 856 1805 929 quia
1842 861 1971 913 sunt
2008 852 2215 910 similes
2241 855 2376 918 Deo,
2459 878 2465 885 ·

372 944 503 1017 quia
529 943 673 1000 sicut
694 944 806 1001 Deo
837 944 968 1002 nihil
997 960 1195 1003 nocere
1219 952 1421 1018 potest,
1453 944 1531 1001 ita
1561 960 1662 1000 neo
1686 945 1786 1011 εἰε,
1815 944 1946 1016 quia
1970 959 2071 1001 nec
2095 957 2376 1016 prospera,

372 1049 474 1089 nec
497 1031 728 1089 adversa
759 1048 773 1087 :
802 1040 859 1089 ει
883 1034 1005 1091 ideo
1028 1034 1176 1091 beati
1213 1034 1447 1107 pacifici,
1470 1034 1729 1106 quoniam
1756 1032 1849 1089 filii
1878 1033 1977 1089 Dei
2017 1031 2376 1089 vocabuntur.

372 1125 560 1187 Amen,
589 1129 673 1178 εει
696 1121 1040 1178 confirmatio
1066 1121 1391 1179 universalis
1417 1122 1661 1178 omnium
1691 1119 2037 1194 petitionum.

719 1255 1145 1337 Compendiosa
1171 1256 1463 1337 expositio
1489 1258 1679 1319 totius
1702 1256 1997 1319 orationis
2016 1281 2041 1318 .-

442 1379 611 1435 Pater
643 1386 843 1437 noster.
873 1380 948 1436 Ut
993 1379 1047 1435 in
1084 1395 1297 1436 summa
1346 1386 1669 1452 exponatur,
1696 1380 1978 1436 sciendum
2027 1386 2110 1435 est
2145 1378 2290 1450 quod
2324 1377 2377 1432 in

378 1469 620 1525 oratione
646 1468 929 1525 Dominica
952 1468 1304 1525 continentur
1325 1469 1508 1523 omnia
1533 1482 1659 1541 quae
1679 1466 2079 1534 desiderantur,
2112 1472 2168 1522 ει
2196 1467 2381 1522 omnia

375 1572 501 1631 quae
529 1556 832 1629 fugiuntur.
857 1558 1005 1613 Inter
1050 1556 1232 1613 omnia
1277 1564 1462 1612 autem
1487 1555 1871 1612 desiderabilia
1902 1555 2032 1610 illud
2056 1555 2181 1628 plus
2227 1554 2382 1609 desi-

375 1646 618 1711 deratur,
650 1646 793 1718 quod
820 1646 941 1719 plus
966 1653 1202 1710 amatur,
1230 1652 1285 1701 et
1310 1644 1414 1700 boc
1442 1651 1527 1700 est
1551 1646 1702 1701 Deus
1734 1660 1746 1699 :
1778 1652 1833 1699 et
1858 1644 1981 1700 ideo
2022 1646 2201 1717 primo
2230 1639 2383 1715 ‘p'etis

374 1734 608 1809 gloriam
632 1735 732 1789 Dei
759 1748 886 1789 cum
915 1733 1054 1789 dicis
1081 1749 1094 1787 :
1121 1732 1502 1804 Sanctificetur
1526 1748 1714 1789 nomen
1763 1740 1932 1789 tuum.
1962 1737 2007 1788 Α
2036 1728 2147 1787 Deo
2196 1738 2382 1788 autem

377 1822 738 1879 desideranda
781 1832 906 1878 sunt
950 1823 1056 1879 tria
1094 1836 1220 1894 quae
1267 1824 1543 1895 pertinent
1586 1821 1655 1878 ad
1699 1828 1772 1878 te.
1818 1822 2057 1877 Primum
2096 1829 2198 1886 est,
2230 1821 2381 1891 quod

376 1911 664 1984 pervenias
689 1910 758 1967 ad
787 1912 958 1967 vitam
1002 1918 1286 1977 aeternam,
1319 1918 1376 1966 et
1416 1910 1521 1967 boc
1548 1910 1690 1984 petis
1730 1926 1855 1966 cum
1896 1909 2035 1965 dicis
2067 1926 2080 1963 ε
2110 1907 2381 1981 Adveniet

378 2014 600 2071 requam
627 2004 796 2055 tuum.
829 1998 1138 2055 Secundum
1165 2006 1270 2065 est,
1297 1999 1446 2072 quod
1483 1998 1655 2056 facias
1690 1998 2030 2054 voluntatem
2054 1996 2151 2053 Dei
2178 1992 2234 2051 et
2252 1999 2379 2069 jus-

377 2089 579 2155 titiam,
609 2094 666 2143 et
690 2088 792 2143 hoc
822 2088 962 2160 petis
986 2103 1114 2145 cum
1138 2087 1276 2144 dieis
1308 2104 1320 2143 :
1353 2086 1485 2145 Fiat
1510 2084 1754 2144 voluntas
1792 2094 1890 2143 tua
1928 2085 2070 2144 sicut
2095 2084 2156 2141 in
2180 2084 2301 2140 coelo
2330 2091 2382 2141 ct

378 2176 438 2231 in
461 2186 634 2232 terra.
664 2176 909 2232 Tertium
935 2182 1038 2245 εει,
1072 2182 1132 2231 ιιι
1153 2175 1356 2233 babeas
1379 2178 1687 2234 necessaria
1714 2176 1784 2232 ad
1814 2174 2006 2249 vitam,
2035 2180 2092 2230 et
2115 2175 2217 2231 hoc
2240 2173 2384 2246 petis

377 2280 502 2321 cum
528 2266 667 2321 dicis
693 2282 706 2319 :
743 2265 946 2322 Panem
968 2273 1209 2322 nostrum
1232 2266 1603 2338 quotidianum
1622 2265 1693 2321 da
1716 2264 1862 2321 nobis
1889 2262 2041 2320 hodie
2068 2279 2087 2320 .-
2118 2270 2177 2319 ει
2204 2262 2273 2317 de
2296 2260 2382 2315 his

381 2352 554 2409 tribus
588 2354 724 2411 dicit
765 2355 1048 2419 DominuS,
1091 2354 1284 2410 Mattb.
1315 2370 1373 2410 vi
1403 2371 1416 2408 :
1454 2353 1697 2410 Primum
1733 2352 1962 2426 quaerite
1996 2366 2221 2424 regnum
2258 2347 2381 2412 Dei,

379 2450 644 2515 quantum
673 2444 740 2499 ad
770 2443 1004 2515 primum
1034 2460 1047 2496 :
1076 2450 1132 2498 et
1152 2442 1434 2515 justitiam
1452 2445 1584 2517 ejus,
1614 2450 1882 2517 quantum
1930 2441 2000 2497 ad
2040 2439 2340 2497 secundum
2367 2454 2380 2491 ε

379 2538 435 2587 ει
457 2530 565 2586 haec
596 2532 775 2587 omnia
817 2531 1146 2605 adjicientur
1177 2531 1341 2596 vobis,
1371 2541 1637 2605 quantum
1686 2533 1754 2590 ad
1786 2532 2030 2588 tertium.
2062 2530 2159 2587 Illa
2198 2536 2386 2585 autem

379 2634 505 2692 quae
531 2620 752 2673 vitanda
781 2627 926 2684 sunt,
957 2627 1014 2673 et
1043 2619 1318 2689 fugienda,
1347 2627 1476 2674 sunt
1506 2621 1599 2677 illa
1622 2636 1748 2693 quae
1782 2620 2191 2677 contrariantur
2220 2618 2382 2673 bono.

378 2708 586 2764 Bonum
630 2713 816 2761 autem
852 2704 999 2777 quod
1044 2706 1220 2777 primo
1258 2704 1622 2763 desiderabile
1665 2714 1769 2771 est,
1796 2714 1881 2763 εει
1927 2705 2287 2778 quadruplex,
2324 2712 2388 2759 ut

379 2796 588 2851 dictum
611 2800 716 2849 est.
738 2791 806 2849 Et
835 2793 1069 2865 primum
1097 2799 1182 2848 est
1209 2792 1383 2865 gloria
1413 2794 1530 2861 Dei,
1560 2802 1615 2850 et
1646 2793 1771 2851 huic
1806 2793 2016 2850 nullum
2056 2793 2261 2849 malum
2301 2798 2388 2848 est

381 2882 735 2940 contrarium.
768 2880 890 2938 Job.
924 2895 1088 2938 xxxv
1119 2898 1130 2936 :
1167 2880 1226 2937 Si
1269 2882 1585 2953 peccaveris,
1613 2882 1742 2957 quid
1778 2882 1831 2939 ei
1880 2881 2125 2938 nocebis?
2146 2882 2197 2937 si
2237 2882 2385 2953 juste

380 2972 569 3045 egeris,
598 2969 726 3045 quid
747 2969 967 3027 donabis
993 2968 1084 3025 ei?
1107 2970 1245 3027 Nam
1271 2970 1423 3027 etde
1448 2971 1590 3028 malo
1632 2958 1689 3029 in
1718 2978 1983 3047 quantum
2020 2970 2198 3045 punit,
2229 2976 2287 3026 et
2314 2970 2384 3025 de

379 3062 522 3118 bono
551 3063 608 3117 in
631 3068 898 3134 quantum
934 3066 1264 3126 remunerat,
1291 3058 1526 3118 resultat
1567 3061 1739 3133 gloria
1785 3061 1906 3117 Dei.
1936 3058 2247 3117 Secundum
2275 3057 2383 3114 bo-

383 3157 616 3223 num-est
645 3151 757 3207 vita
781 3158 1005 3217 aeterna,
1037 3156 1094 3207 et
1111 3149 1238 3206 huic
1259 3149 1629 3207 contrariatur
1652 3159 1957 3226 peccatum,
1992 3148 2122 3223 quia
2148 3163 2243 3217 per
2268 3162 2388 3220 pec·

384 3248 568 3297 catum
601 3238 848 3311 perditur
880 3257 893 3294 :
926 3244 983 3294 et
1013 3239 1136 3295 ideo
1178 3238 1249 3297 ad
1286 3239 1388 3296 boc
1437 3240 1824 3296 removendum
1854 3239 2086 3295 dicimus
2118 3254 2131 3291 ε
2166 3236 2389 3293 Dimitte

383 3328 531 3385 nobis
553 3326 726 3385 debita
754 3334 961 3393 nostra,
989 3328 1130 3385 sicut
1157 3336 1207 3384 et
1235 3345 1330 3385 nos
1369 3328 1711 3394 dimittimus,
1758 3328 1887 3385 etc.'
1915 3327 2159 3383 Tertium
2186 3324 2390 3380 bonum

386 3424 470 3475 est
487 3418 727 3489 justitia,
754 3424 809 3472 et
835 3416 978 3473 bona
1001 3432 1187 3489 opera,
1218 3426 1275 3475 et
1299 3417 1431 3474 huic
1453 3419 1822 3475 contrariatur
1846 3414 2097 3479 tentatio,
2126 3414 2256 3485 quia
2282 3418 2393 3467 ten·

295 3520 301 3526 ·
386 3508 622 3562 tationes
648 3505 951 3576 impediunt
980 3520 1078 3563 nos
1112 3522 1146 3561 a
1167 3505 1309 3562 bono
1337 3507 1612 3580 operando
1644 3525 1658 3562 ε
1692 3515 1746 3561 ει
1770 3503 1839 3562 ad
1867 3503 1971 3560 boc
2001 3496 2387 3567 removendum

387 3595 624 3667 petimus
652 3611 665 3649 τ
698 3594 774 3651 Et
809 3609 876 3649 ne
899 3608 992 3649 nos
1019 3592 1240 3650 inducas
1259 3593 1319 3650 in
1349 3596 1711 3652 tentationem.
1742 3592 2007 3663 Quartum
2034 3590 2236 3651 bonum
2260 3594 2391 3644 sunt

387 3682 528 3741 bona
569 3682 895 3751 necessaria,
915 3689 977 3738 et
1013 3681 1142 3739 huic
1167 3683 1572 3740 contrariantur
1601 3682 1963 3740 adversitates
1990 3686 2046 3735 ει
2076 3676 2390 3733 tribulatio-

392 3788 486 3830 nes
518 3789 532 3827 :
562 3782 632 3829 au
656 3772 759 3829 hoc
786 3762 1175 3839 reinovendum
1202 3772 1439 3845 petimus
1468 3790 1481 3825 :
1509 3771 1625 3827 Sed·
1642 3772 1813 3829 libera
1835 3784 1930 3824 nos
1956 3786 1991 3824 a
2013 3766 2174 3823 maio.
2195 3766 2386 3821 Amen.

449 3890 662 3951 Eoeplicit
682 3884 908 3953 apetitio
930 3892 1165 3939 orationis
1188 3890 1439 3935 Dominieoe
1460 3892 1711 3935 secundum
1732 3890 1781 3935 S.
1808 3888 2030 3935 Thomam
2048 3887 2105 3932 do
2125 3883 2325 3941 Aquino,

1084 3962 1265 4007 ordinis
1291 3962 1680 4018 prendit-aterum.
