2850 4517
592 363 737 443 404'
1038 390 1124 437 ·ι.
1168 388 1401 437 πωπω
1443 386 1769 440 mutuans
1809 384 2134 454 ornacum·

594 508 696 578 Dei
722 511 781 575 in
800 508 965 569 bobis
984 516 1214 567 manens
1233 504 1494 565 continue
1515 504 1866 575 meditemur,
1893 506 2028 580 quia
2053 506 2165 571 non
2189 502 2370 566 solum
2390 516 2616 584 oportet

594 600 837 664 credere.
869 598 965 657 aed
996 597 1285 666 meditari;
1314 596 1477 653 aiiter
1507 608 1614 651 non
1643 593 1931 667 prodesset
1965 609 1982 650 ε
2007 602 2064 651 et
2091 595 2402 670 hujusmodi
2429 600 2615 656 medi-

596 689 736 749 tatio
762 687 910 747 valet
947 687 1178 745 multum
1212 692 1406 742 contra
1433 692 1746 756 peccatum.
1789 684 1934 741 Psal.
1975 700 2117 741 cvm
2151 696 2168 743 z
2211 684 2282 743 Iu
2319 686 2477 743 eorde
2499 705 2614 745 meo

596 774 843 837 abscondi
874 774 1083 849 eloquia
1108 782 1231 840 tua,
1256 780 1323 831 ut
1348 789 1454 829 non
1477 788 1679 845 peccem
1707 770 1830 827 tibi.
1873 772 1945 829 Et
1981 772 2184 830 iterum
2220 775 2292 832 de
2314 777 2437 833 viro
2458 779 2613 850 justo

597 868 801 927 dicitur
831 882 845 922 ε
872 864 943 922 Iu
977 865 1081 937 Ieye
1104 862 1219 935 ejus
1244 861 1595 919 meditabitur
1627 860 1713 916 die
1737 877 1802 915 ac
1821 867 1990 917 nocte.
2017 861 2176 919 Unde
2203 863 2459 921 debeata
2483 866 2612 923 Vir·

596 957 725 1029 gine
767 952 991 1019 dicitur,
1035 952 1181 1027 quod
1224 949 1584 1008 conservabat
1625 950 1812 1005 omnia
1846 948 2016 1006 verba
2057 950 2198 1017 haec.
2237 952 2542 1011 conferens'
2559 956 2612 1013 in

598 1042 764 1105 corde
798 1050 917 1101 suo.
954 1040 1183 1112 Quarto,
1214 1044 1432 1113 oportet
1461 1038 1608 1111 quod
1639 1038 1798 1093 bomo
1833 1036 2078 1095 Verbum
2105 1040 2205 1095 Dei
2243 1044 2613 1101 communicet

600 1134 743 1201 aliis,
772 1129 1185 1199 commonendo,
1213 1126 1583 1203 praedicando,
1613 1132 1670 1183 et
1693 1124 2105 1185 inflammando·
2132 1131 2299 1202 Apes.
2325 1130 2465 1203 Eph.
2507 1148 2610 1190 tv:

602 1222 786 1283 Omnis
809 1236 981 1277 sermo
1006 1219 1179 1275 mutua
1218 1234 1284 1275 ex
1308 1232 1402 1273 ore
1439 1222 1614 1275 oestro
1649 1230 1758 1272 uon
1787 1215 2069 1287 procedat,
2103 1216 2196 1273 sed
2232 1218 2281 1274 ei
2307 1219 2425 1291 quis
2453 1218 2615 1277 bonus

600 1311 675 1367 ud
694 1308 1120 1382 ‹edificationem-
1143 1306 1295 1364 Idem
1318 1305 1497 1363 Ceios·
1531 1319 1601 1361 ιιι
1631 1321 1644 1361 :
1681 1302 1908 1361 Verbum
1933 1303 2144 1361 Christi
2166 1305 2365 1365 habitet
2387 1306 2450 1363 in
2470 1308 2618 1364 vobis

601 1396 936 1458 abundanter
955 1394 1017 1452 in
1038 1394 1183 1453 omni
1208 1392 1475 1465 sapientia
1497 1392 1754 1458 docentes,
1777 1398 1834 1449 et
1851 1396 2228 1452 commonentes
2249 1397 2610 1470 nosmetipsos.

600 1486 770 1551 Idem,
782 1484 835 1541 11
848 1484 989 1541 Tim.
1014 1498 1073 1541 tv
1092 1500 1106 1539 ε
1124 1482 1368 1541 Proedioa
1388 1480 1638 1557 Verbum,
1660 1481 2130 1554 insta'opportune,
2145 1482 2476 1555 importune,
2499 1480 2612 1542 etc.

602 1574 805 1633 Ultimo
849 1570 1091 1629 Verbum
1127 1570 1225 1627 Dei
1263 1568 1427 1628 debet
1472 1570 1780 1627 executioni
1813 1558 2086 1627 mandari.
2130 1569 2246 1627 Jac.
2291 1585 2312 1626 1
2346 1587 2372 1625 .:
2420 1570 2620 1629 Estote

602 1664 833 1736 factores
875 1660 1056 1727 Verbi,
1089 1667 1141 1718 et
1166 1675 1273 1717 uon
1300 1658 1573 1717 auditores
1599 1664 1831 1724 tantum,
1857 1658 2096 1733 fallentes
2120 1657 2471 1732 vometiptoa.
2497 1654 2620 1717 ista

604 1752 847 1827 quinque
882 1749 1125 1807 servavit
1164 1762 1260 1822 per
1296 1748 1544 1807 ordinem
1571 1747 1736 1805 beata
1775 1748 1950 1804 Maria
1989 1747 2043 1803 in
2073 1747 2423 1819 generatione
2451 1747 2617 1806 Verbi

605 1841 703 1898 Dei
742 1856 811 1897 ex
836 1854 917 1897 se.
956 1838 1139 1896 Primo
1180 1836 1326 1895 enim
1360 1836 1575 1895 audivit
1614 1854 1627 1892 :
1659 1834 1902 1909 spiritus
1921 1831 2150 1907 Sanetus
2181 1836 2521 1908 superveniet
2556 1836 2618 1893 in

606 1936 675 1986 te.
720 1926 990 1994 Secundo,
1034 1926 1311 1983 consensit
1354 1941 1452 1998 per
1482 1924 1646 1983 fidem
1691 1942 1704 1981 z
1748 1925 1883 1982 Ecce
1910 1923 2110 1981 αησίίὶα
2142 1923 2378 1980 Domini.
2405 1924 2616 1993 Tertio,

605 2016 852 2073 tenuitet
869 2014 1111 2090 portavit
1129 2014 1183 2070 in
1208 2022 1385 2072 utero.
1408 2013 1636 2084 Quarto,
1663 2012 1892 2087 protulit
1911 2018 1966 2068 et
1993 2012 2204 2085 peperit
2223 2028 2368 2068 eum.
2391 2011 2618 2082 Quinto,

606 2105 837 2164 nutrivit,
882 2112 939 2162 et
975 2104 1205 2162 lactavit
1242 2119 1369 2160 eum
1413 2119 1429 2159 t
1462 2103 1604 2160 unde
1645 2102 1892 2159 Ecclesia
1928 2109 2120 2159 cantat
2160 2118 2175 2157 ε
2220 2101 2403 2174 Ipsum
2431 2102 2620 2176 Reyem

606 2194 933 2267 Angelomm
958 2194 1071 2251 sola
1106 2190 1270 2266 Viryo
1296 2190 1524 2249 lactabat
1547 2190 1706 2248 ubere
1729 2190 1793 2246 de
1816 2189 1940 2246 coelo
1955 2190 2140 2262 pleno.

679 2279 784 2347 Qui
820 2288 1093 2353 conceptus
1120 2287 1196 2338 eat
1236 2281 1297 2336 de
1334 2280 1546 2353 Spirttu
1572 2278 1782 2344 Sancto,
1825 2284 1988 2334 uatus
2031 2294 2098 2335 ex
2137 2278 2327 2335 Maria
2373 2278 2619 2351 Vct-aine.

608 2367 731 2426 Non
776 2366 953 2445 solum
992 2373 1078 2425 est
1110 2370 1492 2424 necessarium
1529 2367 1756 2425 credere
1797 2366 2111 2424 Christiano
2153 2367 2354 2424 Filium
2389 2367 2513 2435 Dei,
2545 2366 2624 2425 'ut

608 2461 889 2512 ostensum
920 2463 1025 2521 est,
1064 2455 1159 2512 sed
1190 2455 1370 2513 etiam·
1397 2461 1615 2528 oportet
1634 2456 1875 2513 .credere
1913 2456 2348 2529 incarnationem
2383 2458 2527 2529 ejus.
2554 2456 2628 2513 Et

610 2541 735 2600 ideo
771 2541 964 2600 beatus
994 2544 1232 2601 loannes
1263 2550 1558 2617 postquam
1594 2544 1810 2601 dixerat
1851 2544 2032 2601 ‚muita
2072 2544 2297 2601 subtilia
2321 2551 2379 2601 et
2425 2545 2622 2611 ardua,

608 2637 1007 2706 consequenter
1050 2630 1293 2702 insinuat
1321 2632 1479 2689 nobis
1513 2633 1636 2705 ejus
1662 2632 2116 2703 incarnationem,
2155 2648 2282 2689 cum
2315 2632 2458 2689 dicit
2504 2634 2628 2691 :Et

621 2719 849 2779 Verbum
884 2735 1013 2776 caro
1054 2719 1363 2795 factumest
1402 2736 1423 2780 .·
1469 2727 1526 2777 et
1553 2730 1614 2778 ut
1641 2721 1711 2778 de
1739 2722 1844 2777 hoc
1869 2719 2076 2793 aliquid
2119 2736 2315 2795 capere
2347 2721 2632 2795 possimus

611 2807 723 2864 duo
750 2806 997 2879 exempla
1027 2821 1226 2879 ponam
1256 2808 1313 2864 in
1342 2807 1601 2865 medium.
1632 2808 1862 2864 Constat
1889 2808 2036 2881 quod
2067 2806 2205 2864 Filio
2231 2806 2332 2863 Dei
2369 2806 2508 2863 nibil
2541 2814 2632 2864 eat

610 2897 689 2952 ita
718 2894 897 2951 simite
919 2895 1063 2951 sicut
1082 2895 1323 2953 Verbum
1348 2896 1403 2951 in
1427 2896 1802 2953 cordeinostro
1820 2901 2167 2969 conceptum,
2194 2910 2301 2952 non
2325 2894 2628 2967 prolatum.

610 2983 805 3043 Nullus
846 2992 1033 3040 autem
1058 2986 1340 3057 cognoscit
1371 2983 1606 3043 Verbum
1642 2984 1774 3040 dum
1814 2992 1898 3042 est
1940 2985 1998 3040 in
2021 2983 2190 3040 corde
2227 2980 2486 3051 bominis,
2517 2984 2634 3041 nisi

612 3070 706 3126 ille
740 3071 835 3144 qui
862 3072 1121 3145 concipit,
1168 3072 1265 3127 sed
1295 3077 1428 3127 tunc
1457 3073 1633 3145 primo
1657 3072 2006 3144 cognoscitur
2045 3060 2173 3128 cum
2204 3070 2504 3145 profertur.
2531 3071 2632 3128 Sic

612 3156 853 3218 Verbum
884 3159 985 3217 Dei
1007 3159 1285 3218 dum'erat
1314 3161 1368 3216 in
1406 3161 1573 3217 corde
1600 3161 1806 3229 Patris‚·
1841 3176 1949 3217 non
1987 3158 2420 3231 cognoscebatur
2445 3159 2562 3215 nisi
2595 3174 2634 3217 a

612 3248 775 3307 Patre
802 3254 1037 3319 tautum,
1068 3248 1163 3305 sed
1191 3262 1357 3305 carne
1381 3247 1632 3305 indutum
1659 3248 1800 3306 sicut
1827 3248 2066 3305 Verbum
2097 3262 2254 3316 voce,
2287 3254 2420 3303 tunc
2445 3248 2636 3321 primo

615 3334 963 3398 manifestum
990 3353 1048 3393 et
1082 3336 1361 3407 cognitum
1395 3342 1502 3391 est.
1541 3336 1736 3394 Baruc.
1779 3351 1848 3394 ιιι
1880 3354 1895 3392 2
1922 3335 2166 3395 Posthac
2187 3334 2252 3392 in
2285 3335 2458 3394 term}
2479 3334 2636 3393 vius

614 3430 710 3489 est,
752 3430 805 3481 et
831 3439 947 3480 cum
967 3418 1279 3481 nominibus
1304 3431 1644 3483 conversatus
1679 3432 1774 3483 est.
1813 3424 1976 3482 Aliud
2009 3423 2319 3497 exemplum
2347 3429 2454 3491 eet,
2493 3424 2638 3497 quia

616 3510 743 3567 iicet
784 3510 1018 3570 Verbum
1046 3510 1317 3586 prolatum
1344 3519 1707 3585 cognoscatur
1754 3529 1850 3585 per
1876 3513 2145 3581 auditum,
2176 3521 2362 3570 tamen
2386 3527 2501 3569 non
2539 3513 2640 3570 vi·-

614 3600 777 3655 detur
810 3615 915 3656 nec
946 3591 1189 3672 tangitur
1216 3600 1312 3657 sed
1351 3616 1480 3657 cum
1515 3599 1774 3657 scribitur
1815 3602 1872 3657 in
1897 3600 2110 3671 charta,
2143 3610 2273 3659 tunc
2307 3600 2538 3658 videtur
2577 3606 2640 3659 et

618 3686 883 3757 tangitur.
924 3686 1017 3753 Sic
1054 3694 1111 3743 et
1142 3686 1379 3746 Verbum
1410 3687 1511 3743 Dei
1549 3693 1608 3744 et
1631 3688 1865 3757 visibile,
1890 3696 1948 3745 et
1975 3688 2239 3762 tangibile
2273 3687 2490 3745 factum
2520 3696 2634 3753 est.

614 3788 741 3829 cum
770 3773 825 3829 in
852 3788 1019 3833 carue
1044 3780 1230 3831 nostra
1266 3774 1372 3831 fuit
1404 3776 1566 3850 quasi
1592 3776 1859 3849 scriptum
1887 3793 1904 3833 z
1941 3783 2000 3833 et
2023 3778 2170 3834 sicut
2197 3775 2394 3833 charta
2429 3776 2490 3833 in
2519 3790 2640 3849 qua

618 3858 853 3915 Verbum
884 3862 1031 3933 regis
1068 3863 1335 3936 scriptum
1360 3871 1466 3932 est,
1510 3862 1982 3925 dicitur-Verbum
2007 3864 2174 3936 regis,
2219 3863 2300 3921 ita
2343 3862 2516 3920 homo
2543 3863 2642 3919 cni

616 3944 963 4017 conjunctum
992 3956 1079 4005 est
1103 3950 1339 4009 Verbum
1365 3948 1470 4007 Dei
1504 3950 1566 4007 in
1589 3966 1698 4008 una
1723 3951 2032 4028 hypostasi.
2053 3950 2478 4011 dicitas-fuine
2505 3951 2642 4009 Dei.
