2850 4517
472 398 591 456 3228
952 413 1002 457 s.
1050 412 1283 455 ‘mouns
1325 394 1668 463 AQUI'NATIS,
1697 410 2006 454 croscum

476 535 723 600 pasceret
752 545 765 582 ε
812 527 956 600 quod
984 527 1097 599 ipse
1129 527 1387 594 retinenS‚
1420 526 1557 582 alios
1590 526 1657 582 ad
1695 526 1798 582 hoc
1843 526 2020 598 ipsum
2049 526 2372 586 exhortatur
2403 531 2496 587 di·-

473 635 621 685 cenS,
666 619 862 673 IPetr.
907 617 985 671 ult
1018 635 1031 671 ε
1062 616 1291 681 Pascite,
1339 616 1518 688 quiin
1559 615 1702 672 vobis
1731 623 1826 683 est,
1869 633 2080 689 yreqem
2124 619 2368 676 Domini.
2423 623 2494 678 Et

473 708 769 778 Gregorius
797 706 933 762 dicit
974 705 1029 761 in
1060 705 1387 761 auctoritate
1427 721 1592 777 supra
1621 703 1868 773 inducta,
1897 721 1966 762 ex
1991 723 2228 779 persona
2258 709 2495 781 Episco-

476 812 667 869 porum
694 796 923 868 loquens
954 811 970 849 ε,
999 815 1027 848 οι
1054 794 1339 852 Exteriora
1365 802 1552 850 nostra
1579 793 2011 850 misericorditer
2039 795 2234 852 ovibus
2263 798 2381 870 ejus
2407 799 2494 854 de·

472 883 663 940 bemus
700 884 1014 957 impendere
1038 903 1063 935 1>
1098 899 1111 938 :
1140 889 1197 938 et
1236 888 1427 956 postea
1455 881 1643 938 subdit
1663 899 1686 938 .:
1721 901 1746 936 a
1775 883 1880 952 Qui
1910 899 2018 940 non
2048 885 2144 940 dat
2171 903 2270 959 pro
2294 887 2494 943 ovibus

472 975 837 1032 substantiam
880 989 1033 1031 suam
1064 972 1283 1046 quando
1330 988 1430 1046 pro
1472 973 1556 1029 his
1597 972 1826 1030 datur-ss
1870 980 1954 1030 est
2002 974 2246 1032 animam
2291 977 2492 1034 suam?

470 1064 580 1136 Ipsi
623 1064 792 1120 etiam
828 1063 1081 1135 Episcopi
1133 1063 1203 1119 ad
1254 1063 1569 1120 castitatem
1612 1061 1944 1134 obligantur.
1995 1064 2138 1120 Nam
2176 1080 2303 1122 cum
2353 1067 2490 1124 alios

470 1153 737 1210 mundare
765 1151 1019 1222 debeant,
1050 1152 1198 1224 ipsos
1228 1153 1502 1224 praecipue
1543 1153 1798 1210 convenit
1834 1167 1954 1208 esse
1995 1154 2248 1210 mundos,
2277 1173 2304 1208 2>
2334 1156 2491 1212 Unde

470 1242 769 1317 Dionysius
810 1241 963 1309 dicit,
994 1257 1082 1298 111.
1126 1249 1251 1316 cap.
1295 1241 1420 1298 coel.
1460 1239 1663 1310 hierar,
1710 1241 1856 1314 quod
1900 1243 2222 1315 purgativos
2268 1245 2491 1302 ordines

470 1337 687 1402 oportet
716 1348 783 1388 ex
824 1330 1157 1387 abundantia
1194 1329 1536 1403 purgationis
1567 1329 1689 1387 aliis
1715 1329 1932 1386 tradere
1965 1330 2034 1386 de
2065 1332 2286 1404 propria
2314 1334 2488 1388 casti-

470 1425 607 1476 tate.
646 1421 717 1478 Et
766 1421 991 1494 quidem
1032 1419 1275 1491 religiosi
1304 1435 1400 1492 per
1429 1424 1620 1476 votum
1657 1419 1988 1495 obedientias
2033 1436 2093 1476 se
2134 1421 2224 1476 uni
2255 1422 2488 1494 praelato

464 1509 769 1581 ‘subjiciunt
800 1527 815 1566 ι
844 1509 1147 1582 Episcopus
1166 1524 1295 1566 vero
1324 1525 1544 1566 servum
1567 1526 1626 1566 se
1655 1508 1944 1567 constituit
1963 1510 2218 1578 omnium,
2245 1527 2487 1582 quorum

470 1613 659 1655 curam
702 1599 954 1667 assumit,
1002 1599 1135 1655 dum
1165 1606 1402 1670 tenetur,
1455 1614 1562 1656 non
1613 1598 1750 1672 quod
1775 1605 2039 1656 suntme-st
2086 1614 2344 1671 quaerere,
2388 1599 2485 1656 sed

469 1687 607 1762 quod
630 1687 836 1755 mttltis,
865 1694 928 1744 ut
950 1687 1085 1744 salvi
1108 1687 1364 1759 {iana-ut
1392 1687 1530 1744 dicit
1556 1687 1872 1761 Apostolus,
1903 1689 1928 1744 Ι
1956 1686 2198 1744 Corinth.
2228 1703 2290 1744 x.
2319 1687 2486 1744 Unde

468 1783 586 1852 ipse
614 1777 683 1836 de
711 1778 893 1850 seipso
914 1777 1052 1834 dicit
1080 1793 1164 1834 lx.
1190 1792 1243 1832 c.
1270 1776 1515 1850 ejusdem
1541 1776 1801 1848 Epistolae
1840 1793 1854 1832 ε
1890 1776 2025 1834 Cum
2052 1775 2188 1832 liber
2225 1792 2386 1834 essem
2423 1793 2492 1833 ex

466 1865 731 1933 omnibus,
774 1865 1009 1922 omnium
1046 1881 1127 1922 me
1160 1881 1371 1922 servum
1395 1863 1522 1936 feci.
1567 1865 1636 1922 Et
1674 1866 1722 1921 11
1750 1863 1998 1921 Corinth.
2047 1879 2107 1923 ιν
2151 1882 2167 1920 :
2208 1864 2338 1924 Non
2358 1881 2490 1922 nos-

468 1956 713 2029 metipsos
734 1955 1110 2029 pra-dicamus,
1136 1956 1225 2011 sed
1250 1954 1432 2012 Iesum
1469 1953 1746 2012 Christum
1774 1953 2064 2010 Dominum
2092 1959 2355 2021 nostrum,
2391 1971 2486 2012 nos

387 2109 395 2116 ,
468 2052 646 2102 autem
679 2061 855 2102 servos
876 2052 1075 2102 vestros
1102 2060 1203 2118 per
1222 2029 1445 2101 ‘Iesum
1490 2044 1645 2102 Unde
1683 2050 1740 2100 et
1767 2043 2106 2100 consuetudo
2136 2042 2379 2112 inolevit,
2423 2053 2485 2101 ut

466 2148 715 2192 summus
753 2133 1002 2192 Pontifex
1049 2148 1107 2188 se
1158 2132 1363 2190 scribat
1402 2147 1622 2190 servum
1655 2147 1940 2190 servorum
1978 2131 2102 2188 Dei.
2147 2132 2299 2190 Unde
2327 2139 2482 2204 patet

465 2222 845 2296 Episcopalem
872 2229 1079 2279 statum
1110 2221 1331 2292 majoris
1361 2220 1714 2294 perfectionis
1741 2235 1881 2288 esse,
1923 2236 2091 2294 quam
2119 2229 2324 2278 statum
2349 2221 2486 2278 reli-

464 2313 665 2384 gionis.
694 2313 919 2378 lterum,
949 2310 1247 2383 Dionysius
1278 2308 1434 2374 dicit,
1474 2325 1556 2367 vi.
1600 2325 1652 2365 c.
1678 2308 1946 2368 Ecclesia.
1986 2309 2330 2379 hierarchiae,
2363 2327 2486 2368 mo-

468 2401 768 2458 nachorum
807 2401 1054 2455 ordinem
1092 2415 1198 2454 non
1246 2413 1365 2454 esse
1394 2398 1750 2455 adductivum
1788 2398 2040 2466 aliorum,
2073 2399 2169 2456 sed
2215 2401 2274 2456 in
2302 2401 2484 2474 seipso

467 2494 708 2546 stantem
736 2488 793 2543 in
834 2485 1098 2558 singulari
1138 2492 1196 2542 et
1224 2491 1415 2544 sancta
1459 2486 1721 2544 statione.
1750 2487 1835 2544 Ad
1863 2488 2164 2562 Episcopus
2196 2495 2383 2546 autem
2417 2505 2484 2546 ex

466 2576 801 2648 obligatione
840 2576 956 2632 voti
991 2575 1228 2648 pertinet
1278 2574 1417 2632 alios
1463 2574 1533 2632 ad
1581 2577 1756 2633 Deum
1800 2576 2093 2634 adducere.
2142 2578 2291 2636 Dicit
2336 2579 2481 2634 enim

467 2667 637 2739 Greg.
668 2681 831 2737 super
870 2665 1065 2746 Ezech.
1099 2665 1245 2738 quod
1274 2663 1482 2720 nullum
1517 2665 1848 2722 sacrificium
1885 2672 1971 2726 est
2013 2667 2190 2740 magis
2227 2669 2342 2724 Deo
2380 2683 2480 2724 ac·

466 2762 706 2826 ceptum,
739 2771 907 2827 quam
939 2752 1090 2812 zelus
1113 2754 1438 2812 animarum.
1465 2753 1613 2810 Ordo
1643 2755 1810 2826 igitur
1833 2751 2227 2830 Episcoporum
2264 2755 2480 2830 perfec-

464 2844 712 2902 tissimus
734 2849 840 2901 est.
870 2844 987 2900 Hoc
1014 2849 1200 2902 autem
1228 2843 1511 2901 evidenter
1533 2844 1840 2902 ostenditur
1863 2860 1932 2904 ex
1953 2844 2216 2904 Ecclesiae
2241 2861 2482 2904 consue-

463 2935 672 3004 tudine,
739 2950 835 3007 per
875 2949 1043 3007 quam
1086 2934 1325 3005 religiosi
1379 2948 1411 2990 a
1469 2941 1695 2989 suorum
1754 2932 2111 2991 Praelatorum
2162 2934 2482 2992 obedientia

464 3022 729 3091 absolutis
761 3022 830 3080 ad
870 3023 1231 3097 Episcopatus
1258 3021 1508 3079 ordinem
1536 3028 1911 3080 assumuntur.
1949 3022 2106 3095 Quod
2141 3023 2368 3096 quidem
2409 3022 2486 3080 li·

460 3111 637 3168 citum
663 3128 773 3168 non
800 3121 964 3178 esset,
998 3111 1103 3166 nisi
1129 3110 1472 3184 Episcopalis
1497 3116 1674 3168 status
1703 3116 1848 3168 esset
1874 3111 2190 3184 perfectior.
2215 3112 2490 3185 Sequitur

462 3201 610 3256 enim
633 3199 877 3258 Ecclesia
898 3200 998 3256 Dei
1021 3199 1175 3256 Pauli
1200 3201 1551 3270 sententiam,
1583 3199 1678 3274 qui
1709 3198 1864 3270 dicit,
1899 3199 2018 3258 lad
2045 3189 2294 3260 Corinth.
2324 3215 2420 3262 ιιι
2463 3218 2485 3260 2

461 3287 822 3348 AEmutamim·
848 3289 1175 3348 charismata
1199 3288 1448 3348 meliora.

1172 3459 1456 3528 CAPUT
1517 3460 1764 3532 XVIII.

524 3601 769 3668 Solutio
794 3602 1127 3676 rationum,
1158 3599 1378 3682 quibus
1404 3601 1764 3684 impuynari
1785 3599 2104 3666 videbatur
2123 3603 2422 3682 perfectio

1145 3689 1532 3772 pontificalis
1567 3695 1791 3754 status.

484 3871 493 3881 .
529 3823 608 3880 Ea
633 3840 763 3882 vero
786 3840 913 3898 quae
939 3823 997 3880 in
1014 3824 1353 3882 contrarium
1372 3824 1724 3897 objiciuntur,
1749 3839 1859 3880 non
1883 3831 1970 3881 est
1995 3795 2218 3880 difficile
2239 3823 2493 3887 solvere.

460 3911 729 3968 Perfectio
758 3912 901 3975 enim
927 3911 1239 3970 dilectionis
1269 3913 1521 3986 proximi,
1555 3920 1615 3968 ut
1651 3928 1818 3984 supra
1854 3911 2066 3969 dictum
2095 3919 2198 3980 est,
2241 3927 2308 3970 ex
2345 3929 2497 3984 per-

462 3998 697 4053 sectione
720 3998 921 4070 divinae
944 4001 1255 4060 dilectionis
1282 4001 1583 4069 derivatur,
1611 4015 1736 4076 quae
1764 4000 1988 4073 quidem
2016 4007 2234 4060 tantum
2260 3999 2317 4058 in
2344 4016 2497 4060 cor-
