2850 4517
825 507 1836 732 EXPOSITIOVggVOTISSIMA

443 788 1280 1003 ORATIONIS
1420 836 2188 993 DOMINICAE
2292 880 2301 891 ·

897 1198 1246 1281 PATER
1332 1202 1755 1285 NOSTER

941 1370 1084 1433 (Edit.
1111 1374 1240 1421 Rom.
1273 1346 1557 1434 opusculum
1595 1344 1713 1439 VII.)

395 1641 561 1699 Pater
586 1646 787 1697 noster.
804 1639 952 1695 luter
979 1637 1116 1696 alias
1145 1640 1440 1708 orationeS,
1466 1641 1643 1697 oratio
1663 1642 1949 1702 Dominica
1974 1645 2331 1718 principalior

326 1732 621 1789 invenitur.
647 1727 824 1785 Habet
849 1728 994 1784 enim
1039 1727 1282 1800 quinque
1324 1727 1665 1795 excelientia,
1690 1740 1818 1803 quaet
1858 1732 1911 1787 in
1951 1733 2198 1791 oratione
2232 1752 2325 1791 re·-

325 1820 635 1894 quiruntur.
686 1813 858 1873 Debe't
903 1817 1050 1873 enim
1095 1831 1216 1872 esse
1265 1818 1444 1874 oratio
1489 1833 1702 1884 secura,
1736 1825 1907 1887 recta,
1962 1821 2237 1892 ordinata,
2274 1834 2329 1879 et

326 1909 567 1967 humilis.
615 1908 819 1965 Secura
864 1906 1105 1979 quidem,
1139 1911 1202 1962 ut
1251 1922 1368 1961 cum
1405 1905 1607 1979 fiducia
1653 1906 1900 1969 adeamus
1951 1908 2023 1965 ad
2075 1910 2325 1968 thronum

323 1998 519 2073 qratioe
559 1998 692 2070 ejus,
725 2002 786 2051 ut
836 1996 1038 2051 dicitur
1079 1995 1244 2052 Hebr.
1274 2010 1350 2051 iv.
1383 1996 1443 2051 In
1488 1996 1593 2052 fide
1634 1996 1811 2053 etiam·
1844 2012 1953 2055 non
1989 1998 2326 2058 deficiente&

327 2088 539 2145 Dicitur
563 2087 708 2143 enim
729 2084 918 2142 Jacob.
946 2101 969 2142 1
997 2102 1012 2141 ε
1039 2086 1272 2143 Postulat
1315 2090 1492 2141 autem
1513 2084 1573 2141 in
1599 2085 1703 2156 fide
1725 2085 1865 2143 nihil
1910 2086 2181 2143 haesitans.
2213 2089 2327 2147 Ra-

329 2176 661 2233 tionabiliter
690 2183 874 2232 autem
897 2174 1016 2233 haec
1043 2176 1221 2231 oratio
1248 2181 1333 2233 est
1357 2174 1708 2233 securissima
1736 2192 1749 2230 :
1779 2184 1863 2232 est
1892 2177 2039 2233 enim
2062 2176 2133 2234 ab
2156 2178 2328 2234 advo-

326 2274 452 2323 cato
477 2272 662 2323 nostro
686 2265 940 2332 formata,
970 2263 1066 2338 qui
1103 2273 1188 2321 est
1233 2265 1931 2338 sapientissimuspetitor,
1964 2265 2023 2321 in
2066 2282 2168 2338 quo
2206 2275 2329 2325 sunt

328 2372 503 2427 omnes
528 2354 767 2412 thesauri
793 2353 1094 2427 sapientia»,
1115 2360 1178 2409 ut
1204 2354 1405 2411 dicitur
1438 2353 1508 2409 ad
1538 2354 1815 2424 Colosens.
1843 2370 1907 2415 η.
1938 2355 2018 2411 De
2050 2372 2161 2429 quo
2184 2356 2329 2412 dici·

328 2454 418 2503 tur
447 2446 470 2503 1
493 2446 650 2501 Joan.
685 2460 728 2501 11
760 2460 773 2497 ε
806 2443 1131 2500 Advocatum
1159 2442 1403 2500 habemus
1425 2442 1571 2516 apud
1590 2439 1854 2517 pamm-.-
1880 2444 2025 2503 unde
2053 2443 2189 2501 dicit
2217 2446 2329 2519 Cy·

327 2534 550 2609 prianus
577 2534 632 2589 in
663 2532 800 2587 libro
824 2532 894 2587 de
912 2533 1164 2601 oratione
1189 2533 1495 2591 dominica:
1522 2554 1547 2585 α
1573 2534 1707 2589 Cum
1732 2533 2007 2589 Christum
2032 2532 2327 2594 habeamus

328 2623 658 2680 advocatum
685 2618 840 2689 apud.
855 2624 1065 2689 patrem
1093 2635 1192 2691 pro
1223 2620 1463 2691 peccatis
1490 2622 1711 2686 uostri3‚
1736 2621 1955 2691 quando
1982 2636 2081 2694 pro
2109 2622 2325 2679 delictis

327 2710 532 2770 nostris
559 2706 812 2780 petimuS,
840 2704 1091 2762 advocati
1123 2707 1292 2761 nostri
1319 2706 1486 2762 verba
1515 2721 1881 2779 proponamus
1904 2727 1952 2761 ».
1974 2708 2215 2767 Uitorius
2230 2726 2325 2767 se-
2410 2710 2415 2716 '

327 2799 511 2859 curior
551 2800 779 2869 apparet
825 2810 890 2849 ex
939 2792 1061 2859 boc,
1095 2794 1240 2865 quod
1277 2794 1394 2865 ipsa
1438 2796 1531 2866 qui
1572 2794 1875 2851 orationem
1930 2796 2153 2861 exaudit
2200 2812 2361 2853 cum·

328 2896 502 2963 patre,
537 2884 738 2941 docuit·
757 2898 857 2938 nos
896 2896 1073 2950 orare,
1107 2882 1404 2939 secundum
1436 2881 1569 2937 iilud
1600 2882 1797 2939 Psalm.
1826 2900 1899 2939 xc
1929 2899 1952 2954 t·
1973 2882 2235 2951 Clamo-bit
2256 2885 2327 2940 ad

327 2995 430 3043 me,
443 2984 491 3033 et
512 2992 600 3047 eqo
621 2972 904 3029 exaudiam
917 2988 1064 3029 eum:
1083 2971 1228 3027 undo
1253 2970 1386 3028 dicit
1405 2971 1739 3045 Cyprianus:
1757 2991 1783 3024 α
1799 2972 2009 3041 Amica,
2023 2970 2328 3041 familiaria,

331 3076 387 3123 et
415 3066 612 3122 devota
635 3071 725 3141 *est
749 3063 946 3129 oratio,
973 3061 1265 3117 Dominum
1293 3060 1361 3116 de
1384 3076 1485 3119 suo
1515 3076 1707 3132 rogare
1728 3080 1777 3122 n.
1802 3060 1957 3118 Unde
1980 3060 2054 3117 ab
2078 3060 2182 3117 hac
2200 3075 2329 3117 ora-

331 3157 480 3215 tione
508 3168 787 3226 nunquam
817 3154 934 3209 sine
971 3151 1153 3209 fructu
1192 3147 1488 3218 receditur,
1523 3165 1649 3206 nam
1679 3166 1773 3222 per
1813 3166 1936 3207 eam
1966 3150 2201 3207 venialia
2239 3150 2329 3207 di·-

333 3247 644 3309 mittuntur‚
674 3249 735 3297 ut
757 3241 892 3298 dicit
921 3244 1153 3312 August.
1182 3239 1356 3296 Debet
1393 3240 1563 3296 etiam
1586 3254 1707 3295 esse
1742 3240 1920 3296 oratio
1945 3247 2128 3296 nostra
2158 3248 2325 3309 recta,
2382 3290 2389 3297 .

331 3343 394 3389 ut
429 3338 582 3405 petat
629 3344 794 3386 orans
841 3345 873 3386 a
914 3330 1027 3386 Deo
1070 3345 1194 3403 quae
1230 3329 1335 3385 sibi
1379 3320 1731 3386 conveniunt.
1770 3328 1909 3388 Nam
1962 3329 2330 3387 Damascenus

331 3420 510 3476 dicit:
543 3438 570 3471 α
613 3417 806 3475 Oratio
835 3423 921 3472 est
960 3418 1152 3489 petitio
1199 3417 1510 3475 decentium
1538 3432 1590 3491 3a
1617 3418 1732 3474 Deo
1779 3436 1831 3472 n.
1861 3416 2136 3472 Multoties
2184 3416 2329 3474 enim

332 3524 440 3565 non
495 3505 787 3564 exauditur
828 3506 1026 3575 oratio,
1070 3506 1202 3579 quia
1240 3506 1550 3567 indecentia
1587 3505 1952 3579 postulantur.
1994 3504 2181 3561 Jacob.
2226 3520 2331 3563 lv:

330 3596 542 3662 petitis,
567 3604 620 3653 et
647 3612 755 3651 non
791 3594 1055 3668 accipitis,
1081 3610 1138 3650 eo
1175 3594 1311 3667 quod
1337 3596 1473 3666 mala
1512 3595 1730 3669 petatis.
1778 3594 1929 3651 Scire
1972 3600 2157 3652 autem
2199 3593 2334 3667 quid

331 3687 408 3743 sit
435 3685 751 3759 petendum,
783 3684 1164 3740 difficillimum
1201 3692 1303 3750 est,
1337 3700 1463 3741 cum
1503 3682 1881 3744 difficillimum
1910 3683 1984 3739 sit
2026 3683 2167 3739 scire
2205 3681 2336 3756 quid

331 3775 405 3831 sit
428 3773 874 3834 desiderandum.
907 3772 984 3830 Ea
1010 3774 1154 3829 enim
1183 3788 1310 3846 quae
1335 3774 1482 3830 licite
1508 3779 1785 3846 petuntur,
1816 3772 1871 3828 in
1901 3773 2147 3830 oratione
2189 3771 2337 3828 licite

330 3862 717 3921 desiderantur
747 3870 850 3919 :et
879 3863 1002 3919 ideo
1039 3861 1287 3936 Apostol.
1317 3861 1453 3919 dicit
1476 3860 1545 3918 ad
1587 3863 1817 3920 Roman.
1866 3877 1973 3919 vm
2001 3878 2015 3917 ε
2040 3859 2184 3921 Nam
2212 3860 2341 3934 quid

330 3966 544 4011 oremus
571 3952 712 4010 sicut
748 3958 977 4025 oportet,
1001 3952 1276 4009 nescimus.
1311 3952 1433 4025 lpse
1471 3957 1658 4007 autem
1694 3951 1942 4010 Christus
1989 3951 2183 4011 doctor
2208 3955 2337 4011 eat:

845 4068 895 4117 S.
928 4069 1080 4117 Tuon.
1119 4073 1201 4123 Ao.
1237 4070 1499 4118 orosam.»
1530 4089 1573 4107 -
1620 4066 1658 4117 Ι.
1690 4091 1744 4107 -
1768 4067 1830 4119 28
