2850 4517
788 341 899 389 vn.
924 356 1005 373 -
1029 342 1111 388 nn
1152 342 1432 393 sruuono
1480 344 1921 395 apos-romam
2237 332 2359 395 395

346 456 543 532 optimi·
563 454 893 532 philosophi,
918 474 1086 533 quam
1121 458 1434 518 intellectus
1455 460 1648 535 optimi
1675 460 1978 537 philosophi
2013 462 2354 523 intellectum

346 547 561 606 rustici.
586 547 655 604 Et
684 548 845 615 ratio,
870 546 1076 619 stultus
1096 556 1182 621 est
1203 549 1452 624 philoso.·
1465 551 1514 607 si
1543 550 1676 608 nolit
1694 552 1918 609 credere
1937 568 2004 610 ea
2031 554 2156 628 quae
2175 555 2354 629 angeli

345 636 556 704 dicunt,
601 644 659 694 et
686 636 861 694 multo
896 636 1077 709 'magis
1121 637 1169 695 si
1208 637 1345 696 nolit
1372 639 1598 696 credere
1631 656 1696 697 ea
1737 656 1863 715 quae
1904 642 2052 703 Deus
2087 642 2241 700 dicit.
2286 644 2356 701 Et

346 733 541 795 contra
592 725 925 782 hoc..dicitur
962 725 1112 785 Eccl.
1153 740 1287 785 ιιι-ε
1329 726 1584 788 Plurima
1623 745 1791 802 supra
1833 746 2043 787 sensum
2085 732 2356 790 hominum

346 820 554 871 ostensa
590 820 715 875 eunt
749 813 871 870 tibi.
899 812 1107 881 Tertio,
1153 816 1470 889 responderi
1514 824 1716 891 potest,
1761 818 1892 893 quia
1928 820 1976 877 si
2004 820 2164 877 homo
2187 821 2357 881 nollet

346 903 572 965 credere
600 902 702 959 nisi
742 917 808 960 ea
838 918 965 977 quae
995 912 1369 976 cognosceret,
1404 912 1556 963 certe
1596 922 1704 965 non
1733 914 1919 981 posset
1945 908 2131 985 vivere
2165 910 2221 966 in
2249 908 2357 966 hoc

348 991 581 1060 mundo;
608 992 882 1065 quomodo
899 992 1049 1050 enim
1069 992 1268 1068 aliquis
1294 994 1480 1051 vivere
1503 1003 1706 1067 posset,
1737 996 1844 1054 nisi
1869 997 2118 1055 crederet
2142 996 2358 1055 alicui?

348 1079 633 1149 Quomodo
664 1082 831 1138 etiam
860 1081 1108 1140 crederet
1136 1083 1281 1156 quod
1319 1083 1448 1141 talis
1471 1091 1616 1141 esset
1643 1092 1802 1157 pater
1823 1085 2001 1142 suus?
2023 1086 2092 1143 Et
2117 1087 2242 1145 ideo
2269 1093 2356 1144 est

348 1184 593 1234 necesse,
634 1171 781 1244 quod
808 1169 971 1227 homo
997 1170 1189 1228 credat
1225 1171 1390 1229 alicui
1417 1171 1488 1229 de
1514 1173 1584 1229 iis
1611 1188 1737 1246 quas
1762 1172 2004 1247 perfecte
2035 1190 2143 1231 non
2174 1182 2356 1249 potest

348 1256 492 1313 scire
530 1273 625 1331 per
654 1272 714 1315 se
746 1274 760 1314 :
791 1259 889 1316 sed
914 1258 1049 1317 nulli
1074 1267 1159 1317 est
1190 1259 1524 1318 credendum
1549 1262 1693 1317 sicut
1717 1262 1852 1320 Deo.
1890 1263 1960 1319 Et
1997 1262 2120 1321 ideo
2147 1263 2226 1320 illi
2259 1266 2354 1338 qui

349 1360 457 1403 non
480 1347 711 1403 credunt
736 1347 900 1405 dictis
921 1348 1071 1415 fidei,
1096 1363 1204 1405 non
1231 1356 1358 1405 sunt
1392 1350 1690 1422 sapientes,
1729 1349 1826 1407 sed
1849 1350 2005 1407 stulti
2029 1358 2084 1407 et
2111 1351 2351 1426 superbi,

350 1432 493 1490 sicut
524 1434 658 1493 dicit
685 1438 852 1509 Apos.
902 1437 927 1492 1
953 1436 1023 1493 ad
1064 1436 1207 1493 Tim.
1232 1452 1294 1494 vr
1334 1454 1349 1493 ε
1386 1436 1653 1510 Superbus
1675 1444 1772 1505 est,
1801 1438 1940 1495 nihil
1961 1438 2150 1496 aciens.
2179 1440 2356 1513 Prop-

350 1528 503 1579 terea
528 1523 768 1591 dicebat,
797 1525 849 1581 11
870 1524 1010 1582 Tim.
1037 1541 1056 1582 ι
1090 1542 1104 1580 :
1134 1525 1253 1600 Soio
1277 1526 1365 1583 cui
1386 1525 1612 1594 credidi,
1639 1533 1687 1583 et
1716 1534 1893 1585 certus
1919 1543 2056 1585 sum.
2083 1527 2232 1585 Eccl.
2265 1544 2310 1586 11
2337 1546 2352 1585 z
2413 1560 2422 1571 ·

350 1610 459 1677 Qui
483 1612 684 1669 timetis
722 1613 911 1680 Deum,
953 1612 1153 1671 credite
1184 1614 1289 1672 illi.
1332 1614 1560 1685 Quarto,
1593 1622 1778 1688 potest
1803 1617 1974 1673 etiam
2014 1618 2352 1691 responderi,

352 1702 483 1775 quia
503 1692 649 1759 Deus
676 1702 879 1775 probat.
898 1702 1041 1776 quod
1068 1718 1135 1759 ea
1158 1717 1284 1776 quae
1315 1703 1477 1759 docet
1509 1704 1648 1761 fides
1669 1710 1796 1761 sunt
1824 1720 1975 1763 vera.
2003 1705 2058 1765 Si
2085 1706 2232 1762 enim
2260 1714 2357 1763 rex·

352 1790 597 1859 mitteret
631 1790 844 1849 litteras
870 1807 995 1848 cum
1030 1790 1207 1864 sigillo
1244 1806 1344 1847 suo
1372 1792 1660 1863 sigillataS,
1691 1792 2124 1850 nullusauderet
2150 1793 2352 1869 dicere,

354 1878 498 1952 quod
535 1878 645 1936 illae
681 1878 881 1937 litterae
914 1895 1023 1936 non
1060 1880 1456 1953 processissent
1487 1880 1576 1947 de;
1597 1879 1744 1951 regis
1783 1880 2088 1938 voluntate.
2129 1881 2357 1940 Constat

352 1974 535 2024 autem
577 1967 725 2041 quod
753 1968 937 2026 omnia
976 1982 1101 2041 quae
1143 1970 1319 2025 sancti
1356 1968 1708 2025 crediderunt
1735 1976 1790 2025 et
1823 1969 2168 2026 tradiderunt
2200 1969 2358 2029 nobis

351 2056 421 2111 de
444 2056 551 2113 fide
588 2055 789 2113 Christi
824 2058 1041 2129 signata
1079 2062 1207 2112 sunt
1238 2055 1418 2128 sigillo
1459 2055 1581 2123 Dei,
1611 2057 1756 2129 quod
1782 2056 2020 2129 sigillum
2063 2058 2358 2114 ostendunt

352 2143 446 2201 illa
474 2160 659 2229 opera,
704 2160 831 2218 quae
868 2143 1019 2201 nulla
1059 2159 1196 2219 pura
1222 2147 1478 2200 creatura
1519 2143 1700 2201 facere
1742 2150 1945 2217 potest.
1976 2145 2045 2200 Et
2076 2144 2195 2201 haec
2229 2152 2358 2201 sunt

352 2233 636 2299 miracula,
663 2232 862 2306 quibus
883 2232 1131 2291 Christus
1153 2232 1500 2290 confirmavit
1521 2234 1670 2291 dicta
1693 2232 2078 2305 Apostolorum
2101 2239 2158 2289 et
2183 2234 2358 2290 Sanc-

352 2328 553 2379 torum.
587 2322 642 2380 Si
683 2322 855 2390 diem,
885 2321 1033 2397 quod
1068 2320 1333 2379 miracula
1374 2321 1555 2378 nullus
1592 2322 1735 2379 vidit
1763 2321 2250 2395 fieri,·respondco
2286 2321 2358 2378 ad

350 2411 476 2467 hoc.
515 2412 743 2469 Constat
768 2411 945 2481 enim‚-
977 2412 1122 2486 quod
1168 2418 1316 2468 totus
1354 2411 1592 2468 mundus
1631 2411 1846 2469 colebat
1888 2411 2052 2478 idola,
2096 2419 2154 2469 et
2194 2410 2358 2467 fidem

352 2499 553 2557 Christi
593 2499 1040 2574 persequebatur,
1081 2501 1224 2557 sicut
1258 2500 1603 2573 Paganorum
1628 2502 1798 2557 etiam
1818 2500 2064 2558 historiae
2088 2500 2314 2557 tradunt
2339 2520 2352 2554 ι

351 2588 450 2645 sed
478 2587 639 2643 modo
668 2602 857 2643 omnes
882 2588 1129 2644 conversi
1170 2593 1299 2644 sunt
1325 2588 1397 2644 ad
1424 2587 1720 2655 Christum,
1751 2600 1806 2643 et
1834 2589 2131 2663 sapienteS,
2165 2596 2222 2645 et
2255 2602 2358 2645 no·

352 2675 511 2741 biles,
542 2682 597 2730 et
627 2673 845 2739 divites,
875 2681 932 2730 et
967 2679 1237 2747 potenteS,
1264 2679 1323 2729 et
1357 2675 1540 2745 magni
1568 2675 1638 2732 ad
1670 2674 2115 2747 praedicationem
2143 2667 2358 2747 simpli-

352 2766 501 2821 cium
525 2768 583 2817 et
598 2774 918 2836 pauperum,
942 2767 997 2816 et
1021 2775 1317 2833 paucorum
1341 2761 1760 2833 praedicantium
1783 2761 2078 2819 Christum.
2095 2763 2208 2820 Aut
2227 2775 2358 2831 ergo

353 2853 459 2909 hoc
484 2857 572 2907 est
598 2848 923 2907 miraculose
950 2848 1177 2916 factum,
1208 2854 1305 2905 aut
1332 2863 1462 2905 non.
1503 2850 1560 2907 Si
1583 2849 1929 2916 miraculose,
1961 2850 2130 2906 habes
2155 2862 2360 2921 propo-

355 2942 540 2997 situm.
572 2940 627 2997 Si
652 2954 781 3007 non,
811 2939 937 2995 dico
958 2938 1107 3013 quod
1135 2953 1243 2996 non
1265 2937 1448 3010 potuit
1473 2952 1594 2995 esse
1621 2938 1800 3009 majus
1821 2938 2164 3005 miraculum,
2192 2952 2358 3010 quam

357 3032 502 3105 quod
534 3029 767 3087 mundus
798 3036 947 3085 totus
987 3029 1105 3084 sine
1132 3026 1412 3084 miraculis
1438 3033 1869 3095 converteretur,
1900 3042 2006 3085 non
2043 3042 2173 3099 ergo
2202 3039 2358 3100 quae·

358 3122 529 3177 rimus
565 3119 732 3175 aliud.
762 3117 853 3176 Sic
882 3132 1012 3190 ergo
1052 3117 1235 3173 nullus
1269 3115 1434 3173 debet
1470 3116 1724 3173 dubitare
1747 3117 1817 3172 de
1845 3117 1972 3184 fide,
2011 3116 2110 3173 sed
2137 3118 2360 3173 credere

356 3225 424 3265 ea
452 3224 577 3284 quae
608 3207 733 3263 fidei
759 3214 885 3263 sunt
916 3206 1090 3279 magis
1117 3222 1283 3279 quam
1315 3221 1380 3262 ea
1408 3220 1535 3279 quae
1556 3204 1709 3261 videt
1739 3222 1754 3259 ε
1790 3206 1920 3278 quia
1953 3206 2105 3263 visus
2123 3205 2362 3265 hominis

357 3303 538 3371 potest
566 3296 763 3369 decipi,
790 3296 888 3352 sed
913 3296 1013 3352 Dei
1040 3296 1271 3353 scientia
1297 3311 1576 3369 nunquam
1602 3293 1832 3353 fallitur.

429 3385 600 3443 Credo
638 3384 699 3441 in
728 3401 897 3443 unum
938 3384 1131 3457 Deum,
1174 3387 1285 3440 etc‘.
1322 3385 1470 3440 Inter
1511 3384 1697 3440 omnia
1733 3398 1860 3457 quae
1898 3382 2100 3439 debent
2136 3382 2360 3441 credere

359 3475 567 3543 fideles,
614 3474 719 3530 hoc
744 3482 827 3530 est
870 3473 1105 3546 primum
1144 3472 1293 3545 quod
1325 3472 1527 3531 debent
1568 3472 1812 3540 credere,
1855 3471 2067 3529 scilicet
2113 3472 2258 3543 quod
2286 3470 2360 3527 sit

360 3580 501 3620 unus
540 3564 707 3621 Deus·
765 3562 1233 3620 Considerandum
1274 3567 1460 3622 autem
1499 3562 1632 3634 quid
1673 3562 1944 3634 significet
2001 3560 2104 3617 hoc
2137 3574 2354 3627 nomen,

360 3654 527 3709 Deus.
553 3651 711 3722 Quod
734 3650 957 3727 quidem
983 3648 1117 3706 nihil
1153 3657 1237 3707 est
1267 3649 1413 3707 aliud
1438 3666 1606 3723 quam
1638 3650 1991 3727 gubernator,
2019 3653 2077 3705 et
2110 3648 2360 3720 provisor

363 3757 542 3797 rerum
584 3740 849 3817 omnium.
896 3738 1195 3813 llleigitur
1234 3736 1409 3795 credit
1445 3738 1621 3796 Deum
1645 3727 1798 3807 esse,
1847 3738 1942 3812 qui
1969 3735 2146 3794 credit
2171 3749 2362 3791 omnes

363 3846 450 3887 res
489 3828 675 3886 mundi
710 3828 870 3902 hujus
900 3828 1192 3903 gubernari
1217 3834 1275 3885 ct
1302 3827 1576 3901 provideri
1599 3827 1672 3885 ab
1697 3828 1810 3884 illo.
1840 3826 1946 3898 Qui
1973 3830 2156 3883 autem
2183 3822 2360 3881 credit

364 3918 509 3993 quod
539 3918 721 3974 omnia
748 3918 1073 3991 proveniant
1098 3934 1133 3975 a
1164 3910 1315 3986 casu,
1342 3915 1434 3974 hic
1460 3931 1568 3974 non
1599 3916 1778 3974 credit
1798 3916 1969 3977 Deum
1999 3930 2138 3973 esse.
2165 3912 2360 3971 Nullus
