2850 4517
69 55 82 696 —·-*‘'-·——·*---—-—-—

519 377 523 381 ·
624 357 717 407 m.
760 373 844 390 —-
880 358 961 404 nn
1000 338 1357 408 ruadanus
1396 359 1781 422 (immune,
1825 364 1957 410 ιτα.
2174 352 2299 415 285
2329 393 2335 398 -

301 478 407 538 boli
426 476 546 547 filii,
561 475 660 549 qui
684 474 897 534 scilicet
913 470 1213 550 loquuntur
1236 476 1615 535 mendaciumz
1643 478 1776 552 quia
1796 479 2046 540 diabolus
2070 485 2306 543 mendax

303 577 399 638 est,
428 575 485 624 et
511 574 672 640 pater
714 566 853 638 ejus,
898 571 961 622 ut
1000 565 1204 622 dicitur
1230 565 1387 624 Joan.
1429 578 1557 624 vm.
1587 567 1710 640 lpse
1737 566 1884 626 enirn
1921 573 2184 630 mentitus
2222 581 2308 631 est

300 659 322 713 1
344 659 481 715 Gen.
509 670 612 712 111:
639 654 993 727 Nequaquam
1016 651 1346 720 moriemini,
1362 661 1471 712 etc.
1491 655 1726 725 Quidam
1749 673 1880 716 vero
1907 658 2003 716 filii
2028 661 2148 729 Dei,
2174 663 2308 735 quia

301 745 503 804 scilicet
548 743 842 801 veritatem
885 743 1201 817 loquuntur,
1250 743 1384 816 quia
1429 744 1576 802 Deus
1621 745 1828 802 veritas
1867 751 1973 804 est.
2031 749 2304 820 Secundo,

300 839 517 908 propter
527 831 812 890 societatis
830 829 1267 891 dissolutionem.
1292 831 1555 889 Homines
1573 832 1720 891 enim
1743 833 1906 891 simul
1923 835 2135 906 vivunt,
2161 836 2309 910 quod

300 936 546 990 essenon
574 925 779 994 posset,
807 919 856 976 si
879 919 1041 977 simul
1066 933 1257 977 verum
1294 935 1402 977 non
1427 919 1692 979 dicerent,
1727 924 1920 994 Apost.
1959 923 2162 997 Ephesi
2201 942 2262 984 ιν
2289 942 2305 984 z

301 1012 622 1085 Deponentes
629 1007 961 1067 mendacium
972 1007 1251 1081 loquimini
1265 1009 1548 1068 veritatem
1561 1010 1918 1085 unusquisque
1931 1023 2050 1070 cum
2060 1013 2310 1086 proximo

296 1119 405 1168 suo,
433 1099 691 1175 quoniam
716 1113 896 1156 sumus
924 1097 1149 1154 invicem
1172 1097 1425 1154 membra.
1453 1099 1660 1167 Tertio,
1693 1108 1918 1174 propter
1945 1101 2110 1160 famae
2137 1105 2312 1162 amis-

298 1192 505 1249 sionem
544 1206 559 1246 :
592 1187 688 1262 qui
716 1187 863 1244 enim
906 1187 1173 1246 assuescit
1203 1187 1504 1244 mendaciis
1547 1203 1654 1244 non
1698 1189 1945 1246 creditur
1971 1192 2098 1260 sibi,
2143 1193 2311 1252 etiam

297 1281 342 1338 si
378 1293 575 1338 verum
596 1269 766 1336 dicat.
797 1275 1170 1338 Eccl.,xxx1v
1198 1291 1215 1330 ε
1264 1275 1349 1333 Ab
1382 1274 1651 1334 immundo
1691 1277 1826 1352 quid
1849 1279 2224 1349 mundabitur,
2261 1287 2313 1340 et

296 1367 601 1440 asmendaee
644 1365 773 1440 quid
797 1380 985 1424 verum
1012 1363 1269 1422 dicetur?
1296 1365 1524 1436 Quarto,
1561 1373 1786 1440 propter
1818 1369 2018 1428 animae
2044 1370 2313 1443 perditio·

296 1474 415 1516 nem
442 1475 463 1513 t
492 1454 696 1514 occidit
718 1455 865 1514 enim
893 1452 1055 1511 homo
1085 1454 1319 1516 mendax
1346 1455 1590 1514 animam
1612 1445 1790 1514 suam.
1821 1458 1951 1530 Sap.
1981 1475 2048 1520 r:
2078 1459 2150 1518 Os
2177 1459 2316 1532 quod

295 1546 577 1612 mentitur,
604 1543 793 1600 occidit
829 1542 1089 1601 animam.
1114 1542 1317 1602 Psalm.
1340 1559 1380 1600 v
1423 1560 1438 1600 ε
1467 1543 1668 1602 Perdes
1691 1544 1986 1624 omnesqui
2014 1547 2314 1621 loquuntur

294 1633 645 1702 mendacium,
669 1633 815 1691 unde
842 1636 997 1706 patet
1024 1631 1173 1704 quod
1196 1637 1281 1690 est
1310 1638 1598 1705 peccatum
1637 1633 1909 1692 mortale:
1941 1636 2086 1694 unde
2111 1637 2314 1695 adver-

294 1731 399 1794 tas„
433 1723 567 1798 quia
606 1723 853 1795 ipsorum
882 1719 1294 1776 mendaciorum
1330 1721 1610 1793 quoddam
1637 1729 1724 1778 est
1759 1723 2012 1792 mortale,
2035 1726 2314 1798 quoddam

290 1812 531 1873 veniale.
576 1809 806 1868 Mortale
834 1813 1019 1866 autem
1056 1812 1141 1867 est
1181 1806 1401 1866 mentiri
1440 1809 1496 1864 iu
1525 1808 1610 1865 his
1643 1825 1770 1883 quae
1802 1817 1931 1869 sunt
1974 1810 2122 1882 fidei,
2165 1814 2316 1887 quod

290 1903 537 1974 pertinet
560 1898 631 1954 ad
657 1896 935 1969 proelatoS,
970 1896 1283 1969 magistros,
1310 1901 1366 1953 et
1392 1896 1804 1968 praedicatores,
1833 1899 1904 1956 Et
1931 1899 2036 1957 hoc
2068 1908 2152 1957 est
2183 1917 2331 1974 gra--

289 1991 419 2046 vius
448 1985 703 2044 omnibus
725 1985 853 2042 aliis
872 1983 1161 2058 speciebus
1186 1983 1484 2042 mendacii.
1502 1986 1561 2065 ‘11
1589 1985 1705 2041 Pet.
1739 2003 1784 2046 a
1833 2003 1846 2042 ε
1889 1987 1958 2044 In
1983 1989 2126 2046 vobis
2156 1995 2318 2048 erunt

289 2073 549 2151 maqistri
596 2072 889 2140 mendaces,
931 2072 1027 2146 qui
1051 2071 1393 2130 introducent
1437 2079 1606 2130 sectas
1645 2074 1987 2146 perditionis.
2035 2077 2106 2134 Et
2147 2077 2318 2152 aliqui

292 2163 597 2240 aliquando
620 2161 755 2232 talia
781 2161 994 2230 dicunt,
1025 2166 1091 2219 ut
1116 2160 1409 2220 videantur
1435 2160 1600 2220 scire.
1629 2164 1736 2223 Isa.
1765 2179 1886 2222 nvn
1929 2181 1942 2221 z
1973 2165 2148 2239 Super
2169 2183 2322 2239 quem

294 2253 533 2320 luxistis,
566 2267 731 2326 super
770 2265 925 2325 quem
950 2249 1227 2309 dilatastis
1252 2267 1329 2318 os,
1372 2257 1428 2309 et
1469 2250 1698 2324 ejecistis
1731 2253 1992 2328 linquam.
2037 2255 2322 2330 Numquid

294 2359 401 2401 non
426 2357 521 2400 vos
545 2339 653 2414 filii
672 2340 897 2408 scelesti,
928 2355 1104 2397 semen
1134 2338 1409 2396 mendant?
1445 2339 1604 2408 Item,
1647 2341 1944 2415 aliquando
1980 2345 2342 2403 mentiuntur.

295 2431 471 2506 aliqui
492 2419 553 2487 in
579 2430 839 2488 damnum
863 2428 1121 2503 proximi.
1152 2429 1306 2488 Colo.
1332 2443 1402 2486 m
1431 2445 1444 2487 z
1473 2427 1658 2490 Nolite
1682 2431 1957 2490 mentiri:
1985 2441 2044 2490 et
2067 2433 2320 2492 haecduo

295 2519 591 2592 men-dacia
635 2517 893 2577 mortalia
932 2524 1082 2576 sunt.
1126 2516 1315 2593 Aliqui
1358 2524 1546 2576 autem
1585 2521 1927 2582 mentiuntur
1969 2537 2072 2596 pro
2099 2525 2316 2598 seipsis,

298 2615 351 2666 et
382 2609 497 2668 hoc
526 2607 924 2682 multipliciter.
966 2605 1279 2681 Aliquando
1322 2623 1390 2664 ex
1414 2606 1748 2678 humilitate,
1789 2616 1846 2666 et
1876 2609 1983 2668 hoo
2019 2612 2077 2668 in
2101 2613 2322 2670 confes·-

298 2699 453 2758 sione
472 2695 825 2772 quandoque,
854 2695 927 2754 de
946 2709 1059 2769 quo
1073 2691 1153 2751 ait
1166 2697 1402 2766 August.
1427 2715 1454 2748 α
1476 2696 1630 2752 Sicut
1645 2697 1954 2754 cavendum
1969 2705 2052 2758 est
2069 2716 2136 2756 ne
2158 2701 2321 2758 homo

299 2789 487 2845 taceat
504 2783 651 2857 quod
675 2782 829 2850 fecit,
846 2782 926 2840 ita
948 2796 1020 2838 ne
1040 2778 1193 2837 dicat
1216 2779 1367 2854 quod
1388 2795 1498 2837 non
1515 2780 1669 2839 fecit.
1689 2799 1718 2835 x·
1736 2781 1858 2850 lob.
1877 2798 1992 2841 xm
2015 2784 2324 2857 :Numquid

298 2873 446 2930 Deus
469 2871 675 2945 indiqet
698 2877 876 2930 vestro
910 2867 1221 2928 mendacio?
1246 2866 1569 2926 Ecclesiast.
1617 2884 1727 2926 x1x
1769 2887 1788 2926 z
1827 2869 1930 2928 Est
1959 2872 2051 2944 qui
2079 2873 2325 2944 nequiter

300 2978 349 3018 se
378 2959 658 3026 humiliat,
687 2966 741 3018 et
772 2956 1047 3017 interiora
1074 2956 1190 3031 ejus
1226 2955 1385 3029 plena
1410 2962 1538 3014 sunt
1564 2955 1680 3013 dolo
1721 2963 1817 3014 :et
1855 2965 1932 3015 est
1945 2959 2130 3030 ,iustus
2151 2961 2245 3034 qui
2271 2978 2324 3018 se

302 3050 533 3108 nimium
553 3047 821 3124 submittit
846 3064 884 3105 a
906 3047 1078 3106 muita
1110 3043 1440 3104 humilitate.
1475 3044 1663 3119 Aliqui
1693 3062 1764 3103 ex
1795 3037 2144 3107 verecundiae
2184 3049 2326 3108 levi-

304 3145 441 3210 tate,
484 3153 612 3195 cum
652 3136 867 3196 scilicet
904 3136 1031 3212 quis
1056 3134 1233 3193 credit
1258 3149 1452 3193 verum
1491 3133 1694 3204 dicere,
1740 3141 1797 3194 et
1837 3136 1974 3194 dicit
2000 3137 2218 3208 falsum,
2269 3147 2326 3198 et

302 3227 407 3285 hoc
434 3225 731 3285 advertens
756 3223 1164 3284 verecundatur
1190 3228 1515 3284 retractare.
1549 3223 1868 3284 Ecclesiast.
1915 3243 1975 3284 ιν
1997 3245 2016 3284 =
2041 3228 2170 3288 Non
2195 3245 2325 3286 con-

305 3315 547 3373 tradicas
584 3313 741 3372 verbo
786 3313 1036 3375 veritatis
1078 3314 1187 3372 ullo
1230 3314 1404 3381 modo,
1435 3321 1487 3371 et
1527 3313 1590 3372 de
1627 3313 1900 3372 mendacio
1941 3315 2342 3376 ineruditionis-

304 3403 651 3478 eont'undere.
696 3403 885 3478 Aliqui
921 3420 991 3462 ex
1024 3404 1284 3484 utilitate,
1328 3403 1550 3477 quando
1589 3403 1780 3462 volunt
1819 3405 2029 3479 aliquid
2070 3406 2323 3479 adipisci,

306 3493 393 3550 vel
432 3493 506 3550 ab
547 3491 737 3568 aliquo
764 3493 1019 3553 evadere.
1054 3495 1166 3552 Isa.
1196 3483 1398 3550 xxvni
1438 3509 1453 3548 ε
1489 3490 1774 3550 Posuimus
1811 3491 2146 3550 mendacium
2181 3509 2326 3567 spem

308 3588 575 3650 nostram,
602 3587 657 3640 et
693 3581 965 3640 mendacio
1002 3580 1237 3655 protecti
1276 3596 1480 3639 sumus.
1528 3581 1788 3640 Proverb.
1831 3598 1875 3640 x
1913 3601 1928 3639 ε
1970 3581 2078 3649 Qui
2123 3583 2332 3641 nititur

308 3668 625 3738 mendaciis,
652 3669 740 3728 hic
777 3669 948 3746 pascit
974 3676 1155 3744 ventos
1183 3684 1202 3727 .·
1244 3667 1416 3743 aliqui
1439 3673 1669 3744 'propter
1693 3669 1921 3728 alterius
1957 3671 2324 3741 commodum,

311 3757 534 3830 quando
562 3757 773 3817 scilicet
796 3757 989 3816 volunt
1018 3757 1259 3832 aliquem
1300 3773 1335 3814 a
1366 3766 1569 3827 morte,
1603 3759 1692 3819 vel
1721 3759 1982 3833 periculo,
2014 3759 2102 3819 vel
2129 3761 2330 3819 damno

312 3845 499 3920 aliquo
532 3847 787 3906 liberare.
816 3847 886 3906 Et
912 3848 1019 3906 hoc
1040 3845 1349 3906 cavendum
1371 3852 1476 3914 est,
1515 3846 1662 3904 sicut
1699 3847 1838 3906 dicit
1863 3851 2098 3921 August.
2135 3847 2330 3906 Eccle-

313 3931 472 4010 siast,
502 3951 541 3996 v
568 3953 585 3994 -ι
614 3935 745 4016 Nou
768 3935 994 4012 accipies
1018 3935 1213 4013 faciem
1240 3935 1510 3996 adversus
1538 3933 1734 4009 faeiem
1761 3942 1932 4010 tuam,
1957 3952 2053 3996 neo
2077 3937 2332 3998 adversus

1874 4157 1978 4164 m..--

1871 4167 1979 4177 aun-a...
