2850 4517
803 366 868 409 x.
901 379 980 395 -
1005 361 1242 407 οοΝτκΑ
1287 356 1570 403 canonas
1612 353 1973 397 GRAEoonuM
2034 404 2037 409 Ι
2277 334 2391 395 477

1093 581 1376 653 CAPUT
1439 579 1684 648 XVIII.

478 742 785 821 Quomodo
813 737 1193 821 intelliyitur
1221 750 1355 797 oum
1376 731 1635 805 dicitur,
1667 728 1885 791 Deitas
1911 726 2079 795 homo
2122 716 2317 807 saotc'z.

461 890 598 944 Item
620 890 803 958 potest
829 895 950 937 esse
969 877 1217 943 dubium,
1244 870 1394 948 quod
1415 870 1749 929 Athanasius
1772 867 1909 927 dicit
1937 868 1993 925 in
2021 868 2214 925 eadem
2242 868 2404 942 Epis-

394 977 505 1035 tola
549 991 564 1031 ι
601 993 628 1027 α
673 972 863 1027 Deitas
907 968 1068 1023 homo
1113 964 1281 1031 facta,
1327 977 1428 1037 per
1468 974 1631 1018 suum
1658 958 1911 1031 spiritum
1953 956 2057 1013 sibi
2099 955 2402 1015 Ecclesiam

394 1062 774 1124 conformavit.
827 1078 854 1111 n
917 1056 1065 1113 Dicit
1107 1052 1253 1111 enim
1297 1050 1557 1121 Magister
1600 1048 1764 1103 tertio
1810 1046 1948 1101 libro
1984 1046 2401 1113 sententiarum,

395 1154 540 1229 quod
581 1167 692 1208 non
719 1147 881 1208 debet
926 1143 1058 1211 (lici,
1107 1141 1253 1216 quod
1301 1140 1489 1198 divina
1530 1142 1727 1193 natura
1771 1135 1845 1191 sit
1872 1150 2001 1202 caro
2046 1134 2213 1200 facta,
2262 1136 2406 1191 sicut

395 1244 596 1301 dicitur
628 1256 642 1295 τ
670 1236 907 1296 Verbum
933 1248 1062 1291 caro
1081 1230 1290 1287 factum
1315 1233 1398 1285 est
1427 1244 1441 1283 z
1469 1227 1550 1282 sic
1574 1230 1761 1282 autem
1784 1223 1989 1280 dicitur
2014 1222 2253 1282 Verbum
2278 1238 2407 1279 caro

395 1335 623 1399 factum,
648 1327 778 1401 quia
805 1323 1046 1381 Verbum
1070 1320 1231 1376 homo
1259 1317 1440 1374 factus
1468 1321 1573 1373 est.
1600 1314 1721 1369 Non
1746 1328 1876 1385 ergo
1904 1310 2067 1367 debet
2093 1311 2221 1377 clici,
2260 1310 2407 1383 quod

397 1420 582 1477 divina
605 1415 876 1481 Essentia‚
902 1412 1019 1468 sive
1048 1409 1258 1474 DeitaS,
1289 1405 1437 1462 facta
1460 1404 1532 1459 sit
1567 1402 1749 1457 homo.
1774 1400 1879 1459 Sed
1914 1400 2225 1467 dicendum,
2258 1400 2407 1473 quod

399 1502 504 1566 non
523 1506 723 1564 dicitur
743 1502 932 1559 Deitas
951 1514 1072 1556 esse
1089 1496 1236 1553 facta
1257 1495 1440 1559 homo,
1467 1490 1598 1566 quia
1621 1490 1808 1546 divina
1833 1495 2031 1545 natura
2053 1489 2126 1544 sit
2147 1476 2411 1545 conversa

397 1598 455 1654 in
478 1596 792 1659 humanam,
823 1589 919 1646 sed
961 1603 1054 1663 per
1087 1585 1240 1641 illum
1271 1582 1495 1638 modum
1524 1594 1633 1652 quo
1668 1578 1889 1645 dicitur,
1921 1575 2067 1649 quod
2094 1583 2290 1633 natura
2320 1576 2411 1631 di-

340 1756 346 1763 ·
399 1687 527 1744 vina
558 1680 864 1753 assumpsit
882 1684 1137 1733 naturam
1169 1673 1467 1728 humanam
1499 1670 1556 1724 in
1586 1682 1691 1721 una
1717 1680 1968 1739 persona,
1998 1664 2207 1721 scilicet
2222 1663 2409 1721 Verbi.

400 1776 554 1832 Sicut
595 1770 762 1827 etiam
799 1767 1171 1827 Damascenus
1193 1760 1348 1826 dicit,
1391 1756 1537 1831 quod
1568 1763 1763 1811 natura
1799 1753 2034 1809 Deitatis
2064 1753 2116 1807 in
2149 1768 2254 1809 una
2285 1770 2415 1824 per-

401 1873 659 1920 sonarum
676 1868 902 1929 suarum
925 1854 1206 1909 incarnata
1230 1853 1332 1913 est,
1349 1845 1404 1902 id
1430 1849 1515 1901 est
1528 1844 1682 1899 carni
1699 1842 1869 1898 unita.
1889 1840 2181 1897 Sciendum
2206 1828 2407 1911 tamen,

401 1949 550 2025 quod
579 1948 687 2005 alia
713 1942 925 2002 ratione
947 1940 1168 2005 dicitur,
1200 1935 1347 2009 quod
1370 1934 1610 1991 Verbum
1636 1939 1723 1988 est
1748 1931 1929 1986 homo.
1962 1937 2017 1985 et
2046 1930 2192 2001 quod
2226 1930 2415 1989 Deitas

403 2046 489 2096 est
526 2037 708 2093 home.
757 2033 894 2089 Cum
921 2028 1068 2086 enim
1097 2026 1329 2083 dicitur:
1365 2021 1605 2082 Verbum
1633 2025 1719 2077 est
1756 2018 1939 2086 home,
1971 2008 2071 2073 est
2097 2018 2415 2090 praedicatio

333 2139 336 2145 ·
405 2144 501 2203 per
538 2121 996 2185 informationem,
1039 2115 1170 2189 quia
1201 2110 1411 2170 scilicet
1456 2123 1687 2183 persona
1715 2106 1867 2165 verbi
1896 2118 1981 2161 est
2016 2106 2319 2165 subsistens
2361 2106 2417 2162 in

407 2217 642 2274 humana
671 2218 887 2269 natura.
914 2208 1052 2263 Cum
1076 2219 1205 2259 vero
1233 2200 1463 2258 dicitur:
1494 2198 1680 2253 Deitas
1707 2194 1996 2263 esthemo,
2022 2210 2130 2249 non
2158 2203 2242 2251 est
2272 2211 2417 2267 prae-

409 2296 610 2363 dicatio
663 2317 760 2375 per
803 2293 1261 2375 informationem,
1307 2289 1436 2365 quia
1478 2286 1717 2343 humana
1768 2290 1963 2341 natura
2008 2298 2113 2340 non
2160 2283 2419 2342 informat

409 2384 676 2457 divinam,
711 2388 807 2445 sed
850 2375 934 2442 est
969 2380 1288 2457 praedicatio
1327 2393 1424 2451 per
1462 2375 1809 2432 identitatem
1855 2389 1868 2427 ε
1908 2372 2050 2428 sicut
2087 2372 2253 2429 etiam
2292 2388 2417 2427 cum

410 2483 644 2540 dicitur:
671 2475 922 2534 Essentia
957 2460 1144 2534 divina
1169 2478 1252 2525 est
1281 2468 1463 2533 Pater,
1496 2463 1580 2520 vel
1608 2462 1863 2519 Essentia
1885 2460 2071 2518 divina
2094 2469 2179 2518 est
2206 2460 2374 2517 Filius
2402 2478 2416 2515 :

411 2568 758 2629 homoenim
798 2562 1054 2637 supponit
1093 2573 1191 2634 pro
1220 2571 1451 2631 persona
1492 2553 1633 2619 Filii,
1679 2567 1808 2609 cum
1844 2549 2046 2608 dicitur
2076 2550 2301 2612 :Deitas
2332 2536 2415 2607 est

413 2661 595 2721 homo,
639 2662 696 2711 et
736 2652 928 2708 eadem
970 2646 1110 2703 ratio
1153 2644 1424 2709 veritatis,
1473 2656 1600 2697 cum
1643 2639 1888 2695 dicitur:
1932 2640 2120 2695 Deitas
2162 2646 2243 2695 est
2271 2639 2413 2697 facta

414 2748 598 2814 homo,
629 2732 759 2815 quia
783 2736 1008 2809 incoepit
1031 2748 1151 2791 esse
1181 2745 1410 2805 persona
1438 2728 1558 2785 Filii
1583 2728 1889 2795 incarnata,
1919 2726 2065 2799 quod
2094 2727 2417 2799 importatur

417 2837 473 2895 in
495 2832 714 2893 nomine
739 2825 995 2889 hominis,
1027 2822 1156 2879 licet
1184 2833 1290 2875 non
1318 2815 1608 2894 incoeperit
1630 2830 1751 2871 esse
1775 2828 2005 2887 persona
2029 2813 2168 2869 Filii.
2196 2815 2419 2889 Semper

417 2925 566 2983 enim
587 2919 776 2977 Deitas
801 2914 904 2971 suit
931 2912 1119 2978 Filius,
1145 2908 1243 2967 sed
1266 2921 1372 2963 non
1396 2920 1611 2979 semper
1640 2902 1745 2959 fuit
1767 2902 1949 2958 homo.

1143 3104 1429 3177 CAPUT
1477 3138 1482 3149 ·
1506 3103 1695 3173 XIX.

431 3271 738 3357 Quomodo
762 3264 1161 3345 intelliqitur,
1187 3257 1350 3341 quod
1373 3254 1585 3319 Filius
1610 3252 1731 3316 Dei
1752 3254 2081 3333 assumpsit
2106 3252 2427 3320 humanam

393 3360 400 3367 '
460 3363 467 3370 ’
996 3355 1284 3414 naturam
1311 3347 1379 3411 in
1403 3362 1521 3408 sua
1546 3342 1856 3406 Essentia.
2144 3340 2151 3346 “

497 3508 634 3563 rtem
670 3497 900 3556 dubium
931 3492 1170 3557 videtur,
1202 3487 1349 3562 quod
1375 3484 1707 3545 Athanasius
1734 3483 1871 3540 dicit
1908 3484 1963 3540 in
1996 3482 2163 3541 tertio
2184 3498 2434 3542 sermone

430 3592 637 3655 Nicaeni
667 3584 882 3645 concilii
911 3582 980 3638 de
1005 3579 1142 3636 Filio
1171 3576 1270 3633 Dei
1298 3576 1527 3649 loquens
1554 3590 1573 3633 ε
1600 3594 1629 3627 ι
1654 3572 1715 3632 In
1742 3588 1841 3629 sua
1868 3572 2005 3641 usia,
2037 3571 2094 3628 id
2118 3579 2222 3643 est,
2250 3573 2437 3630 Essen-

432 3687 528 3750 tia,
561 3687 816 3737 naturam
847 3680 1090 3733 nostram
1125 3682 1158 3724 a
1187 3664 1344 3727 nobis
1379 3662 1696 3735 assumpsit.
1732 3680 1759 3713 ιο
1798 3662 1934 3717 Cum
1962 3661 2106 3716 enim
2136 3646 2436 3735 assumptio

433 3773 502 3831 ad
539 3770 794 3825 unionem
837 3758 1178 3823 terminetur,
1211 3753 1374 3814 sicuti
1405 3752 1537 3816 unio
1564 3766 1669 3807 non
1708 3756 1793 3807 est
1827 3750 1972 3808 facta
1999 3750 2055 3805 in
2092 3763 2309 3817 natura,
2342 3749 2437 3806 sed

433 3862 490 3919 in
517 3868 749 3933 persona
781 3868 796 3909 ι
837 3851 918 3907 ita
943 3862 1050 3913 non
1074 3843 1292 3902 videtur
1320 3840 1469 3912 quod
1494 3841 1729 3897 bumana
1754 3844 1949 3895 natura
1976 3838 2050 3894 sit
2074 3845 2354 3911 assumpta
2382 3840 2437 3895 in

434 3945 686 4006 Essentia
705 3940 849 3997 Filii.
888 3934 1192 3992 Dicendum
1219 3936 1324 3997 est,
1363 3944 1497 4000 crgo
1519 3928 1667 4001 quod
1698 3927 1897 3983 locutio
1924 3933 2009 3982 est
2036 3926 2353 4000 impropria,
2384 3932 2441 3983 et
