2850 4517
820 318 865 367 ι,
895 334 978 355 --
993 319 1406 374 -oournunmu
1460 322 1823 375 ‘tammam
2242 307 2327 379 ae

1050 514 1336 604 CAPUT
1381 516 1595 587 xcv,

482 644 664 745 Quod
691 647 862 711 Deus
887 652 976 711 ert
999 647 1070 711 in
1095 648 1287 729 seipso
1313 647 1477 713 siout
1501 654 1773 715 amatum
1798 652 1865 715 in
1901 659 2159 719 amante.

381 772 539 829 Sicut
567 779 754 829 autem
781 770 1119 830 intellectum
1146 781 1231 831 est
1263 774 1317 831 in
1347 773 1686 848 intelligente
1724 776 1778 832 in
1813 784 2077 850 quantum
2117 760 2323 837 intelli-

311 860 482 932 gitur,
511 860 592 918 ita
629 868 684 923 et
713 868 958 935 amatum
993 877 1114 919 esse
1153 862 1318 920 debet
1353 864 1409 920 in
1439 873 1659 923 amante
1698 865 2047 939 in‘quantum
2085 876 2319 924 amatur.

308 950 561 1007 Movetur
585 950 730 1006 enim
768 950 1169 1023 quodammodo
1198 938 1388 1009 amans
1415 951 1487 1009 ab
1524 960 1709 1012 amato
1745 953 2002 1028 quadam·
2028 954 2323 1013 intrinseca

312 1039 576 1095 motione.
603 1038 760 1095 Unde
787 1054 912 1095 cum
944 1055 1171 1101 movens
1197 1042 1483 1113 contingat
1516 1040 1573 1097 id
1614 1042 1759 1117 quod
1798 1049 2069 1111 movetur,
2103 1059 2323 1102 necesse

310 1133 400 1183 est
422 1131 669 1183 amatum
699 1127 1054 1185 intrinsecum
1087 1143 1208 1185 esse
1236 1130 1462 1187 amanti.
1496 1130 1641 1187 Deus
1678 1137 1863 1189 autem
1899 1132 2042 1188 sicut
2066 1131 2324 1204 intelligit

311 1216 578 1289 seipsum,
613 1216 688 1273 ita
715 1232 940 1283 necesse
968 1226 1052 1277 est
1085 1218 1231 1294 quod
1259 1220 1501 1297 seipsum
1543 1227 1710 1278 amet.
1742 1221 1948 1277 Bonum
1984 1220 2131 1277 onim
2156 1220 2323 1277 intel-

309 1304 518 1362 lectum
553 1306 854 1364 secundum
891 1322 952 1364 se
981 1307 1217 1366 amabile
1249 1314 1353 1369 est.
1382 1309 1479 1370 Est
1513 1310 1679 1383 igitur
1715 1308 1863 1370 Deus
1889 1310 1945 1367 in
1982 1310 2164 1385 seipso
2194 1319 2323 1371 tan-

310 1409 482 1471 quam
506 1400 751 1455 amatum
778 1396 834 1452 in
856 1391 1099 1455 amante.
1141 1408 1146 1413 ·

1021 1565 1306 1671 CAPUT
1370 1567 1612 1637 XLVI.

648 1788 653 1792 ἡ
685 1697 895 1799 guod
915 1715 1084 1761 amor.
1107 1699 1176 1763 in
1196 1699 1323 1799 Deo
1352 1698 1585 1779 dicitur
1606 1700 1907 1781 Spiritus.

377 1822 520 1878 Cum
545 1827 730 1880 autern
752 1823 1088 1881 intellectum
1110 1825 1257 1881 sitin
1281 1824 1639 1896 intelligente,
1658 1833 1717 1881 ‘et
1732 1832 1975 1882 amatum
1997 1824 2056 1880 in
2079 1831 2317 1889 amante,

305 1910 534 1967 diversa
563 1912 705 1967 ratio
733 1913 852 1983 ejus
879 1912 1025 1985 quod
1049 1922 1279 1970 estesse
1302 1913 1360 1968 in
1388 1912 1592 1987 aliquo,
1614 1912 1905 1987 utrobique
1928 1912 2323 1969 consideranda

307 2008 416 2057 est.
445 1998 588 2055 Cum
615 2000 762 2056 enim
794 1998 1096 2071 intelligere
1125 1992 1222 2055 fiat
1250 2016 1348 2073 per
1370 2000 1819 2057 assimilationem
1851 2000 2093 2073 aliquam
2118 2000 2323 2057 intelli-

305 2086 492 2161 gentis
519 2087 591 2145 ad
618 2086 850 2161 id-'quod
879 2087 1222 2158 intelligitur,
1250 2102 1473 2144 necesse
1515 2094 1601 2143 est
1635 2087 1690 2144 id
1729 2086 1879 2161 quod
1909 2085 2231 2159 intelligitur
2267 2089 2325 2145 in

307 2177 652 2249 intelligente
677 2192 798 2233 esse
837 2176 1138 2234 secundum
1179 2175 1327 2251 quod
1368 2178 1488 2248 ejus
1514 2162 1817 2234 similitudo
1843 2176 1900 2233 in
1942 2190 2010 2233 eo
2034 2176 2318 2233 consistit.

305 2267 533 2325 Amatio
577 2270 760 2322 autem
808 2265 870 2323 fit
915 2265 1226 2323 secundum
1264 2266 1561 2340 quamdam
1618 2266 1915 2322 motionem
1971 2266 2209 2323 amantis
2251 2265 2324 2323 ab

308 2362 518 2413 amato·
565 2358 821 2411 Amatum
863 2355 1010 2411 enim
1054 2354 1222 2411 trahit
1262 2354 1332 2411 ad
1377 2356 1617 2429 seipsum
1654 2364 1951 2412 amantem.
1994 2356 2167 2427 Igitur
2212 2369 2321 2411 non

307 2444 594 2519 perficitur
634 2445 838 2501 amatio
873 2444 929 2499 in
962 2443 1320 2500 similitudine
1361 2445 1552 2512 amati,
1592 2435 1755 2510 sicut,
1790 2444 2071 2517 perficitur
2112 2441 2321 2499 intelli-

307 2549 441 2608 gere
466 2533 521 2590 in
551 2530 906 2590 similitudine
935 2532 1218 2600 intellecti,
1246 2532 1342 2589 sed
1369 2532 1650 2607 perficitur
1680 2534 1736 2588 in
1764 2532 2095 2590 attractione
2123 2546 2328 2611 aman·-

307 2623 386 2680 tis
413 2622 484 2679 ad
519 2623 700 2696 ipsum
742 2629 1006 2679 amatum.
1050 2621 1344 2679 Traductio
1381 2629 1564 2679 autem
1597 2621 1974 2680 similitudinis
2002 2618 2323 2695 principalia

307 2712 375 2768 tit
407 2726 507 2786 per
534 2711 940 2783 generationem
963 2708 1272 2779 univocam,
1308 2711 1609 2767 secundum
1650 2725 1817 2782 quam
1846 2710 1900 2766 in
1931 2710 2095 2766 rebus
2126 2710 2323 2766 viven-

307 2785 461 2857 tibue
510 2815 777 2872 generans
819 2800 1000 2867 Pater,
1045 2805 1102 2855 et
1147 2798 1365 2869 genitus
1413 2798 1584 2854 Filius
1618 2798 1952 2855 nominatur.
1996 2799 2057 2853 In
2111 2795 2321 2854 eisdem

306 2890 480 2947 etiam
511 2890 685 2963 prima
713 2896 883 2945 motio
923 2888 980 2944 fit
1011 2886 1312 2943 secundum
1351 2885 1610 2957 speciem.
1639 2882 1791 2951 Sicut
1827 2886 1995 2955 igitur
2029 2886 2087 2952 in
2119 2885 2323 2941 divinis

307 2978 508 3037 modus
549 2976 641 3034 ille
679 2992 789 3051 quo
832 2977 980 3033 Deus
1013 2983 1097 3032 est
1135 2974 1190 3030 in
1230 2974 1360 3040 DeO,
1396 2978 1458 3027 ut
1500 2970 1837 3027 intellectum
1877 2971 1933 3025 in
1976 2970 2322 3041 intelligente

303 3067 638 3141 exprimitur
665 3082 760 3140 per
791 3066 895 3121 hoc
923 3064 1070 3138 quod
1099 3062 1352 3130 dicimus„
1383 3058 1699 3133 Filium-qui
1718 3066 1803 3116 est
1831 3058 2071 3118 Verbum
2101 3059 2220 3127 Dei,
2242 3060 2323 3118 ita

305 3156 536 3213 modum
577 3170 686 3229 quo
723 3154 870 3212 Deus
911 3162 994 3210 est
1036 3153 1090 3209 in
1133 3153 1266 3222 Deo,
1305 3152 1449 3209 sicut
1496 3157 1741 3207 amatum
1780 3149 2094 3206 in-nmante
2131 3149 2320 3223 expri-

305 3247 512 3303 mimus
555 3260 652 3317 per
687 3244 809 3311 hoc,
849 3241 993 3319 quod
1036 3241 1288 3317 ponimus
1329 3239 1402 3297 ibi
1434 3239 1698 3313 Spiritum
1734 3239 1829 3312 qui
1871 3244 1956 3295 est
1994 3236 2155 3295 amor
2178 3239 2321 3300 Deiz

303 3345 366 3392 et
405 3333 532 3391 ideo
578 3332 878 3389 secundum
916 3331 1159 3403 regulam
1192 3328 1481 3387 catholicae
1526 3326 1670 3397 tidei,
1702 3328 1926 3385 credere
1966 3326 2023 3384 iu
2050 3324 2314 3400 Spiritum
2400 3348 2411 3356 ·

296 3421 585 3497 jubemur.

1011 3568 1293 3639 CAPUT
1349 3568 1622 3637 XLVII.

627 3705 806 3783 Quod
831 3702 1129 3787 Spiritus,
1162 3704 1272 3786 qui
1287 3702 1385 3767 'est
1410 3705 1479 3767 in
1500 3703 1626 3767 Deo
1648 3707 1735 3767 est
1759 3705 2028 3767 sanctus.

380 3830 854 3889 Considerandum
883 3838 965 3888 est
1006 3836 1210 3900 autem,
1236 3829 1382 3905 quod
1419 3844 1546 3886 cum
1587 3829 1789 3886 bonum
1828 3822 2316 3887 amatum-habeat

306 3919 584 3979 rationem
615 3921 756 3992 finis,
783 3937 850 3978 ex
887 3920 992 3978 tine
1017 3926 1214 3995 autem·
1237 3927 1418 3979 motus
1444 3917 1783 3981 voluntarius
1811 3919 2003 3987 bonus,
2030 3915 2115 3977 vel
2138 3918 2315 3977 malus
