2850 4517
694 372 761 415 x.
791 384 873 404 -
899 367 1136 414 commi
1178 341 1461 414 annonas
1502 371 1865 418 enaecontm
2170 359 2288 420 497

279 487 467 546 nasius
507 488 563 545 in
604 499 857 542 sermone
881 485 1093 541 Nicaeni
1136 483 1351 540 concilii
1387 487 1418 540 ε’
1450 505 1477 537 α
1511 485 1591 546 De
1636 487 1876 544 essentia
1914 487 2087 561 ipsius
2124 489 2288 546 Verbi

229 609 233 612 -
277 579 570 634 adoramus
598 575 890 648 spiramen,
932 573 1187 646 spiritum
1225 568 1637 630 coaeternaliter'
1656 575 1925 648 spiratum
1967 577 2143 634 Deum
2176 597 2201 630 »a
2234 582 2318 634 tt·

277 667 332 722 in
359 665 550 724 eodem
583 681 598 720 ε
627 684 654 716 α
683 664 831 720 Deus
852 679 920 718 ex
947 677 1046 718 sua
1075 662 1313 718 essentia
1343 662 1571 735 spiravit
1597 663 1861 734 Spiritum
1894 675 2147 722 sanctum
2176 683 2203 718 n
2234 673 2291 722 rt

278 757 332 810 in
382 753 613 828 epistola
651 753 720 810 ad
763 752 1112 824 Serapionem
1146 767 1158 804 :
1192 770 1216 802 α
1261 750 1520 818 Haeretiei
1552 765 1585 807 a
1612 749 1748 808 Filio
1777 762 1903 808 sunt
1932 753 2284 821 exhaeredati,

277 845 407 917 quia
437 843 506 914 ab
533 844 652 914 ejus
675 840 912 897 essentia
951 837 1326 895 essentialiter
1341 839 1518 894 Deum
1556 839 1824 912 spiratum
1855 857 1957 898 non
1995 843 2283 916 recipiunt,

275 932 536 1004 Spiritum
585 935 854 994 sanctum,
889 933 1004 982 »et
1048 928 1101 982 in
1139 926 1336 983 eadem
1361 927 1521 1000 quasi
1560 942 1837 1001 exponens
1866 931 2181 1002 qnoddicit
2220 947 2287 987 ex

276 1036 376 1076 sua
403 1020 662 1084 essentia,
695 1017 748 1074 id
782 1024 886 1086 est,
918 1033 984 1072 ex
1013 1031 1072 1072 se
1109 1031 1208 1072 sua
1235 1016 1495 1084 essentia,
1534 1015 1615 1072 sic
1642 1016 1779 1073 dicit
1812 1035 1825 1072 :
1870 1039 1895 1070 α
1926 1019 2091 1081 Filius
2120 1027 2286 1090 natus

278 1097 320 1164 a'
349 1099 510 1164 Patre
551 1109 605 1163 in
651 1123 712 1162 se
747 1104 926 1162 Patris
967 1113 1217 1160 naturam
1262 1110 1453 1160 tenens
1504 1105 1757 1177 equidem
1806 1123 1999 1162 nomen
2037 1123 2143 1164 non
2185 1125 2288 1182 pa-

277 1199 568 1264 ternitatis,
611 1198 707 1253 sed
743 1183 1319 1276 communicabilitatis
1369 1209 1495 1249 cum
1540 1181 1728 1250 ordine
1766 1204 1979 1253 naturae
2018 1199 2279 1263 servavit,

277 1296 338 1343 ut
361 1303 426 1342 ex
457 1302 515 1342 se
550 1302 648 1342 sua
681 1285 920 1340 essentia
963 1296 1068 1337 non
1109 1281 1281 1337 filium
1317 1282 1601 1354 gignitive,
1635 1283 2008 1360 sed-spiritum
2049 1284 2149 1342 sibi
2192 1303 2289 1360 per

275 1374 457 1432 omnia
489 1373 758 1448 aequalem
787 1373 960 1427 Deum
1000 1376 1057 1426 et
1093 1360 1428 1426 coaeternum
1480 1371 1743 1443 spiraren
1780 1391 1806 1423 n
1849 1380 1905 1428 et
1932 1373 2036 1429 hoc
2064 1375 2286 1448 quidem

276 1457 557 1519 multoties
585 1477 652 1518 ex
681 1459 861 1516 verbis
898 1449 1017 1531 ejus
1043 1457 1293 1514 habetur.
1325 1457 1406 1512 Ex
1435 1474 1544 1530 quo
1574 1466 1745 1530 patet,
1783 1460 1927 1532 quod
1976 1476 2100 1517 cum
2145 1455 2289 1516 dici-

276 1560 366 1608 tur
399 1551 632 1624 Spiritus
673 1555 896 1606 sanctus
931 1547 1170 1620 spiratus
1201 1559 1319 1600 asse
1359 1560 1390 1600 a
1421 1545 1579 1612 Filio,
1622 1562 1731 1603 non
1773 1555 1954 1621 potest
1996 1539 2185 1605 referri
2219 1551 2287 1606 ad

276 1639 676 1712 processionem
727 1633 1081 1708 temporalem
1125 1625 1357 1697 tantum,
1415 1632 1511 1689 sed
1555 1632 1626 1688 ad
1671 1641 1937 1691 aeternam
1988 1640 2287 1712 seeundum

275 1717 441 1802 quam
469 1726 702 1799 Spiritus
729 1730 950 1780 sanctus
975 1736 1006 1777 a
1039 1721 1148 1777 filio
1172 1721 1469 1776 essentiam
1498 1720 1739 1778 divinam
1767 1725 2002 1797 aceepit.

2004 1811 2033 1822 *-

627 1891 804 1967 Quod
827 1889 1109 1976 Spiritus
1134 1891 1385 1950 sanetus
1409 1891 1649 1950 emanat
1676 1905 1715 1951 a
1740 1889 1933 1952 Filio.

344 2036 589 2094 Habetur
609 2034 776 2090 etiam
806 2050 874 2088 ex
901 2030 1321 2088 auctoritatibus
1347 2031 1667 2088 eorumdem
1696 2031 2287 2112 doctorumprocessio

273 2125 512 2197 Spiritus
538 2123 712 2178 sancti
755 2137 788 2177 a
819 2120 951 2176 Filio
987 2120 1090 2176 sub
1127 2119 1292 2176 verbo
1333 2120 1718 2176 emanationis.
1757 2121 1903 2176 Dicit
1936 2122 2080 2177 enim
2110 2125 2286 2201 Atha-

275 2215 463 2270 nasius
504 2213 556 2267 in
602 2211 864 2284 praedicta
894 2209 1140 2282 epistola
1164 2200 1234 2264 ad
1281 2208 1677 2279 Serapionem:
1720 2228 1747 2260 α
1782 2212 1829 2265 Α
1867 2209 2033 2276 verbo
2071 2205 2287 2266 vivente

273 2301 500 2375 spiritus
521 2298 682 2356 vivus
703 2313 982 2364 amanam,
1015 2303 1071 2352 et
1096 2291 1136 2353 a*
1157 2296 1282 2353 sorti
1309 2297 1488 2352 virtus
1512 2297 1829 2352 indeficiens
1852 2297 2088 2371 desuper
2110 2300 2285 2354 effun-

274 2389 426 2446 ditur
465 2385 731 2443 ecclesiae.
780 2405 806 2437 n
846 2386 981 2441 Item
1019 2385 1395 2442 'theodoretus
1435 2399 1599 2458 super
1642 2383 1871 2458 Epistol.
1919 2386 1990 2442 ad
2026 2387 2223 2460 Bphes,
2274 2430 2287 2442 .

275 2493 308 2531 α
346 2476 581 2549 Spiritus
621 2483 844 2531 sanctus
885 2474 953 2529 de
994 2464 1211 2529 sursum
1241 2486 1461 2529 emanat
1495 2489 1525 2528 a
1556 2470 1791 2542 Christo,
1837 2484 1894 2532 et
1934 2475 2286 2533 sine-invidia

275 2564 440 2621 datur
468 2563 719 2620 omnibus
745 2561 1160 2633 accipientibus.
1197 2581 1223 2612 n

284 2734 464 2810 Quod
487 2732 767 2812 Spiritus
791 2714 1042 2816 sanetus
1057 2731 1318 2813 perfluit
1345 2747 1384 2793 a
1410 2731 1605 2805 Filio,
1652 2735 1709 2794 et
1734 2731 1897 2812 quod
1932 2732 2006 2795 ab
2044 2739 2283 2800 aterno,

344 2878 584 2933 Utuntur
630 2883 816 2930 autem
877 2871 1122 2945 praedicti
1169 2871 1435 2927 Doctores
1480 2872 1548 2927 ad
1593 2872 1997 2944 processionem
2052 2876 2289 2948 Spiritus

275 2965 452 3022 sancti
491 2979 524 3020 a
551 2955 694 3019 Filio
711 2955 1123 3026 ostendendam,
1156 2959 1322 3018 verbo
1349 2959 1650 3032 profluxus.
1686 2961 1833 3016 Dicit
1869 2963 2017 3018 enim
2039 2949 2287 3022 Athana-

273 3054 392 3110 sius
437 3045 495 3107 in
540 3066 790 3107 sermone
839 3046 1046 3106 Nicaeni
1099 3042 1314 3104 concilii
1361 3065 1428 3103 ex
1472 3063 1705 3122 persona
1750 3039 1966 3106 Christi
1994 3039 2225 3124 loquens
2270 3057 2286 3109 ἑ

275 3161 304 3195 α
337 3141 494 3197 Mitto
519 3131 811 3212 Apostolos⁴
836 3138 893 3194 in
928 3137 1190 3194 mundum
1217 3151 1326 3194 non
1355 3137 1410 3192 in
1442 3139 1645 3193 virtute
1663 3137 1927 3210 hominis„
1958 3139 2055 3196 sed
2086 3141 2141 3197 in
2170 3141 2290 3197 'vir-

274 3236 396 3285 tute
421 3228 657 3301 Spiritus
685 3219 859 3282 sancti
901 3243 967 3283 ex
997 3242 1118 3283 mea
1149 3226 1266 3283 usia
1297 3225 1635 3300 profluentis.
1666 3245 1694 3277 n
1742 3227 1809 3282 Et
1852 3226 1907 3283 in
1944 3219 2140 3285 eodem
2167 3245 2287 3286 ser-

275 3332 435 3375 mone
469 3334 482 3371 :
521 3337 546 3368 α
587 3316 644 3372 Si
673 3331 782 3371 non
819 3316 896 3372 ita
934 3314 1268 3371 credendum
1309 3309 1393 3372 e'st
1433 3315 1501 3370 de
1532 3303 1739 3387 Spiritu
1774 3322 1967 3372 sancto
1995 3325 2051 3372 et
2080 3305 2287 3390 praedi-

273 3406 528 3470 candum,
556 3404 702 3478 quod
731 3406 804 3460 sit
840 3405 1046 3460 veritas
1069 3404 1246 3459 Patris
1283 3409 1339 3458 et
1377 3403 1519 3471 Filii,
1550 3403 1927 3460 coessentialis
1954 3406 2191 3478 utrique,
2220 3408 2289 3462 de

273 3494 513 3551 essentia
551 3507 738 3547 eorum
778 3489 1070 3565 profluens,
1102 3491 1376 3564 quomodo
1410 3493 1465 3547 in
1506 3493 1692 3552 divino
1723 3491 1973 3566 symbolo
2003 3483 2287 3551 'salutiferi

273 3581 622 3657 baptismatis
650 3579 892 3637 salvator
924 3581 1070 3636 Deus
1101 3581 1270 3636 Filius
1295 3579 1398 3636 sibi
1438 3590 1493 3637 et
1523 3582 1671 3638 Patri
1708 3583 2025 3655 cooperanti
2054 3583 2288 3640 salutem

272 3681 517 3729 nostram
558 3664 1022 3726 connumeraret?
1067 3688 1094 3720 w
1136 3669 1203 3725 Et
1233 3670 1287 3724 in
1329 3669 1561 3742 epistola
1604 3669 1673 3726 ad
1716 3671 2066 3743 Serapionem
2102 3671 2238 3728 dicit
2272 3689 2285 3727 z

274 3781 301 3813 α
350 3759 598 3831 Spirim
631 3765 855 3814 sanctus
897 3747 1311 3814 coessentialem
1365 3759 1511 3814 Patri
1560 3758 1774 3825 Filium,
1812 3759 1983 3830 cujus
2012 3760 2126 3832 ipse
2170 3769 2287 3815 erat

272 3849 520 3922 spirituS,
567 3856 624 3905 et
665 3847 844 3904 eidem
881 3847 1276 3913 coessentialis,
1329 3846 1445 3920 ipse
1476 3854 1735 3920 tanquam
1777 3847 1847 3904 de
1889 3849 2129 3916 essentia·
2166 3850 2287 3924 ejus

271 3935 550 4012 profluens
576 3936 742 4004 Deus,
769 3951 868 4009 per
891 3947 1076 4008 patres
1109 3935 1366 3994 Nicaenos
1389 3935 1540 3992 credi
1570 3942 1626 3991 et
1648 3936 1938 4009 praedicari
1966 3935 2128 4006 feeit3
2164 3955 2193 3989 υ
2222 3945 2281 3998 at

785 4052 838 4102 S.
869 4052 1022 4102 Tuon.
1057 4057 1142 4108 Ao.
1178 4053 1441 4103 ornnem.
1472 4073 1513 4089 -·
1562 4050 1599 4100 t.
1630 4074 1686 4090 -
1711 4051 1781 4110 32,
