2850 4517
600 380 718 445 164
1078 396 1133 441 s.
1177 394 1409 439 'rflomAE
1449 391 1778 447 AQUINA'HS
1820 394 2128 443 opuscuLA

596 491 939 587 praetendere
983 528 1050 568 ex
1094 510 1313 567 diversa
1341 512 1586 584 corporis
1627 511 1958 568 conditione.
1989 512 2060 568 Ut
2095 490 2262 583 igitur
2306 513 2614 586 exemplum
2674 576 2682 583 ,

597 602 800 659 Christi
846 600 1123 657 efficacius
1164 606 1327 667 esset,
1373 600 1704 657 conveniens
1733 600 1834 656 fuit
1868 606 1927 655 ut
1969 616 2076 657 non
2105 601 2324 659 aliunde
2369 605 2616 676 corporis

596 698 850 748 naturam
880 697 1203 759 assumeret,
1246 704 1412 764 quam
1455 688 1526 746 de
1561 694 1757 745 natura
1787 704 1912 763 quae
1950 706 1985 747 a
2025 690 2201 764 primo
2225 697 2452 765 parente
2481 708 2617 766 pro-

597 786 853 853 pagatur.
1144 783 1151 789 '

1162 954 1167 958 ·
1255 949 1540 1019 CAPUT
1591 930 1948 1019 'ccxan

675 1096 772 1163 De
792 1084 1157 1173 sbrmati'one
1188 1091 1461 1175 corporis
1493 1089 1746 1171 Christi,
1777 1110 1910 1175 quae
1937 1108 2055 1156 non
2080 1097 2170 1158 est
2195 1110 2267 1159 em
2291 1092 2533 1160 semine.

666 1229 788 1289 Non
817 1236 1003 1287 tamen
1035 1227 1142 1305 fuit·
1164 1228 1515 1297 convenienS,
1546 1234 1609 1285 ut
1643 1226 1835 1285 eodem
1858 1229 2022 1286 modo
2049 1228 2377 1287 formaretur
2404 1230 2621 1303 Corpus

595 1314 798 1380 Christi
840 1322 898 1377 in
920 1319 1159 1379 humana
1184 1324 1399 1387 natura,
1428 1319 1572 1376 sicut
1597 1318 1900 1375 formantur
1925 1315 2156 1376 aliorum
2179 1317 2458 1375 hominum
2485 1335 2620 1376 cor-

594 1421 750 1485 pora.
782 1410 919 1467 Cum
955 1411 1101 1467 enim
1130 1412 1199 1469 ad
1239 1408 1352 1467 hoc·
1372 1417 1628 1465 naturam
1653 1414 1976 1480 assumeret,
2011 1413 2072 1464 ut
2100 1408 2274 1481 ipsam
2315 1424 2346 1464 a
2385 1418 2618 1481 peccato

595 1498 904 1567 mundaret,
936 1498 1225 1573 oportebat
1252 1505 1315 1555 ut
1360 1496 1459 1555 tali
1489 1497 1650 1554 modo
1693 1504 2016 1564 assumeret,
2050 1496 2196 1571 quod
2243 1495 2447 1553 nullum
2475 1512 2617 1554 con-

596 1589 807 1660 tagium
850 1589 1062 1662 peccati
1109 1589 1436 1645 incurreret.
1479 1587 1739 1644 Homines
1787 1592 1972 1644 autem
2013 1592 2302 1660 peccatum
2347 1588 2616 1659 originale

592 1680 884 1735 incurrunt
920 1694 988 1735 ex
1013 1678 1136 1747 hoc,
1170 1676 1319 1753 quod
1344 1670 1674 1750 generantur
1700 1693 1796 1749 per
1823 1676 2086 1733 virtutem
2129 1676 2365 1735 activam
2410 1675 2618 1735 huma-

593 1779 742 1835 nam,
788 1781 915 1841 quae
955 1772 1040 1823 est
1084 1768 1142 1824 in
1186 1765 1346 1824 virili
1370 1746 1616 1832 semines
1644 1764 1790 1839 quod
1835 1773 1918 1821 est
1966 1764 2264 1820 secundum
2293 1763 2617 1821 seminalem

593 1856 865 1913 rationem
888 1855 949 1911 in-
967 1854 1144 1914 Adam
1168 1863 1432 1927 peccante
1458 1853 1843 1927 praeextitisse.
1872 1852 2026 1909 Sicut
2048 1851 2192 1907 enirn
2216 1852 2424 1925 primus
2449 1854 2616 1909 homo

594 1942 914 2017 originalem
934 1942 1211 2018 justitiam
1244 1942 1630 2007 transfudisset
1657 1942 1710 1997 in
1737 1950 1984 2015 posteros
2027 1941 2187 1998 simul
2212 1958 2336 1999 cum
2367 1944 2617 1999 transfu-

593 2036 745 2091 sione
800 2022 1029 2105 naturae‚
1068 2032 1150 2091 ita
1188 2034 1355 2091 etiam
1398 2030 1720 2115 originalem
1767 2032 1984 2105 culpam
2032 2032 2326 2101 transfudit
2357 2032 2615 2091 tansfun-

594 2124 772 2182 dendo
798 2133 1073 2191 naturam,
1120 2122 1266 2196 quod
1296 2129 1381 2179 est
1432 2138 1529 2194 per
1572 2118 1833 2179 virtutem
1863 2121 2100 2179 activam
2143 2120 2317 2178 virilis
2363 2122 2611 2179 seminis,

594 2212 852 2285 Oportuit
880 2211 1049 2283 igitur
1073 2210 1281 2284 absque
1309 2208 1454 2266 virili
1479 2210 1687 2266 semiue
1713 2209 1912 2267 Christi
1941 2208 2167 2270 formari
2194 2226 2412 2285 corpus·
2451 2212 2611 2280 Item,

574 2301 770 2377 ³virtus
815 2299 997 2357 activa
1040 2297 1216 2357 virilis
1256 2299 1482 2357 seminis
1507 2298 1836 2357 naturaliter
1881 2300 2014 2371 agit,
2052 2305 2108 2356 et
2151 2299 2274 2357 ideo
2303 2300 2464 2369 bomo
2518 2302 2616 2375 qui

594 2400 662 2444 ex
703 2386 847 2443 virili
892 2386 1100 2445 semine
1128 2393 1441 2460 generatur,
1473 2405 1581 2446 non
1617 2388 1800 2445 subito
1840 2388 2160 2462 perducitur
2189 2387 2256 2445 ad
2283 2389 2613 2461 perfectum,

595 2476 693 2533 sed
718 2475 1097 2535 determinatis
1127 2476 1492 2549 processibus.
1525 2476 1722 2535 Omnia
1747 2477 1890 2535 enim
1921 2477 2191 2537 naturalia
2221 2493 2316 2552 per
2343 2478 2617 2545 determi-

594 2571 729 2621 nata
765 2564 959 2621 media
993 2566 1063 2623 ad
1086 2566 1490 2625 'determinatos
1529 2566 1663 2623 fines
1708 2568 2031 2642 procedunt.
2082 2568 2384 2641 Oportebat
2424 2574 2617 2627 autem

596 2654 805 2727 Corpus
829 2651 1028 2711 Christi
1053 2654 1108 2711 in
1136 2654 1256 2729 ipsa
1293 2656 1668 2729 assumptione
1697 2652 1996 2729 perfectum
2039 2672 2178 2728 esse,
2221 2662 2278 2712 et
2306 2657 2489 2715 anima
2520 2654 2620 2715 νει-ι’

597 2743 791 2802 tionali
833 2743 1206 2813 informatum,
1238 2746 1369 2819 quia
1396 2760 1596 2819 corpus
1622 2755 1707 2803 est
1732 2745 2112 2819 assumptibile
2155 2762 2188 2803 a
2215 2746 2314 2801 Dei
2343 2746 2514 2803 verbo
2558 2748 2616 2804 in

596 2839 866 2907 quantum
894 2840 977 2890 est
1014 2834 1213 2892 animae
1250 2833 1506 2893 rationali
1539 2831 1770 2904 unitum,
1812 2834 1942 2891 licet
1967 2851 2076 2891 non
2121 2843 2268 2893 esset
2309 2837 2617 2909 perfectum

596 2920 899 2977 secundum
939 2921 1181 2980 debitam
1208 2923 1595 2997 quantitatem.
1625 2924 1747 2979 Non
1776 2938 1904 2995 ergo
1928 2924 2138 2999 Corpus
2159 2922 2356 2981 Christi
2383 2924 2615 2985 formari

595 3007 785 3068 debuit
814 3026 911 3084 per
937 3010 1111 3071 virilis
1138 3012 1362 3069 seminis
1389 3012 1675 3071 virtutem.

1280 3182 1563 3250 CAPUT
1593 3232 1598 3237 .
1629 3183 1924 3252 CCXIX.

938 3323 1035 3389 De
1060 3340 1247 3389 causa
1268 3324 1658 3403 formationis
1701 3280 1970 3407 corporis
2003 3324 2256 3424 Christi.

666 3454 803 3516 Cum
832 3464 1017 3515 autem
1059 3458 1305 3533 corporis
1340 3459 1568 3519 humani
1609 3459 1864 3521 formatio
1905 3460 2228 3519 naturaliter
2254 3461 2326 3517 sit
2366 3476 2433 3535 ex
2462 3460 2620 3519 virili

594 3546 822 3618 semine,
872 3562 1218 3622 quocumque
1246 3548 1355 3607 alio
1398 3552 1561 3608 modo
1607 3552 1814 3624 Corpus
1855 3548 2057 3609 Christi
2085 3549 2382 3608 formatum
2417 3549 2618 3621 fuerit,

592 3653 763 3712 supra
802 3643 1057 3701 naturam
1098 3637 1203 3695 fuit
1244 3638 1369 3697 talis
1400 3638 1677 3697 formatioss
1723 3638 1881 3697 Solus
1909 3649 2096 3698 autem
2141 3639 2288 3695 Deus
2323 3638 2626 3698 institutor

591 3735 807 3786 naturae
854 3734 956 3794 est,
1002 3728 1098 3801 qui
1140 3729 1628 3802 supernaturaliter
1660 3730 1717 3787 in
1745 3730 1909 3787 rebus
1945 3728 2286 3787 naturalibus
2321 3735 2624 3803 operatur,

594 3823 848 3891 utsupra
871 3816 1079 3873 dictum
1104 3823 1207 3875 est.
1248 3816 1399 3875 Unde
1427 3819 1753 3891 relinquitur
1781 3818 1929 3893 quod
1952 3818 2100 3875 solus
2129 3819 2276 3874 Deus
2314 3816 2450 3873 illud
2481 3833 2638 3874 cor-

593 3912 701 3977 ‘pus
740 3906 1068 3965 miraculose
1109 3908 1366 3965 formavit
1395 3924 1463 3964 ex
1490 3908 1721 3966 materia
1764 3907 2020 3965 humanae
2059 3913 2293 3965 naturae.
2341 3906 2452 3963 Sed
2483 3922 2638 3968 cum

597 3992 921 4053 omnis·Dei
966 3996 1211 4073 operatio
1252 3996 1308 4055 iu
1354 4003 1606 4056 creatura
1633 3998 1704 4056 sit
1751 3995 1927 4055 tribus
1975 3996 2224 4071 personis
2273 3996 2640 4071 communiae,

2582 4351 2624 4392 l

662 4472 807 4481 -v
1418 4489 1421 4491 ,
1681 4438 1690 4441 ·
2369 4409 2684 4493 ,Δ-
