2850 4517
496 331 617 410 386
974 325 1045 411 s.
1072 354 1305 410 *rfloxuAE
1346 354 1674 416 momnis
1715 348 2022 410 opuscum

496 481 731 554 quisque
756 479 911 538 vivat
940 485 1163 554 propter
1212 495 1319 547 me,
1348 479 1872 554 participatiofacit
1897 495 2008 553 qua
2053 479 2352 537 manducat
2391 495 2498 538 me.
2587 487 2594 492 ’

493 569 607 640 Ego
627 577 811 626 autem
840 569 1160 626 humiliatus
1183 569 1310 628 vivo
1354 575 1578 642 propter
1606 577 1837 644 patrem.
1865 573 1922 626 et
1966 567 2056 624 ille
2102 574 2321 626 erectus
2366 570 2502 642 vivit

495 651 865 730 propter'me.
908 658 1032 716 Non
1078 658 1147 716 de
1184 675 1249 715 ea
1298 665 1498 716 natura
1523 655 1697 725 dixit,
1725 673 1836 732 qua
1871 671 2088 730 semper
2137 663 2222 715 est
2271 657 2502 731 aequulis

494 747 658 820 patri,
686 749 781 804 sed
808 747 879 804 de
902 764 968 805 ea
995 747 1050 803 in
1074 739 1183 822 qua
1210 746 1386 804 minor
1405 745 1584 804 factus
1607 755 1692 804 est
1720 753 1893 820 patre,
1909 747 1977 802 de
2003 762 2112 820 qua
2141 733 2309 803 etiam
2335 763 2500 820 supe-

493 836 608 892 rius
636 835 800 892 dixit:
822 857 847 890 α
871 838 1024 896 Sicut
1054 843 1209 910 pater
1232 836 1591 912 habet-vitam
1615 837 1669 891 in
1699 835 2113 909 semetips0,·sic
2139 835 2292 893 dedit
2313 842 2370 892 et
2391 835 2501 892 filio

493 923 665 982 vitam
687 924 891 982 habere
915 927 969 981 in
1000 927 1319 1000 semetipso.
1344 945 1370 980 κ

529 1083 537 1091 ,
561 1012 725 1087 Resp-
754 1015 907 1072 Unus
934 1015 1108 1087 panis,
1141 1023 1197 1071 et
1223 1031 1389 1070 unum
1413 1029 1612 1088 corpus
1637 1011 1792 1070 multi
1830 1027 2038 1070 sumus·
2066 1012 2268 1070 Omnes
2301 1013 2397 1086 qui
2432 1013 2497 1070 de

493 1114 602 1160 uno
628 1120 769 1176 pane
796 1109 853 1159 et
878 1103 947 1160 de
978 1119 1084 1160 uno
1113 1103 1285 1161 calice
1314 1103 1728 1178 participamus.
2035 1147 2042 1157 .

570 1190 719 1249 Vers.
751 1193 962 1248 Parasti
990 1193 1047 1247 in
1070 1191 1357 1248 dulcedine
1393 1199 1486 1248 tua
1513 1191 1738 1265 pauperi
1768 1192 1932 1261 DeuS,
1969 1191 2064 1264 qui
2087 1189 2337 1248 habitare
2365 1190 2499 1249 sacis

496 1279 783 1336 unanimes
805 1280 860 1335 in
886 1280 1067 1337 domo.
1143 1280 1151 1288 '

564 1368 786 1424 Omnes
813 1362 1023 1424 Gloria.
1055 1369 1473 1442 participamus.

568 1455 718 1512 Ver-s.
747 1455 970 1513 comedi
996 1456 1181 1514 favum
1206 1469 1387 1515 meum
1415 1472 1542 1514 cum
1570 1456 1730 1514 melle
1761 1471 1903 1528 meo.

560 1541 721 1616 Hesp.
748 1543 867 1600 Bibi
896 1545 1083 1602 vinum
1111 1561 1291 1601 meum
1316 1561 1442 1601 cum
1468 1545 1611 1602 lacte
1633 1560 1777 1602 mee.

561 1631 632 1688 In
658 1631 954 1688 Laudibus.
973 1633 1305 1706 Antiphonti.
1322 1634 1621 1707 Sapientiae
1643 1633 1940 1693 aedificavit
1958 1633 2060 1692 sibi
2077 1633 2315 1706 domum,
2349 1634 2496 1692 mis-

492 1719 607 1777 cuit
630 1721 837 1790 vinum,
871 1729 927 1778 et
956 1723 1139 1795 posuit
1178 1739 1445 1781 mensam.
1475 1717 1728 1780 Alleluia.

561 1808 761 1866 Psalm.
788 1811 1054 1868 Dominus
1096 1812 1363 1886 regnavit.

561 1893 789 1972 Antiph.
822 1899 1152 1972 Angelorum
1180 1916 1309 1960 esca
1336 1900 1610 1959 nutrivisti
1641 1901 1898 1975 populum
1923 1909 2098 1972 tuum,
2131 1907 2188 1958 et
2209 1915 2406 1975 panem
2427 1901 2496 1958 de

490 1987 630 2047 coelo
657 1988 964 2061 praestitisti
1003 1989 1103 2056 eis,
1136 1989 1385 2046 Alleluia.

558 2076 893 2150 Antiphonti.
918 2076 1141 2154 Pinguis
1181 2085 1265 2136 est
1290 2079 1448 2153 panis
1474 2077 1694 2148 Christi,
1723 2084 1778 2136 et
1807 2070 2073 2152 praebebit
2093 2078 2324 2138 delicias
2347 2079 2493 2152 regi-

489 2165 610 2232 bus,
641 2165 894 2223 Alleluia.

557 2253 891 2327 Antiphona.
928 2237 1255 2313 Sacerdotes
1295 2255 1396 2314 Dei
1444 2256 1725 2314 incensum
1771 2264 1828 2314 et
1866 2272 2038 2332 panes
2077 2233 2319 2318 offerunt
2357 2259 2493 2326 Deo.

490 2340 745 2398 Alleluia.

558 2429 893 2575 Antffiilhcinu.
921 2429 1169 2489 Vincenti
1206 2430 1351 2491 dabo
1385 2451 1586 2493 manna
1621 2435 2021 2508 absconditum,
2059 2443 2116 2496 et
2157 2451 2357 2498 nomen
2383 2443 2496 2497 nd·

492 2534 637 2584 vum,
754 2535 782 2574 e
806 2536 917 2577 uia.

561 2606 741 2680 Capit.
771 2609 1035 2669 Dominus
1056 2611 1232 2684 JesuS,
1260 2617 1368 2671 etc.
1393 2621 1457 2671 ut
1483 2614 1545 2671 in
1561 2614 1760 2687 primis
1786 2615 2036 2690 vesperis.

1338 2822 1644 2882 HYMNUS

1012 2963 1251 3030 Verbum
1278 2985 1574 3045 supernum
1598 2971 1874 3046 prodienS,

941 3059 1055 3116 Nec
1079 3061 1259 3117 Patris
1282 3060 1534 3136 linquens
1561 3063 1863 3130 dexteram,

942 3149 1023 3206 Ad
1054 3165 1193 3222 opus
1211 3164 1369 3207 suum
1394 3152 1597 3218 exiens,

1085 3239 1245 3296 Venit
1273 3240 1342 3296 ad
1368 3241 1499 3298 vitae
1525 3255 1830 3314 vesperam.

1018 3328 1078 3383 Iu
1104 3337 1334 3385 mortem
1366 3345 1397 3386 a
1427 3329 1694 3404 discipulo

940 3415 1065 3472 Suis
1091 3416 1388 3480 tradendus
1414 3420 1649 3489 aemulis,

942 3503 1175 3581 Prius‘in
1205 3505 1334 3563 vilae
1362 3507 1568 3565 ferculo

1083 3594 1153 3650 Se
1181 3593 1411 3652 tradidit
1439 3596 1742 3673 discipulis„

1013 3681 1222 3754 Quibus
1248 3683 1351 3740 sub
1374 3683 1503 3743 bina
1529 3687 1713 3760 specie
1771 3743 1776 3748 .

940 3772 1169 3828 Carnem
1193 3771 1346 3851 dedit
1373 3781 1431 3832 et
1453 3777 1794 3849 sanguinem,

936 3853 1007 3915 m
1033 3859 1267 3932 duplicis
1293 3861 1618 3924 substantiae

1081 3946 1279 4028 Totum
1306 3949 1515 4010 cibaret
1541 3949 1837 4012 hominem.

592 4081 660 4098 ιι.
926 4059 993 4100 ..ζ

1625 4109 1681 4118 —

1364 4117 1375 4130 δ

1146 4147 1189 4172 ⁴.
1244 4168 1249 4172 .
1277 4142 1396 4174 meam
