2850 4517
832 335 881 384 1.
910 351 993 366 —
1016 337 1421 383 communia
1473 337 1836 383 monosm
2217 319 2339 382 215

334 447 633 522 quamdam
657 446 916 509 unionem
944 449 1259 510 intellectus
1292 453 1468 510 creati
1513 453 1586 510 ad
1624 454 1820 510 Deum.
1845 451 2000 510 Unde
2041 449 2336 525 Dionysius

330 536 489 606 dicit,
516 538 695 612 primo
716 553 841 613 cap.
867 539 937 600 de
960 539 1165 612 divinis
1186 541 1514 610 nominibus,
1541 542 1690 617 quod
1712 541 1932 617 quando
1957 539 2337 598 beatissimum
2397 540 2408 548 “

332 641 731 700 consequemur
758 629 923 686 finem
951 629 1051 686 Dei
1076 631 1440 705 apparitione,
1468 630 1753 704 adimpleti
1777 630 1980 687 erimus
2011 646 2106 704 per
2136 644 2338 702 quam-

328 717 459 774 dam
489 717 1087 790 superintellectualem
1124 719 1496 793 cognitionem
1544 719 1617 776 ad
1654 721 1850 777 Deum.
1875 719 1973 775 Est
2009 718 2194 775 autem
2234 716 2339 775 boc

328 804 606 878 singulare
634 805 839 864 divinae
871 807 1144 877 essentiae,
1172 814 1234 883 ut
1269 809 1320 866 ei
1368 809 1546 882 possit
1591 807 1904 866 intellectus
1949 807 2092 864 uniri
2131 807 2339 880 absque

329 893 479 950 omni
507 891 885 962 similitudine,
912 896 1043 970 quia
1071 904 1126 953 et
1140 896 1267 970 'ipsa
1291 897 1480 954 divina
1503 895 1742 954 essentia
1765 901 1854 952 est
1875 893 1996 967 ejus
2023 911 2163 961 esse,
2191 894 2338 968 quod

328 981 463 1038 nulli
488 981 586 1042 alii
613 981 805 1040 formae
830 984 1114 1058 competit.
1139 985 1296 1043 Unde
1319 991 1539 1060 oportet
1583 984 1732 1059 quod
1765 983 1942 1042 omnis
1987 983 2182 1050 forma,
2215 999 2340 1057 quae

326 1089 426 1146 per
444 1089 516 1130 se
536 1071 779 1135 existens
806 1089 913 1131 non
936 1079 1120 1148 potest
1147 1089 1269 1132 esse
1297 1074 1653 1133 informativa
1680 1073 2014 1144 intellectus,
2040 1079 2193 1145 puta,
2221 1072 2341 1128 sub·

328 1162 536 1219 stantia
588 1161 788 1234 angeli,
840 1163 1097 1235 cognosci
1138 1163 1339 1220 debeat
1388 1163 1460 1220 ab
1496 1163 1779 1220 intellectu
1830 1163 2074 1224 alterius,
2122 1167 2340 1235 oportet

327 1251 477 1326 quod
502 1251 607 1308 hoc
633 1251 730 1308 fiat
760 1267 858 1326 per
897 1250 1141 1326 aliquam
1168 1252 1289 1324 ejus
1332 1251 1749 1309 similitudinem
1783 1251 2122 1309 intellectum
2163 1249 2340 1307 infor-

326 1351 594 1407 mantem,
622 1340 769 1415 quod
805 1357 913 1398 non
942 1341 1241 1415 requiritur
1270 1342 1328 1398 in
1367 1342 1557 1399 divina
1597 1342 1838 1400 essentia
1878 1357 2005 1417 quae
2037 1343 2124 1396 est
2176 1356 2339 1398 suum

326 1447 471 1488 esse.
500 1431 593 1488 Sic
619 1429 788 1502 igitur
816 1447 914 1505 per
940 1433 1117 1505 ipsam
1142 1431 1242 1488 Dei
1264 1431 1534 1488 visionem
1563 1447 1716 1488 mens
1747 1429 1912 1488 beata
1947 1430 2049 1488 fit
2036 1446 2093 1486 ιιι
2127 1429 2340 1487 intelli-

326 1520 511 1596 gendo
556 1535 726 1579 unum
770 1535 895 1576 cum
939 1521 1077 1578 Deo.
1107 1521 1337 1594 Oportet
1376 1521 1548 1594 igitur
1584 1518 1894 1592 intelligens
1911 1525 1968 1576 et
1996 1519 2340 1580 intellectum

323 1625 451 1667 esse
475 1608 879 1683 quodammodo
904 1619 1115 1666 unum.
1136 1616 1205 1664 et
1226 1609 1353 1666 ideo
1378 1611 1498 1666 Deo
1524 1618 1786 1682 regnante
1809 1609 1866 1664 in
1895 1608 2125 1677 sanctis,
2153 1615 2210 1665 et
2232 1607 2340 1682 ipsi

327 1701 502 1756 etiam
528 1714 653 1754 cum
676 1698 792 1754 Deo
818 1697 1251 1770 conregnabunt.
1281 1698 1350 1754 Et
1376 1698 1504 1755 ideo
1535 1714 1604 1754 ex
1642 1713 1830 1754 eorum
1874 1712 2106 1770 persona
2135 1696 2341 1754 dicitur

322 1790 503 1860 Apoc.
530 1804 569 1844 v
594 1802 610 1843 ι
642 1785 850 1846 Existi
890 1802 985 1842 nos
1010 1785 1120 1842 Deo
1142 1793 1324 1843 nostro
1345 1803 1570 1859 requam
1597 1794 1648 1844 et
1669 1786 1982 1853 sacerdotes,
2011 1792 2062 1843 et
2086 1785 2342 1860 reynabi-

322 1876 505 1934 bimus
527 1883 943 1950 superterram.
975 1873 1189 1933 Dicitur
1229 1874 1377 1930 enim
1415 1875 1521 1930 boc
1558 1891 1806 1946 regnum,
1839 1891 1947 1947 quo
1973 1876 2120 1930 Deus
2147 1881 2342 1946 regnat

318 1967 381 2024 in
407 1963 646 2033 sanctiS,
676 1969 736 2020 et
758 1962 937 2019 sancti
964 1978 1093 2019 cum
1135 1963 1271 2033 Deo,
1293 1979 1522 2034 regnum
1549 1962 1831 2030 coelorum,
1863 1962 2162 2019 secundum
2207 1961 2342 2018 illud

318 2053 529 2112 Matth.
559 2068 667 2110 ιν·
692 2050 1077 2110 Paenitentiam
1098 2051 1261 2124 apice,
1290 2049 1746 2152 appropinquavit
1771 2050 1912 2108 enim
1941 2065 2164 2124 requam
2187 2050 2342 2107 coelo-

322 2158 474 2210 rum,
508 2155 577 2196 eo
611 2117 790 2198 modo
811 2137 1087 2212 loquendi
1116 2154 1225 2213 quo
1260 2154 1383 2195 esse
1428 2138 1485 2194 in
1529 2138 1670 2196 coelo
1708 2139 1825 2195 Deo
1867 2136 2206 2206 attribuitur,
2235 2153 2343 2194 non

326 2231 461 2305 quia
504 2227 882 2301 corporalibus
916 2228 1073 2285 coelis
1106 2227 1475 2298 contineatur,
1501 2228 1598 2285 sed
1640 2233 1704 2284 ut
1741 2241 1843 2300 per
1881 2226 1987 2284 hoc
2023 2227 2344 2300 designetur

326 2320 426 2376 Dei
459 2315 948 2390 eminentia.super
976 2332 1193 2373 omnem
1222 2315 1386 2375 aliam
1412 2323 1727 2374 creaturam
1763 2321 2109 2390 corpoream‚'
2139 2331 2344 2375 secun·
2405 2364 2410 2369 .

329 2409 461 2465 dum
488 2407 626 2464 illud
652 2405 799 2464 Psal.·
826 2421 949 2464 σιιιι
978 2422 994 2462 ι
1023 2407 1277 2464 Exulem
1316 2421 1483 2480 super
1523 2420 1704 2464 omnes
1743 2413 1922 2480 geum
1960 2405 2242 2474 Dominus,
2289 2414 2342 2464 et

327 2513 494 2570 super
514 2491 666 2554 coelos
684 2493 861 2568 gloria
884 2494 1019 2567 ejus.
1046 2495 1139 2553 Sic
1165 2496 1331 2568 igitur
1360 2503 1419 2552 et
1443 2494 1736 2554 beatitudo
1763 2503 2084 2553 sanctorum
2111 2511 2342 2569 regnum

330 2587 599 2646 coelorum
621 2585 839 2652 dicitur,
868 2599 978 2640 non
1002 2584 1132 2658 quia
1156 2599 1347 2642 eorum
1369 2584 1740 2642 remuneratio
1767 2583 1842 2642 sit
1877 2583 1936 2641 in
1963 2584 2342 2662 corporalibus

330 2676 509 2748 coelis,
539 2673 681 2734 sed
666 2690 724 2730 ιιι
745 2673 1205 2746 contemplatione
1234 2689 1401 2745 super
1439 2673 1686 2730 coelestis
1709 2679 1972 2730 naturae:
2003 2673 2150 2728 unde
2186 2681 2242 2729 et
2271 2673 2343 2728 de

334 2765 545 2838 angelis
574 2763 777 2822 dicitur
798 2763 993 2820 Matth.
1021 2759 1441 2833 xv111·An9eli
1466 2777 1648 2817 eorum
1669 2759 1732 2815 in
1758 2760 1898 2816 coelis
1924 2777 2130 2832 semper
2153 2759 2344 2816 vident

332 2852 527 2927 facicm
540 2850 723 2926 patris
744 2848 848 2908 mei
872 2847 964 2922 qui
993 2848 1052 2903 in
1074 2845 1217 2904 coelis
1238 2852 1334 2902 est.
1365 2845 1522 2901 Unde
1549 2853 1604 2901 et
1628 2848 1770 2914 Aug.
1797 2845 1855 2901 in
1885 2844 1978 2900 lib.
1997 2846 2066 2900 de
2089 2859 2341 2901 sermone

332 2941 553 3000 Domini
596 2940 655 2997 in
693 2947 897 3008 monte,
939 2937 1075 2994 dicit
1113 2949 1389 3008 exponens
1427 2932 1560 3010 illud
1608 2933 1756 3008 quod
1802 2925 2005 2990 dicitur
2038 2931 2232 2989 Matth.
2259 2949 2338 2991 v.

334 3032 537 3102 Herm
556 3036 735 3094 vestra
758 3027 965 3102 copiosa
991 3033 1068 3083 est
1092 3025 1155 3091 in
1182 3023 1343 3081 coelis.
1368 3023 1490 3080 Non
1531 3021 1622 3078 bic
1648 3019 1819 3078 coelos
1847 3021 1957 3078 dici
2002 3029 2135 3093 puto
2172 3037 2343 3095 supe-

334 3118 919 3198 rioresqparteszbnjiis
950 3114 1187 3180 visibilis
1224 3112 1431 3170 mundi.
1459 3113 1582 3170 Non
1625 3111 1770 3168 enim
1810 3126 2020 3167 merces
2057 3120 2246 3170 nostra
2285 3111 2342 3168 in

336 3204 1337 3272 rebus·volubil'rbus·oollocanda-est
1368 3217 1383 3258 ι
1416 3201 1514 3258 sed
1559 3201 1616 3257 in
1659 3199 1814 3256 coelis
1854 3200 2063 3258 dictum
2109 3208 2242 3276 puto
2283 3201 2342 3258 in

336 3281 715 3374 spiritualibus
736 3293 1122 3366 firmamentis,
1144 3293 1236 3351 ubi
1263 3291 1478 3352 habitat
1505 3290 1840 3364 sempiterna
1861 3291 2098 3363 justitia.
2126 3292 2342 3349 Dicitur

336 3389 506 3447 etiam
528 3396 588 3448 et
604 3385 711 3446 hoc
736 3385 897 3444 finale
923 3385 1145 3453 bonum,
1176 3381 1368 3458 quod·
1350 3397 1408 3438 ιιι
1435 3383 1552 3438 Deo
1574 3380 1846 3448 consistit,
1877 3377 1992 3436 vita
2017 3387 2247 3446 aeterna,
2273 3395 2342 3436 eo

336 3478 499 3534 modo
522 3475 804 3550 loquendi
835 3490 945 3548 quo
986 3473 1134 3531 actio
1166 3471 1365 3528 animae
1408 3468 1739 3527 vivificantis
1775 3466 1978 3525 dicitur
2017 3466 2176 3523 vita·
2197 3466 2341 3522 unde

338 3571 415 3624 tot
439 3566 592 3624 modi
618 3564 752 3622 vitae
784 3563 1213 3635 distinguuntur,
1240 3565 1374 3634 quot
1402 3566 1530 3616 sunt
1556 3573 1756 3631 genera
1803 3556 2001 3614 animae
2039 3555 2338 3623 actionum¹

338 3655 478 3712 inter
506 3669 647 3730 quas
680 3669 938 3729 suprema
964 3660 1051 3710 est
1075 3650 1321 3725 operatio
1363 3648 1692 3716 intellectus,
1725 3654 1782 3705 et
1828 3645 2129 3704 secundum
2155 3642 2342 3700 Philo-

338 3747 587 3819 sophum,
610 3746 759 3807 actio
788 3743 1099 3802 intellectus
1124 3749 1210 3800 est
1237 3740 1370 3797 vita.
1398 3739 1472 3796 Et
1496 3741 1627 3814 quia
1660 3745 1816 3795 actus
1853 3753 1922 3792 ex
1953 3734 2168 3806 objecto
2209 3747 2341 3805 spe-

339 3836 478 3897 ciem
506 3837 728 3910 accipit,
756 3835 885 3892 inde
904 3841 989 3892 est
1007 3833 1139 3908 quia
1157 3831 1298 3890 visio
1319 3830 1626 3888 divinitatis
1649 3829 1766 3886 vita
1793 3834 2001 3884 aeterna
2029 3822 2340 3880 nominatur

341 3926 643 3996 secundum
668 3925 991 3987 illud-«ioan.
1013 3937 1142 3984 xvn
1173 3922 1339 3983 :Hoee
1354 3911 1452 3980 σεῖ’
1473 3920 1590 3979 vita
1612 3913 1838 3986 oet'erna,
1865 3921 1930 3975 ut
1955 3917 2262 3990 coquoscant
2289 3918 2340 3970 te
