2850 4517
531 336 612 395 82
1009 352 1062 397 s.
1106 350 1339 397 ‘mount
1379 350 1709 401 murm-ris
1750 348 2065 395 opuscum

533 469 681 541 quod
710 468 766 525 in
789 467 981 525 ordine
1009 467 1144 541 'boni
1182 474 1523 526 statuuntur.
1554 466 1752 525 Omnia
1790 482 1921 539 ergo
1957 465 2333 539 gubernantur
2362 470 2421 523 et
2450 483 2545 524 re-

537 563 742 634 guntur
769 573 804 615 a
825 558 961 613 Deo.
1831 566 1839 569 ·

1171 795 1178 801 .
1212 723 1497 795 CAPUT
1556 721 1863 792 CXXIV.

662 871 842 949 Quod
861 874 1030 935 Deus
1043 887 1159 951 per
1185 867 1523 951 superiores
1550 872 1865 932 creaturas
1882 861 2053 949 'reyit
2078 866 2419 947 inferiores.

599 1008 912 1067 Secundum
933 1007 1038 1063 hoc
1065 1012 1253 1063 autem
1277 1008 1525 1078 apparet,
1548 1002 1697 1077 quod
1734 1000 2021 1060 inferiores
2048 1010 2317 1061 creaturae
2346 1019 2380 1063 a
2424 1004 2543 1061 Deo

529 1114 630 1173 per
659 1097 967 1171 superiores
1014 1100 1297 1166 reguntur.
1345 1092 1657 1151 Secundum
1698 1092 1803 1149 hoc
1844 1093 1990 1149 euim
2028 1091 2230 1166 aliquae
2272 1100 2543 1151 creaturae

533 1188 844 1261 superiores
871 1185 1149 1251 dicuntur,
1173 1182 1318 1257 quod
1346 1182 1402 1239 in
1421 1181 1669 1241 bonitate
1694 1181 2047 1255 perfectiores
2072 1184 2315 1240 existunt
2345 1199 2360 1239 z
2387 1185 2484 1241 ord
2494 1184 2543 1239 i-

531 1292 659 1333 nem
687 1281 869 1331 autem
893 1274 1022 1329 boni
1049 1278 1321 1330 creaturae
1347 1275 1758 1345 consequuntur
1776 1287 1809 1327 a
1828 1273 1943 1329 Deo
1970 1271 2027 1327 in
2056 1278 2322 1347 quantum
2352 1288 2544 1345 regun-

533 1373 624 1422 tur
657 1364 726 1421 ab
767 1364 916 1437 ips03
949 1362 1029 1419 sic
1069 1362 1238 1434 igitur
1281 1361 1591 1436 superiores
1628 1364 1897 1419 creaturae
1935 1361 2056 1435 plus
2093 1361 2426 1435 participant
2472 1361 2542 1418 de

533 1452 722 1507 ordine
763 1448 1174 1521 gubernationis
1192 1447 1414 1517 divinae,
1442 1463 1610 1522 quam
1642 1446 1947 1508 inferiores.
1969 1448 2125 1518 Quod
2156 1457 2340 1517 autem
2366 1449 2541 1520 magis

531 1540 828 1613 participat
856 1538 1356 1613 quantamcumque
1383 1537 1792 1611 perfectionem,
1825 1544 2175 1611 eomparatur
2203 1537 2272 1594 ad
2297 1536 2543 1611 id‚quod

532 1630 714 1685 miuus
751 1630 924 1703 ipsam
970 1628 1283 1705 participat,
1315 1627 1463 1683 sicut
1508 1632 1663 1684 actus
1708 1627 1775 1686 ad
1817 1628 2143 1700 potentiam,
2167 1635 2222 1683 et
2260 1642 2429 1698 agens
2470 1627 2543 1684 ad

533 1717 768 1792 patiens·
795 1718 1112 1793 Superiores
1137 1718 1310 1790 igitur
1336 1722 1609 1773 creaturae
1642 1722 2030 1787 comparantur
2064 1716 2134 1775 ad
2172 1712 2457 1776 inferiores
2484 1717 2543 1773 in

533 1808 724 1865 ordine
746 1808 950 1865 divinae
973 1806 1352 1881 providentiae,
1380 1806 1523 1862 sicut
1552 1820 1719 1877 agens
1743 1805 1811 1862 ad
1841 1806 2077 1877 patiens.
2105 1808 2207 1862 Per
2231 1804 2543 1879 superiores

532 1897 702 1969 igitur
735 1907 1006 1955 creaturae
1043 1896 1328 1953 inferiores
1371 1894 1767 1968 gubernantur.
1794 1894 1949 1961 item,
1982 1894 2050 1951 ad
2099 1892 2343 1951 divinam
2378 1894 2543 1952 boni-

453 2036 458 2041 .
536 1992 707 2043 tatem
732 1984 990 2060 pertinet,
1019 1986 1168 2059 quod
1201 1998 1358 2041 suam
1391 1974 1805 2064 similitudinem
1828 1983 2215 2061 communicet
2247 1985 2539 2041 creatur-ie.

532 2058 622 2132 Sic
649 2076 794 2133 enim
832 2082 1052 2148 propter
1089 2089 1245 2131 suam
1281 2073 1586 2129 bonitatem
1614 2074 1760 2127 Deus
1784 2071 1969 2128 omnia
1997 2072 2200 2129 dicitur
2232 2071 2450 2139 fecisse,
2482 2080 2543 2131 ut

532 2178 602 2224 ex
645 2162 980 2237 supradictis
1018 2168 1172 2239 patet
1204 2179 1218 2219 :
1245 2160 1315 2217 ad
1361 2160 1753 2233 perfectionem
1796 2165 1980 2216 autem
2027 2160 2229 2220 divinae
2254 2161 2542 2234 „bonitatis

511 2251 788 2325 'pertinet‚
813 2259 868 2306 et
890 2251 1042 2323 >quod
1070 2251 1126 2304 in
1155 2264 1213 2304 se
1236 2248 1410 2304 bonus
1438 2250 1530 2313 sit,
1562 2255 1618 2305 et
1646 2248 1789 2321 quod
1816 2248 1925 2305 alia
1952 2250 2023 2307 ad
2041 2250 2346 2310 bonitatem
2373 2252 2541 2309 redu-

532 2345 654 2407 cat3
681 2345 974 2411 utrumque
1002 2338 1171 2409 igitur
1204 2343 1474 2393 creaturae
1506 2336 1893 2406 communicat,
1925 2343 1981 2394 et
2022 2340 2167 2413 quod
2209 2340 2263 2395 in
2298 2355 2359 2395 se
2400 2342 2540 2398 bona

533 2428 627 2495 sit,
657 2433 713 2483 et
737 2427 886 2500 quod
909 2442 1018 2483 una
1043 2425 1206 2482 aliam
1229 2426 1297 2481 ad
1328 2426 1529 2481 bonum
1557 2426 1799 2484 inducat.
1832 2427 1923 2486 Sic
1957 2428 2123 2499 igitur
2147 2444 2243 2501 per
2271 2431 2540 2503 quasdam

533 2525 836 2580 creaturas,
867 2514 1004 2573 alias
1025 2516 1092 2571 ad
1117 2515 1320 2571 bonum
1349 2516 1562 2573 inducit·
1591 2535 1604 2571 :
1637 2516 1733 2573 has
1764 2524 1947 2573 autem
1977 2525 2193 2591 oportet
2229 2533 2349 2575 esse
2374 2535 2541 2593 supe-

533 2606 706 2661 riores
730 2612 1028 2663 creaturaS.
1062 2606 1201 2659 Nam
1239 2605 1384 2678 quod
1405 2606 1701 2679 participat
1730 2606 1799 2663 ab
1836 2606 2020 2679 aliquo
2050 2615 2245 2679 agente
2276 2608 2541 2665 similitu·-

532 2695 718 2761 dinem
742 2693 932 2750 formae
962 2702 1019 2750 et
1045 2695 1297 2760 actioniS‚
1330 2695 1625 2767 perfectius
1653 2703 1737 2756 est
1765 2712 1830 2753 eo
1868 2697 2014 2769 quod
2042 2698 2339 2770 participat
2380 2699 2540 2755 simi-

533 2782 822 2839 litudinem
865 2783 1076 2851 formae,
1106 2790 1164 2839 et
1207 2799 1316 2841 non
1359 2786 1613 2853 actioniS,
1646 2787 1787 2841 sicut
1832 2785 1958 2841 iuna
2002 2786 2297 2859 perfectius
2343 2788 2538 2862 recipit

532 2872 718 2929 lumen
757 2888 806 2929 a-
835 2874 970 2942 soie,
997 2889 1124 2947 quae
1168 2889 1277 2931 non
1323 2874 1498 2931 solum
1541 2876 1603 2931 fit
1644 2873 1845 2940 lucida,
1890 2874 1989 2931 sed
2029 2875 2197 2931 etiam
2245 2875 2534 2945 illuminat,

533 2978 700 3035 quam
740 2978 970 3037 corpora
1008 2978 1200 3035 opaca,
1231 2980 1358 3036 quae
1402 2963 1779 3018 illuminantur
1832 2952 2065 3031 tantum}
2090 2971 2147 3019 et
2184 2979 2291 3019 non
2331 2964 2537 3023 illumi-

533 3043 685 3107 nant.
712 3054 860 3108 Deus
898 3053 1065 3125 igitur
1097 3067 1204 3123 per
1243 3058 1527 3107 creaturas
1564 3051 1875 3122 superiores
1915 3052 2201 3110 inferiores
2244 3054 2534 3125 gubernat.

534 3140 728 3197 Adhuc
752 3140 958 3197 bonum
987 3140 1277 3198 multorum
1310 3141 1505 3196 meiius
1532 3146 1635 3206 est,
1666 3156 1833 3213 quam
1854 3140 2058 3197 bonum
2096 3144 2257 3211 unius
2300 3150 2532 3219 tantum,

534 3235 711 3299 etper
751 3243 1090 3301 consequens
1117 3235 1202 3284 est
1247 3229 1422 3300 magis
1462 3228 1665 3286 divinae
1705 3228 1965 3287 bonitatis
2003 3234 2531 3306 repraesentativum,

535 3330 660 3389 quae
683 3323 768 3373 est
794 3317 996 3375 bonum
1033 3318 1204 3374 totius
1231 3317 1492 3373 universi.
1521 3319 1577 3375 Si
1608 3326 1793 3375 autem
1826 3328 2081 3377 creatura
2127 3323 2375 3395 superior
2411 3332 2537 3399 quae

535 3406 986 3462 abundantiorem
1014 3406 1316 3463 bonitatem
1350 3422 1382 3463 a
1409 3409 1527 3463 Deo
1558 3408 1869 3481 participat,
1899 3424 2005 3465 non
2044 3421 2433 3482 cooperaretur
2466 3414 2535 3471 ad

532 3494 735 3551 bonum
772 3494 1088 3551 inferiorum
1124 3487 1519 3565 creaturarum,
1567 3496 1662 3554 iiia
1704 3497 2039 3555 abundantia
2076 3500 2340 3557 bonitatis
2389 3512 2535 3560 esset

535 3584 697 3639 unius
723 3591 974 3641 tantum:
1005 3600 1102 3657 per
1137 3583 1241 3641 hoc
1284 3595 1469 3645 autem
1512 3588 1574 3645 fit
1611 3589 1913 3645 communis
1942 3589 2256 3657 multorum,
2285 3592 2432 3665 quod
2464 3594 2534 3651 ad

533 3670 736 3729 bonum
779 3674 1074 3731 multorum
1114 3682 1438 3748 cooperatur
1477 3680 1762 3751 :pertinet
1808 3679 1974 3751 igitur
2020 3679 2126 3735 hoc
2168 3680 2239 3735 ad
2290 3681 2532 3741 divinam

533 3760 856 3833 bonitatem,
879 3769 940 3827 ut
967 3763 1113 3827 Deus
1141 3781 1237 3838 per
1255 3766 1567 3841 superiores
1594 3774 1877 3833 creaturas
1900 3767 2185 3833 inferiores
2214 3779 2392 3844 regat.

1377 3933 1686 3955 nn———u-

1265 4142 1334 4155 >eu-¹
1355 4142 1482 4155 ῬὯῗι
1510 4143 1538 4153 ’ν
1567 4144 1573 4149 ·
