2850 4517
516 294 597 357 80
992 307 1046 355 s.
1089 306 1324 350 rnoms
1364 302 1691 355 nomm-ns
1732 301 2043 349 oruscum

519 428 707 495 tionis,
735 421 1009 499 vituperio
1041 422 1238 496 dignus
1260 430 1365 491 est,
1392 429 1449 479 ει
1491 435 1669 495 poena.
1694 420 1751 477 Si
1798 435 1924 493 quae
1941 434 2073 477 vero
2114 420 2358 481 actiones
2392 432 2528 483 sunt

519 513 993 583 mistae‚habentes
1018 512 1230 570 scilicet
1251 509 1461 585 aliquid
1487 510 1558 567 de
1585 508 1915 577 voluntario,
1944 516 1999 565 et
2028 508 2237 583 aliquid
2258 510 2330 568 de
2360 512 2527 571 invo-

517 605 774 672 luntario,
803 608 974 660 tanto-
998 600 1073 659 ibi
1111 601 1414 669 minoratur
1452 598 1631 672 culpa,
1666 603 1869 672 quanto
1894 596 2019 671 plus
2045 598 2115 655 de
2151 598 2527 659 involuntario

519 692 872 753 admiscetur.
907 684 1047 763 Quia
1086 706 1218 748 vero
1255 686 1522 746 naturalis
1560 688 1703 743 actio
1738 693 1990 744 naturam
2023 687 2103 743 rei
2142 690 2525 763 consequitur,

519 782 869 841 manifestum
901 788 986 837 est
1021 780 1168 854 quod
1206 779 1264 835 in
1299 778 1463 833 rebus
1498 776 2022 850 incorruptibilibus,
2052 792 2288 851 quarum
2327 787 2530 835 natura

521 870 875 929 transmutari
901 884 1007 925 non
1033 874 1231 941 potest,
1259 865 1544 948 naturalis.
1564 866 1797 923 actionis
1824 875 2110 938 peccatum
2139 867 2393 924 accidere
2418 884 2528 924 non

520 966 718 1036 potest.
732 959 998 1018 Voluntas
1021 962 1203 1014 autem
1221 955 1605 1019 intellectualis
1620 964 1889 1015 creaturae
1907 955 2181 1013 defectum
2203 958 2317 1030 pati
2344 964 2529 1029 potest

519 1051 576 1106 in
614 1046 922 1107 voluntaria
954 1044 1187 1113 actione,
1221 1050 1283 1100 ut
1319 1060 1487 1118 supra
1524 1052 1803 1101 ostensum
1854 1051 1960 1101 est.
1999 1045 2154 1101 Unde
2195 1046 2531 1120 relinquitur

521 1137 816 1214 quodlicet
843 1152 1032 1193 carere
1060 1135 1202 1191 malo
1227 1142 1441 1193 naturae
1466 1133 1717 1191 omnihus
1744 1134 2248 1209 incorruptibilibus
2272 1137 2347 1191 sit
2370 1153 2532 1193 com-

521 1243 702 1298 mune,
727 1242 917 1284 carere
946 1230 1130 1283 tamen
1157 1240 1226 1282 ex
1238 1224 1581 1309 ‘necessitate
1608 1239 1725 1281 suae
1746 1232 1962 1281 naturae
1990 1224 2133 1282 malo
2162 1224 2355 1297 culpae,
2372 1228 2531 1299 cujus

521 1318 639 1375 sola
657 1315 942 1373 rationalis
968 1320 1167 1372 natura
1189 1320 1274 1371 est
1300 1329 1495 1387 capax,
1526 1312 1695 1371 solius
1722 1313 1823 1371 Dei
1846 1314 2127 1387 proprium
2153 1312 2451 1373 invenitur.

1227 1484 1509 1555 CAPUT
1574 1484 1815 1553 CXXI.
2292 1570 2298 1574 .

463 1615 478 1626 ’
519 1600 523 1605 “
584 1596 762 1704 Quod
787 1624 1039 1708 aliquod
1063 1622 1292 1689 malam
1315 1622 1487 1687 habet
1513 1623 1807 1687 rationem
1814 1640 2008 1705 poenae
2031 1628 2088 1687 et
2114 1640 2233 1687 noa
2260 1626 2476 1707 calpae.

593 1760 747 1818 Sicut
775 1766 960 1817 autem
992 1756 1239 1815 defectus
1272 1754 1505 1815 actionis
1550 1756 1875 1815 voluntariae
1921 1759 2211 1815 constituit
2256 1760 2529 1819 rationem

527 1846 740 1923 peccati
778 1855 836 1907 et
880 1847 1076 1923 culpis,
1111 1848 1190 1905 ita
1232 1846 1479 1905 defectus
1516 1847 1808 1920 cujuslibet
1838 1847 1965 1905 boni
2004 1864 2101 1921 pro
2133 1847 2295 1921 culpa
2347 1849 2534 1907 illatus

496 1922 716 1997 ¹contra
733 1936 1070 1997 voluntatem
1090 1938 1210 2011 ejus
1235 1937 1324 1995 cui
1349 1934 1598 2005 infertur,
1620 1952 1798 2011 poenae
1822 1936 2035 1994 obtinet
2057 1936 2347 1995 rationem.
2365 1940 2536 1997 Poena

523 2028 670 2083 enim
695 2026 926 2084 infertur
954 2031 1014 2082 ut
1037 2024 1306 2083 medicina
1331 2024 1525 2098 culpae,
1559 2030 1615 2079 et
1648 2032 1710 2081 ut
1738 2024 2049 2082 ordinativa
2072 2026 2210 2098 ejus·
2241 2026 2315 2082 Ut
2354 2026 2529 2083 medi-

525 2116 649 2173 cina
669 2114 909 2188 quidem,
926 2114 986 2170 in
1009 2118 1274 2186 quantum
1295 2112 1459 2167 homo
1487 2117 1708 2184 propter
1728 2128 1947 2185 poenam
1970 2113 2267 2170 retrahitur
2292 2130 2324 2171 a
2350 2114 2531 2189 culpa,

526 2204 658 2259 dum
680 2219 748 2258 ne
760 2203 1001 2275 patiatur
1023 2200 1169 2274 quod
1199 2205 1282 2255 est
1311 2215 1427 2256 suae
1450 2200 1786 2257 contrarium
1814 2200 2104 2279 voluntati,
2119 2203 2351 2261 dimittit
2372 2220 2535 2277 agere

527 2290 892 2346 inordinatam
915 2289 1205 2356 actionem,
1231 2304 1354 2362 quae
1383 2304 1499 2345 suae
1526 2288 1667 2345 foret
1696 2289 1899 2363 placita
1922 2291 2213 2349 voluntati.
2236 2292 2336 2349 Est
2366 2295 2544 2351 etiam-

527 2377 834 2435 ordinativa
862 2377 1052 2451 ipsine„
1081 2378 1208 2451 quia
1232 2394 1328 2450 per
1354 2378 1572 2452 culpam
1594 2378 1756 2435 homo
1797 2382 2198 2453 transgreditur
2222 2391 2401 2441 metas
2440 2399 2534 2439 or-

527 2466 671 2523 dinis
699 2466 983 2536 naturalis,
1013 2465 1136 2539 plus
1177 2482 1292 2524 suae
1316 2467 1583 2525 voluntati
1612 2468 1877 2537 tribuens,
1906 2486 2072 2543 quam
2118 2478 2354 2547 oportet.
2380 2472 2535 2529 Unde

527 2556 597 2613 ad
623 2555 866 2613 ordinem
877 2553 1110 2628 justitiae
1131 2555 1191 2611 fit
1215 2555 1463 2613 reductio
1481 2574 1579 2630 per
1601 2574 1837 2631 posnam,
1852 2576 1950 2633 per
1974 2577 2141 2635 quam
2164 2561 2534 2618 substrahitur

528 2644 735 2718 aliquid
771 2636 1062 2702 voluntati.
1101 2643 1256 2703 Unde
1283 2651 1457 2719 patet,
1484 2646 1635 2720 quod
1672 2648 2003 2707 conveniens
2038 2666 2199 2724 poena
2234 2665 2335 2723 pro
2376 2649 2533 2724 culpa

527 2748 634 2879 no?
660 2732 926 2803 redditur,
955 2732 1056 2791 nisi
1085 2732 1208 2808 plus
1237 2734 1605 2794 contrarietur
1628 2736 1895 2796 voluntati
1922 2754 2084 2812 poena
2125 2754 2291 2812 quam
2320 2738 2535 2810 placeat

527 2838 598 2879 cu
620 2838 711 2897 pa.
789 2850 806 2865 ·

1227 2995 1513 3065 CAPUT
1559 2996 1831 3065 CXXII.

537 3133 716 3211 Quod
739 3152 858 3198 non
897 3134 1090 3200 eodem
1115 3133 1285 3198 modo
1314 3133 1506 3197 omnis
1520 3150 1704 3215 poma
1745 3130 2162 3197 contrariatur
2200 3134 2527 3205 voluntati.

598 3270 722 3325 Non
743 3268 935 3330 eodem
972 3274 1158 3327 autem
1182 3260 1359 3325 'modo
1402 3267 1579 3325 omnis
1606 3282 1769 3341 poena
1811 3273 1895 3325 est
1932 3273 2125 3327 contra
2170 3270 2528 3332 voluntatem.

530 3357 794 3427 Quaedam
821 3360 965 3416 enim
999 3374 1164 3433 poena
1187 3366 1274 3415 est
1311 3363 1505 3431 contra
1534 3358 1590 3414 id
1613 3356 1761 3431 quod
1801 3357 1963 3417 homo
1985 3350 2135 3429 'actu
2174 3360 2309 3431 vult,
2334 3370 2392 3419 et
2418 3362 2533 3421 haec

529 3464 692 3522 poena
719 3448 957 3505 maxime
976 3447 1212 3506 sentitur
1239 3464 1252 3502 :
1285 3445 1541 3521 quaedam
1564 3462 1695 3506 vero
1724 3463 1833 3506 non
1872 3449 2239 3507 contrariatur
2266 3450 2530 3509 voluntati

530 3536 584 3595 in
609 3543 755 3606 actu,
786 3538 883 3595 sed
903 3538 959 3595 id
983 3537 1195 3605 habitu,
1221 3536 1368 3594 sicut
1393 3553 1523 3595 cum
1554 3537 1755 3613 aliquis
1788 3539 2037 3613 privatur
2060 3556 2121 3597 re
2144 3538 2347 3613 aliqua,
2377 3548 2529 3613 puta,

529 3626 662 3696 tilio,
688 3626 775 3686 vel
799 3626 1139 3702 possessione
1168 3641 1233 3685 eo
1272 3626 1579 3701 ignorante.
1608 3628 1763 3688 Unde
1790 3645 1886 3703 per
1912 3628 2017 3686 hoc
2044 3644 2153 3686 non
2192 3629 2373 3702 agitur
2407 3638 2531 3687 actu

529 3715 735 3791 aliquid
753 3724 944 3774 contra
967 3718 1086 3790 ejus
1112 3716 1453 3777 voluntatem
1481 3735 1495 3775 t
1524 3724 1669 3776 esset
1693 3724 1879 3775 autem
1904 3719 2240 3776 contrarium
2266 3717 2532 3775 voluntati

530 3804 576 3863 si
601 3806 788 3864 sciret.
817 3806 1160 3882 Quandoque
1185 3825 1317 3868 vero
1356 3824 1519 3883 poena
1546 3807 1883 3865 contrarium
1920 3806 2195 3865 voluntati
2234 3806 2533 3864 secundum

529 3898 784 3955 naturam
807 3892 982 3971 ipsius
1008 3897 1272 3972 potentiae
1300 3914 1314 3955 z
1341 3894 1599 3956 voluntas
1634 3893 1780 3953 enim
1806 3894 2133 3956 naturaliter
2155 3892 2442 3956 ordinatur
2465 3894 2533 3956 ad
