2850 4517
540 306 661 364 322
1020 324 1069 364 s.
1116 323 1347 367 ‘rnoMAE
1390 322 1718 370 Aonum‘ris
1759 322 2072 365 opusculis

512 419 519 425 ’
545 445 652 493 tem
684 437 753 494 ad
778 437 1017 493 animam
1044 437 1170 503 duo.
1200 438 1377 495 Unum
1403 436 1625 511 quidem
1661 436 1960 493 secundum
1987 436 2134 509 quod
2178 436 2501 491 vivificatur
2529 452 2561 490 a

540 527 674 590 De0‚
698 533 753 581 et
779 534 1047 598 quantum
1075 526 1142 582 ad
1173 526 1276 581 hoc
1306 542 1403 599 pro
1434 525 1695 582 fratribus
1724 526 1962 581 animam
1991 541 2192 596 ponere
2225 539 2336 579 non
2366 524 2558 579 debet.

542 614 777 669 Tantum
806 614 952 668 enim
976 613 1100 685 quis
1142 613 1321 685 diligit
1351 614 1522 669 vitam
1549 613 1766 679 animae,
1799 618 2066 685 quantum
2109 611 2292 681 diligit
2331 610 2518 665 Deum
2545 626 2559 662 :

541 702 663 776 plus
716 703 861 757 enim
892 702 1054 757 debet
1096 703 1468 775 unusquisque
1503 702 1674 757 Deum
1719 701 1966 771 diligere,
1999 716 2164 774 quam
2217 700 2559 771 proximum.

542 792 661 847 Non
686 789 850 845 debet
879 805 1009 861 ergo
1033 789 1231 863 aliquis
1260 790 1536 861 peccando
1563 790 1732 845 vitam
1779 788 1978 845 animae
2019 804 2134 843 suae
2175 796 2557 851 contemnere,

544 886 605 935 ut
626 880 935 951 proximum
953 876 1325 936 salvet.Aliud
1344 885 1526 935 autem
1553 877 1934 934 consideratur
1964 878 2017 932 in
2043 877 2223 932 anima
2248 876 2562 931 secundum

542 968 688 1041 quod
722 969 962 1024 vivificat
991 984 1207 1040 corpuS,
1236 976 1290 1024 et
1320 978 1403 1025 est
1433 968 1758 1040 principium
1790 968 1920 1023 vitae
1958 968 2228 1032 humanae,
2263 973 2319 1021 et
2349 982 2560 1021 secun-

542 1058 672 1113 dum
701 1057 803 1112 hoc
833 1074 927 1129 pro
957 1056 1217 1112 fratribus
1236 1057 1705 1129 animamponere
1743 1056 2024 1113 debemus.
2049 1056 2174 1111 Plus
2209 1054 2354 1110 enim
2378 1055 2557 1111 debe-

542 1161 664 1201 mus
688 1146 992 1217 proximum
1034 1144 1278 1215 diligere,
1312 1162 1480 1218 quam
1508 1160 1737 1217 corpora
1773 1153 1978 1200 nostra.
2008 1144 2161 1200 Unde
2203 1144 2375 1199 vitam
2425 1160 2554 1200 cor-

542 1234 783 1307 poralem
805 1250 902 1308 pro
929 1234 1104 1289 salute
1134 1234 1403 1306 spirituali
1437 1235 1805 1307 proximorum
1837 1249 2036 1306 ponere
2069 1232 2432 1289 convenit.Et
2454 1232 2554 1288 hoc

542 1323 691 1377 cadit
727 1322 829 1378 sub
860 1322 1186 1379 necessitate
1230 1324 1486 1395 praecepti
1536 1324 1590 1378 in
1640 1322 1984 1379 necessitatis
2027 1322 2279 1390 articulo,
2317 1329 2474 1395 puta,
2507 1323 2552 1377 si

543 1410 741 1481 aliquis
769 1410 980 1465 videret
1022 1410 1260 1482 aliquem
1288 1410 1359 1467 ab
1393 1411 1702 1467 infidelibus
1744 1411 1950 1478 seduci,
1979 1412 2203 1467 deberet
2243 1427 2303 1466 se
2357 1411 2552 1467 mortis

544 1496 785 1569 periculo
813 1514 1102 1571 exponere,
1133 1507 1192 1555 ut
1218 1516 1342 1555 eum
1376 1516 1409 1555 a
1439 1500 1758 1557 seductione
1803 1500 2078 1580 liberaret.
2105 1501 2212 1557 Sed
2256 1501 2402 1573 quod
2445 1500 2548 1555 ali-

544 1588 667 1659 quis
690 1594 845 1643 extra
879 1588 979 1645 hos
1008 1591 1352 1646 necessitatis
1380 1606 1542 1648 casus
1584 1606 1682 1663 pro
1726 1589 1902 1646 salute
1941 1604 2128 1646 eorum
2167 1591 2362 1645 mortis
2403 1591 2548 1662 peri-

542 1677 682 1733 culis
702 1694 761 1732 se
804 1670 1055 1750 exponat,
1081 1680 1319 1753 pertinet
1358 1680 1428 1736 ad
1475 1679 1862 1753 perfectionem
1903 1679 2154 1751 justitiae,
2187 1679 2271 1734 vel
2315 1680 2382 1735 ad
2421 1696 2547 1752 per-

543 1765 834 1823 fectionem
854 1768 1086 1839 consilii,
1106 1770 1260 1841 cnjus
1280 1768 1587 1841 exemplum
1603 1767 1673 1823 ab
1691 1768 1952 1841 Apostolo
1969 1769 2220 1839 accipere
2239 1774 2538 1840 possumne,

544 1856 635 1927 qui
662 1855 813 1923 dicit,
833 1858 879 1912 ll
904 1859 1029 1914 Cor.
1056 1874 1142 1913 xn
1170 1875 1181 1911 :
1212 1857 1327 1929 qu
1356 1864 1533 1913 autem
1561 1856 1902 1913 libentissime
1931 1856 2256 1929 impendam,
2283 1864 2332 1913 et
2359 1875 2543 1931 super-

544 1942 827 2016 impendar
848 1946 956 2018 ipse
973 1964 1077 2019 pro
1106 1946 1381 2003 animabus
1399 1946 1590 2002 vestris
1620 1964 1638 2003 .·
1666 1946 1754 2001 nbi
1786 1946 1920 2002 dicit
1949 1946 2085 2017 glos.
2116 1946 2398 2003 :Perfecta
2427 1948 2542 2003 cha-

542 2034 678 2089 ritas
717 2035 835 2092 haec
879 2045 982 2106 est,
1036 2046 1095 2093 ut
1142 2038 1265 2109 quis
1316 2042 1540 2109 paratus
1591 2036 1662 2091 sit
1713 2036 1882 2091 etiam
1929 2050 2027 2107 pro
2080 2035 2346 2091 fratribus
2389 2037 2539 2092 mori.

542 2122 726 2179 Habet·
751 2132 935 2181 autem
960 2126 1256 2197 quamdam
1297 2126 1492 2181 mortis
1527 2124 1942 2180 similitudinem
1967 2122 2210 2179 conditio
2241 2125 2540 2195 servitutis,

543 2210 687 2265 unde
716 2219 771 2265 et
801 2226 945 2265 mors
973 2212 1149 2267 civilis
1174 2212 1396 2267 dicitur.
1419 2212 1551 2275 ⁴Vita
1576 2212 1719 2267 enim
1745 2211 1797 2265 in
1822 2210 1926 2265 hoc
1962 2210 2197 2267 maxime
2226 2212 2546 2270 manifesta-

545 2303 653 2363 tur,
687 2298 832 2369 quod
858 2298 1056 2369 aliquis
1082 2306 1263 2353 movet
1301 2302 1561 2371 seipsum,
1595 2300 1740 2373 qnod
1771 2306 1954 2355 autem
1981 2315 2088 2355 non
2127 2306 2310 2371 potest
2341 2302 2545 2357 moveri

544 2385 657 2439 nisi.
679 2384 748 2439 ab
776 2384 903 2454 alio,
930 2388 1087 2457 quasi
1118 2396 1393 2442 mortuum
1425 2404 1546 2443 esse
1573 2390 1812 2447 videtur.
1844 2388 2192 2446 Manifestum
2225 2396 2311 2446 est
2341 2400 2542 2458 autem,

544 2472 688 2543 quod
729 2488 921 2528 servus
960 2488 1067 2529 non
1107 2491 1138 2530 a
1184 2474 1364 2547 seipso
1404 2484 1671 2545 movetur,
1709 2480 1805 2536 sed
1848 2496 1944 2551 per
1989 2479 2277 2551 imperinm
2313 2480 2543 2536 domini.
2581 2494 2588 2501 ·

540 2560 695 2617 Unde
748 2560 909 2617 homo
957 2562 1011 2618 in
1054 2570 1320 2635 quantum
1362 2567 1616 2623 servituti
1650 2567 1968 2640 sanicitur‚
2011 2569 2306 2640 qnamdam
2355 2570 2544 2625 mortis

544 2648 958 2708 similitudinem
993 2651 1178 2709 habet.
1209 2655 1364 2731 Unde
1406 2657 1478 2711 ad
1508 2656 1756 2712 eamdem
1801 2658 2198 2729 perfectionem
2239 2658 2544 2715 dilectionis

542 2737 815 2813 pertinere
843 2740 1081 2811 videtur,
1101 2744 1245 2815 quod
1271 2744 1470 2818 aliquis
1499 2746 1740 2817 seipsum
1765 2746 2020 2802 servituti
2045 2746 2307 2819 subjiciat
2331 2754 2541 2820 propter

542 2842 785 2886 amorem
815 2832 1066 2903 proximi,
1094 2839 1149 2888 et
1177 2834 1321 2905 quod
1346 2851 1406 2890 se
1443 2834 1684 2908 periculo
1714 2834 1908 2894 moitis
1954 2841 2240 2907 exponat:
2271 2836 2400 2892 licet
2448 2837 2542 2891 boc

542 2918 839 2991 perfectius
866 2938 987 2977 esse
1017 2923 1285 2990 videatur,
1318 2924 1449 2997 quia
1478 2924 1724 2981 homines
1752 2925 2077 2981 naturaliter
2115 2927 2294 2997 magis
2319 2934 2540 2983 mortem

542 3008 819 3078 refugiunt
843 3026 1008 3083 quam
1032 3013 1373 3069 servitutem.
1405 3014 1591 3069 Tertio
1615 3030 1744 3071 vero
1769 3014 2148 3070 consideratur
2177 3014 2436 3073 fraternae
2459 3016 2542 3071 di·-

462 3149 467 3155 ,
544 3095 793 3152 lectionis
816 3100 1079 3169 perfectio
1102 3117 1169 3157 ex
1198 3104 1415 3158 effectu.
1445 3102 1662 3171 Quanto
1699 3102 1845 3158 enim
1875 3104 2083 3175 majora
2107 3103 2252 3159 bona
2287 3104 2540 3177 proximis

542 3184 926 3255 impendimuS‚
957 3197 1111 3247 tanto
1153 3190 1446 3263 perfectior
1485 3190 1707 3249 dilectio
1745 3192 1982 3248 videtur.
2010 3193 2148 3249 Sunt
2186 3200 2375 3250 autem
2403 3193 2542 3250 circa

540 3268 645 3327 hoc
676 3277 786 3329 tres
830 3277 1033 3346 gradus
1074 3278 1476 3335 considerandi.
1506 3281 1642 3337 Sunt
1672 3281 1815 3337 enim
1858 3282 2083 3353 quidam
2127 3284 2222 3356 qui
2269 3285 2541 3357 proximos

542 3362 917 3436 obsequuntur
969 3368 1027 3423 in
1068 3367 1452 3441 corpoialibus
1477 3368 1654 3435 honiS,
1715 3379 1865 3442 puta,
1915 3372 2008 3444 qni
2055 3372 2300 3431 vestiunt
2352 3373 2536 3438 undosi,

540 3460 773 3521 pascunt
814 3455 1113 3523 famelicOS,
1142 3463 1197 3511 et
1231 3455 1462 3512 insumis
1485 3459 1814 3539 ministrant,
1847 3466 1904 3515 et
1946 3460 2055 3517 alia
2100 3460 2416 3533 hujusmodi
2461 3462 2559 3529 far

540 3537 712 3604 ciunt,
744 3556 870 3613 qnae
907 3540 1009 3597 sibi
1044 3542 1309 3599 Dominus
1350 3552 1572 3619 reputat
1615 3544 1876 3611 exhiberi,
1908 3552 1970 3603 ut
2013 3554 2165 3619 patet
2209 3549 2368 3605 Mati.
2403 3564 2536 3605 xxv.

539 3624 676 3683 Sunt
719 3635 905 3687 autem
946 3630 1116 3703 aliqui
1155 3633 1249 3705 qui
1292 3632 1599 3705 spiritualia
1640 3634 1783 3692 bona
1830 3634 2154 3707 largiuntur,
2195 3654 2324 3711 qnae
2366 3644 2542 3694 tamen

540 3731 647 3771 non
677 3720 949 3773 excedunt
972 3720 1341 3784 conditionem
1371 3722 1688 3789 humanam,
1703 3725 1846 3782 sicut
1864 3726 1956 3798 qui
1987 3728 2148 3783 docet
2176 3727 2538 3799 ignorantem,

539 3804 775 3859 consulit
805 3802 1117 3875 dubitanti,
1150 3816 1215 3865 et.
1252 3819 1474 3869 revocat
1503 3819 1794 3879 errantem,
1838 3812 1908 3869 de
1949 3828 2060 3888 qno
2105 3815 2538 3881 commendatur,

536 3888 641 3945 Job
665 3905 724 3947 tv
757 3894 925 3951 :Ecce
951 3894 1177 3957 docuisti
1200 3902 1487 3967 multos,-et
1515 3916 1702 3960 manus
1725 3902 1890 3959 lassas
1919 3902 2208 3971 roborasti,
2236 3903 2542 3963 vacillantes
