2850 4517
558 396 659 446 iv·
691 408 772 421 -
792 392 873 436 me
914 390 1332 435 rnen-noricum
1373 391 1542 434 virAE
1593 393 1970 438 SP1R1TUAL1S
2155 378 2274 439 297

249 516 385 588 ipse
410 511 603 569 modus
631 506 889 582 loquendi
916 505 1174 573 ostendit,
1208 522 1333 562 cum
1361 506 1565 562 dicitur
1589 524 1602 561 ε
1635 506 1693 561 Si
1733 508 1815 562 vis
1850 508 2118 580 perfectus
2145 526 2271 577 esse,

254 602 398 659 vade
421 608 471 657 et
508 598 668 655 vende
691 594 875 652 omnia
916 611 1031 675 quie
1058 593 1229 661 habes,
1260 602 1312 653 et
1338 595 1421 651 da.
1451 595 1798 668 pauperibus,
1823 602 1873 651 et
1911 613 2124 669 sequere
2169 616 2273 665 me,

255 691 425 765 quasi
455 690 509 744 in
539 686 764 760 sequela
786 684 988 741 Christi
1018 684 1283 740 consistat
1313 683 1595 756 perfectio,
1628 684 1876 741 dimissio
1907 701 2038 742 vero
2065 686 2277 744 divitia·

256 796 391 837 rum
427 778 500 835 sit
539 774 891 850 perfectionis
935 774 1025 831 via
1058 790 1071 827 t
1108 772 1253 829 unde
1296 773 1480 829 Ieron.
1514 773 1650 830 dicit
1695 790 1856 845 super
1905 774 2098 833 Matth.
2143 776 2274 850 quia

258 886 375 927 non
398 866 599 924 sufficit
629 870 842 921 tantum
866 860 1195 933 relinquere,
1223 860 1506 933 subjungit
1548 862 1760 929 PetruS,
1792 864 1936 935 quod
1968 863 2274 937 perfectum

262 966 371 1026 est,
399 962 457 1013 et
478 953 653 1013 secuti
678 966 865 1009 sumus
894 957 968 1007 te.
996 949 1261 1021 Origenes
1282 949 1454 1006 etiam
1484 950 1542 1005 in
1563 950 1756 1007 eodem
1787 950 1906 1007 loco
1939 952 2095 1020 dicit,
2127 952 2272 1025 quod

261 1049 373 1105 hoc
395 1045 541 1119 quod
571 1044 706 1100 dicit
734 1058 749 1097 ε
778 1041 835 1099 Si
868 1040 953 1098 vis
980 1039 1253 1113 perfectus
1282 1044 1389 1095 etc.
1414 1054 1531 1095 nou
1575 1039 1658 1096 sic
1690 1040 2036 1113 intelligitur,
2065 1050 2126 1098 ut
2155 1044 2276 1114 ipso

266 1143 517 1208 tempore
548 1149 656 1205 quo
692 1129 979 1188 tradiderit
1017 1126 1159 1185 bona
1184 1142 1283 1183 sua
1322 1127 1785 1200 pauperibus,fiat
1809 1130 2028 1188 omnino
2056 1132 2277 1203 perfec-
2313 1147 2328 1161 ·

266 1222 491 1290 tuS‚sed
518 1238 585 1277 ex
613 1219 706 1275 illo
732 1218 822 1273 die
844 1216 1069 1288 incipiet
1098 1214 1403 1288 speculatio
1418 1216 1520 1271 Dei
1535 1216 1809 1274 adducere
1837 1234 1963 1274 eum
1986 1220 2058 1275 ad
2086 1236 2277 1277 omnes

267 1314 525 1368 virtutes.
549 1309 736 1365 Potest
760 1320 888 1376 ergo
925 1304 1261 1375 contingere,
1293 1305 1441 1377 quod
1476 1304 1678 1377 aliquis
1721 1305 1946 1362 divitias
1991 1309 2278 1380 possidens

266 1400 547 1474 perfectus
574 1396 695 1462 suit,
728 1409 835 1450 non
864 1392 1086 1467 quidem
1114 1392 1321 1450 habens
1349 1393 1593 1449 animum
1620 1393 1828 1449 divitiis
1858 1394 2152 1463 irretitum,
2179 1400 2277 1455 sed

269 1486 516 1545 totaliter
533 1486 647 1541 Deo
665 1484 1036 1554 conjunctum,
1052 1486 1107 1537 et
1126 1481 1229 1538 hoc
1254 1482 1492 1554 figurant
1511 1481 1678 1537 verba
1703 1483 1923 1539 Domini
1947 1484 2178 1543 dicentis
2209 1488 2277 1544 ad

270 1592 401 1635 eum
433 1593 447 1629 ε
474 1573 703 1631 Ambula
730 1588 911 1628 coram
936 1587 1040 1637 me,
1069 1577 1121 1627 et
1147 1577 1253 1629 esto
1276 1572 1560 1643 perfectus,
1586 1572 1743 1643 quasi
1776 1572 1829 1626 in
1870 1572 1973 1629 hoc
1996 1576 2114 1646 ejus
2148 1593 2278 1649 per-

268 1665 567 1722 fectionem
594 1661 885 1719 ostendens
902 1675 1023 1716 esse
1051 1661 1197 1733 quod
1223 1675 1408 1716 coram
1431 1661 1548 1717 Deo
1580 1660 1965 1730 ambulaverit,
1991 1679 2115 1719 cum
2150 1682 2279 1736 per-

268 1755 418 1811 fecte
446 1751 679 1810 amando
704 1765 873 1823 usque
900 1749 969 1804 ad
996 1754 1371 1821 contemptum
1398 1748 1484 1805 sui
1511 1753 1568 1805 et
1591 1764 1815 1806 suorum
1836 1751 2098 1823 omnium,
2132 1753 2278 1825 quod

272 1844 511 1901 maxime
539 1857 605 1897 ex
634 1838 1005 1897 immolatione
1033 1837 1131 1893 filii
1155 1836 1552 1894 demonstravit
1581 1855 1593 1893 ε
1627 1838 1772 1894 unde
1815 1838 1866 1893 ei
1895 1838 2104 1895 dictum
2147 1847 2232 1896 est
2260 1858 2273 1895 ε

275 1933 417 1998 Quia
440 1926 612 2002 fecisti
639 1941 752 1981 rem
779 1926 935 1989 hanc,
956 1931 1009 1981 et
1030 1939 1137 1979 non
1168 1922 1452 1995 pepercisti
1475 1923 1590 1995 filio
1622 1930 1714 1979 tuo
1729 1931 1958 1997 propter
1995 1942 2097 1991 me,
2121 1925 2278 1983 bene-

271 2021 449 2076 dicam
475 2016 595 2081 tibi,
626 2016 827 2071 Genes.
858 2028 1009 2069 xxu.
1039 2012 1096 2068 Si
1120 2011 1247 2084 quis
1269 2027 1397 2068 vero
1422 2026 1492 2067 ex
1518 2011 1622 2068 hoc
1645 2027 1876 2083 arguere
1914 2014 2047 2070 velit
2087 2016 2279 2071 inutile

273 2124 396 2165 esse
422 2104 708 2163 consilium
736 2102 955 2158 Domini
982 2101 1053 2157 de
1089 2101 1299 2157 divitiis
1334 2100 1694 2168 dimittendis,
1727 2101 1858 2173 quia
1884 2094 2160 2159 Abraham
2189 2104 2282 2161 di-

270 2198 442 2255 vitias
462 2192 744 2266 possidens
766 2190 869 2246 suit
893 2189 1190 2261 perfectus,
1208 2189 1276 2246 ad
1302 2188 1407 2245 hoc
1433 2197 1585 2261 patet
1604 2191 1717 2261 jam
1745 2192 2026 2265 responsio
2051 2209 2114 2248 ex
2137 2211 2283 2265 prae-

272 2285 466 2344 dictis.
493 2282 615 2337 Non
643 2272 783 2337 enim
819 2278 1084 2333 Dominus
1106 2293 1172 2334 ea
1202 2278 1411 2333 ratione
1458 2278 1564 2335 hoc
1603 2279 1754 2343 dedit
1795 2280 2083 2337 consilium
2124 2286 2280 2354 quasi

272 2373 480 2432 divites
506 2368 731 2443 perfecti
760 2383 879 2423 esse
904 2380 1015 2422 non
1039 2365 1265 2439 possint,
1299 2373 1395 2423 aut
1418 2367 1625 2423 intrare
1655 2369 1709 2423 in
1739 2386 1966 2441 regnum
1995 2370 2276 2439 coelorum‚

272 2463 373 2520 sed
401 2460 531 2534 quia
560 2474 666 2513 non
694 2457 763 2513 de
790 2455 942 2511 facili
981 2462 1225 2527 possunt.
1252 2454 1446 2523 Magna
1490 2472 1620 2527 ergo
1667 2456 1772 2513 fuit
1805 2460 1982 2515 virtus
2025 2459 2278 2527 Abrahae,

274 2549 407 2623 quia
431 2548 601 2605 etiam
627 2544 853 2601 divitias
879 2543 1183 2615 possidens,
1211 2558 1245 2598 a
1268 2542 1478 2601 divitiis
1520 2543 1750 2601 liberum
1785 2546 2027 2603 animum
2071 2548 2278 2612 habuit,

272 2640 423 2697 sicut
456 2644 513 2692 et
547 2648 743 2705 magna
772 2632 947 2689 virtus
988 2630 1093 2687 fuit
1132 2633 1381 2696 Samson,
1415 2632 1509 2703 qui
1535 2632 1744 2704 absque
1786 2635 1954 2689 armis
1999 2652 2122 2691 cum
2165 2637 2283 2693 sola

158 2716 167 2725 ⁴
274 2722 596 2782 mandibula
621 2722 791 2777 asinae
829 2720 1030 2777 multos
1052 2719 1237 2775 hostes
1280 2718 1602 2790 prostravit,
1633 2734 1732 2775 nec
1771 2728 1954 2777 tamen
1993 2723 2283 2781 consilium

274 2811 545 2871 inutiliter
572 2811 737 2867 datur
769 2808 947 2877 militi,
979 2814 1041 2865 ut
1077 2808 1146 2865 ad
1174 2806 1377 2863 bellum
1419 2806 1688 2863 accedens
1727 2810 1972 2867 assumat
2018 2826 2172 2866 arma
2214 2814 2283 2867 ad

272 2904 467 2959 hostes
491 2898 823 2958 vincendos:
855 2913 958 2955 nec
980 2911 1111 2968 ergo
1136 2895 1404 2951 inutiliter
1444 2894 1607 2954 datur
1657 2895 1943 2951 consilium
1988 2898 2287 2968 perfectio-

275 3005 405 3047 nem
434 2985 873 3043 desiderantibus
893 2990 954 3040 ut
979 2984 1259 3041 dimittant
1280 2982 1522 3049 divitiae,
1545 2981 1675 3053 quia
1700 2981 1757 3037 in
1779 2981 1988 3038 divitiis
2009 2982 2286 3040 Abraham

275 3077 461 3151 potuit
484 3090 605 3131 esse
632 3074 929 3147 perfectus.
960 3072 1317 3129 Facta-'enim
1360 3069 1633 3126 mirabilia
1682 3084 1791 3125 non
1829 3078 1956 3127 sunt
1991 3071 2062 3128 ad
2090 3088 2286 3128 conse-

276 3161 877 3239 quentiam-trahenda,
910 3160 1040 3233 quia
1066 3160 1265 3217 infirmi
1296 3176 1361 3217 ea
1390 3159 1568 3229 magis
1591 3157 1779 3215 mirari
1807 3164 1864 3213 et
1893 3156 2118 3217 laudare
2156 3178 2290 3234 pos-

276 3259 429 3321 sunt,
458 3267 623 3325 quam
647 3250 853 3306 imitari
881 3266 894 3305 ε
923 3250 1067 3306 unde
1089 3257 1145 3307 et
1174 3250 1229 3304 in
1256 3246 1644 3305 Ecclesiastico
1667 3246 1872 3306 dicitur
1899 3251 2290 3308 xxxrzsseatus

277 3342 427 3397 dives
464 3339 557 3411 qui
600 3339 848 3396 inventus
892 3346 970 3395 est
1013 3354 1129 3398 stne
1166 3338 1393 3404 macula,
1420 3335 1585 3409 etqui
1608 3343 1730 3409 post
1757 3353 1954 3395 aurum
1985 3322 2090 3394 iton
2129 3340 2289 3405 abiit,

277 3446 375 3487 nec
400 3428 639 3501 speravit
654 3428 725 3483 in
742 3426 975 3499 pecunia
1002 3433 1054 3483 et
1078 3425 1365 3483 thesauris.
1398 3428 1608 3498 Magnae
1631 3426 1854 3483 virtutis
1876 3426 2029 3483 dives
2053 3442 2174 3483 esse
2196 3442 2293 3483 os-

279 3518 548 3587 tenditur,
577 3522 633 3572 et
657 3515 900 3589 perfecta
928 3515 1198 3573 charitate
1221 3516 1361 3571 fixus
1390 3514 1444 3570 in
1471 3516 1606 3581 Deo,
1629 3515 1723 3589 qui
1752 3531 1820 3571 ex
1843 3515 2042 3572 affectu
2065 3515 2292 3573 divitia-

276 3622 408 3665 rum
447 3604 721 3662 maculam
751 3605 961 3677 peccati
988 3620 1096 3661 non
1138 3602 1432 3671 contrahit,
1460 3604 1554 3677 qui
1595 3611 1718 3676 post
1761 3620 1954 3663 aurum
1998 3606 2296 3677 concupis-

276 3694 459 3753 cendo
483 3710 589 3751 non
616 3692 790 3761 vadit,
818 3709 922 3751 nec
956 3692 1027 3749 de
1047 3691 1257 3749 divitiis
1278 3691 1603 3750 confidendo
1647 3710 1742 3766 per
1779 3691 2091 3766 superbiam
2131 3708 2294 3766 super

276 3783 425 3843 alios
451 3797 511 3839 se
531 3782 765 3850 extollit,
786 3782 931 3839 unde
949 3785 1141 3855 Apost.
1162 3796 1200 3849 1,
1222 3780 1292 3837 ad
1316 3780 1458 3836 Tim.
1477 3781 1578 3838 ult.
1603 3799 1616 3837 ε
1640 3781 1912 3839 Divitibus
1935 3778 2096 3851 hujm
2113 3781 2295 3838 soeculi

268 3870 515 3950 proecipe
539 3887 646 3927 uon
669 3870 890 3929 sublime
911 3885 1113 3943 sapere,
1145 3886 1238 3925 nec
1259 3884 1480 3942 sperare
1507 3868 1567 3924 in
1597 3870 1798 3926 incerto
1821 3867 2162 3925 divitiarum.
2187 3870 2292 3927 Sed

276 3967 498 4035 quanto
525 3959 717 4018 divitis
741 3959 925 4018 taliter
950 3959 1185 4017 instituti
1220 3960 1390 4033 major
1414 3966 1500 4016 est
1530 3958 1812 4016 beatitudo
1838 3963 1897 4013 et
1916 3956 2114 4026 virtus,
2141 3963 2296 4015 tanto
