2850 4517
713 394 761 438 1.
786 408 871 425 -
895 393 1297 440 cournnmmr
1348 395 1713 441 moment
2097 368 2216 441 195

208 511 434 562 utuntur
464 505 547 561 eis
582 520 691 563 non
728 508 953 581 quidem
987 516 1184 567 contra
1216 512 1414 576 Deum,
1437 510 1536 566 sed
1562 510 1648 567 eis
1669 508 1792 582 plus
1823 508 2008 589 debito
2035 508 2216 577 inhae·

208 600 405 661 rentes,
451 592 656 652 babent
710 595 919 669 aliquid
963 596 1095 655 mali
1133 598 1279 655 bono
1318 598 1448 655 fidei
1492 604 1552 655 et
1582 597 1872 655 charitatis
1915 596 2210 655 admistum

207 682 503 739 secundum
528 682 767 756 aliquam
795 685 1095 743 notabilem
1117 686 1507 760 quantitatem,
1535 694 1599 743 ut
1620 701 1731 744 non
1753 686 1824 743 de
1850 684 1999 743 facili
2037 702 2228 760 appa-.

207 787 321 827 rere
347 772 525 845 possit
546 772 682 845 quid
701 773 757 828 in
782 775 863 833 eis
887 774 1189 847 praevaleat
1218 792 1235 831 ς
1264 775 1410 831 unde
1439 776 1579 831 tales
1607 773 2005 847 judicabuntur
2044 774 2214 831 etiam

207 866 467 933 quantum
497 862 569 918 ad
613 861 1011 921 discussionem
1052 864 1395 921 meritorum.
1419 862 1686 921 Similiter
1729 864 1900 921 etiam
1937 879 2010 921 ex
2055 870 2230 939 parte·

205 947 467 1005 malorum
496 949 797 1008 notandum
824 958 929 1021 est,
957 952 1107 1025 quod
1136 952 1464 1025 principium
1496 951 1794 1009 accedendi
1830 951 1904 1008 ad
1929 952 2217 1027 Deum-est

205 1036 351 1104 fides,
372 1038 679 1095 secundum
698 1038 831 1095 illud
854 1040 993 1097 Heb.
1007 1056 1083 1098 u:
1104 1040 1335 1099 Credere
1346 1048 1554 1115 oportet
1577 1040 1902 1098 uendentem
1919 1039 1994 1097 ad
2015 1040 2212 1099 Deum.

204 1124 300 1195 Qui
319 1142 455 1199 ergo
490 1126 653 1184 fidem
686 1144 803 1185 -uon
839 1128 1025 1197 habet,
1056 1129 1190 1186 nibil
1228 1130 1359 1187 boni
1405 1132 1680 1188 invenitur
1719 1131 1776 1186 in
1820 1145 1908 1198 eo,
1937 1130 2099 1203 cujus
2139 1130 2210 1189 ad

202 1215 335 1272 mala
362 1215 617 1289 perstitio
643 1216 813 1274 faciat
840 1220 961 1291 ejus
984 1218 1209 1275 dubiam
1235 1219 1666 1289 damnationem,
1689 1225 1745 1276 et
1780 1218 1908 1276 ideo
1945 1218 2214 1277 condem-

202 1302 418 1359 nabitur
449 1304 657 1377 absque
697 1306 1021 1363 meritorum
1065 1307 1409 1371 discussione
1438 1325 1453 1362 ε
1483 1308 1579 1380 qui
1616 1322 1748 1363 vero
1777 1305 1942 1363 fidem
1984 1306 2206 1373 babeat,

201 1387 527 1449 charitatem
545 1408 653 1449 non
675 1393 861 1462 habet,
876 1411 981 1453 nec
1005 1395 1145 1453 bona
1172 1411 1359 1470 opera,
1390 1396 1559 1461 babet
1582 1396 1807 1470 quidem
1830 1394 2038 1468 aliquid
2065 1395 2209 1451 uude

198 1479 305 1535 Deo
344 1482 719 1554 conjungitur.
760 1484 919 1541 Unde
963 1485 1275 1544 necessaria
1310 1491 1401 1542 est
1443 1485 1766 1555 meritorum
1803 1484 2095 1551 discussio,
2144 1490 2206 1539 ut

197 1568 479 1626 evidenter
508 1580 772 1645 appareat
798 1571 933 1647 quid
962 1573 1021 1629 in
1061 1573 1280 1630 Christo
1326 1572 1730 1647 praeponderet,
1755 1578 1943 1629 utrum
1977 1571 2202 1639 bonum,

196 1655 274 1712 vel
296 1655 513 1715 malum
544 1676 558 1713 ε
590 1659 735 1717 unde
762 1660 891 1717 talis
926 1676 1055 1717 cum
1080 1662 1425 1719 discussione
1447 1662 1769 1719 meritorum
1806 1660 2158 1718 damnabitur
2188 1677 2202 1713 ε

194 1746 337 1802 sicut
359 1762 457 1802 rex
482 1755 733 1805 terrenus
750 1750 931 1806 civem
944 1758 1264 1822 peccantem
1278 1766 1405 1807 cum
1429 1750 1711 1807 audientia
1723 1748 1970 1816 damnat,
1992 1747 2206 1807 bostem

194 1847 317 1889 vero
346 1833 558 1907 absque
584 1835 732 1891 omni
756 1836 1037 1893 audientia
1065 1837 1245 1910 punit.
1270 1838 1550 1907 Quantum
1575 1852 1704 1893 vero
1727 1837 1799 1893 ad
1825 1835 2072 1901 tertium,
2091 1836 2207 1892 sci·

193 1919 309 1979 licet
348 1922 649 1979 sententiae
680 1923 1061 1994 prolationem,
1090 1940 1285 1981 omnes
1307 1924 1723 1997 jndicabuntur‚
1755 1922 1889 1997 quia
1913 1938 2104 1980 omnes
2139 1938 2210 1979 ex

194 2008 360 2082 ipsius
384 2008 668 2067 sententia
690 2009 776 2067 vel
804 2010 1058 2083 gloriam,
1076 2012 1165 2075 vel
1203 2028 1428 2086 poenam
1457 2010 1850 2089 reportabunt3
1880 2010 2028 2066 unde
2064 2009 2210 2066 dici-

193 2105 268 2153 tur
292 2098 378 2155 11.
413 2098 605 2155 Corin.
643 2114 719 2154 v:
751 2100 822 2159 Ue
854 2098 1063 2171 referat
1094 2100 1456 2175 unusquisque
1485 2099 1724 2175 propria
1761 2096 2026 2181 comem,
2040 2105 2210 2175 prout

194 2188 354 2258 gessit
374 2185 488 2245 sive
513 2185 733 2255 bonum,
751 2187 864 2245 sive
884 2189 1110 2247 molam.

860 2363 1145 2433 CAPUT
1190 2361 1538 2437 CCXLIV.

362 2498 541 2579 Quod
566 2520 683 2567 non
704 2502 823 2567 erit
848 2504 1211 2568 nominatio
1236 2503 1302 2567 in
1311 2502 1578 2583 judicio,
1601 2501 1752 2587 quia
1778 2476 2038 2588 iynoret,

882 2598 939 2657 et
967 2594 1037 2659 de
1057 2593 1252 2673 modo,
1282 2598 1341 2658 et
1362 2594 1512 2658 loco.

258 2725 381 2781 Non
410 2730 497 2790 est
524 2732 709 2783 autem
744 2726 1187 2795 existimandum,
1220 2726 1369 2800 quod
1414 2726 1684 2783 discussio
1707 2726 1904 2797 judicii
1944 2726 2054 2783 erit
2099 2740 2202 2783 ne-

198 2814 457 2880 cessaria,
488 2821 551 2871 ut
570 2814 741 2888 judex
768 2814 1111 2880 informetur,
1134 2814 1280 2870 sicut
1302 2814 1572 2884 contingit
1601 2814 1662 2877 in„
1679 2810 1934 2869 humanis
1950 2812 2198 2885 judiciis,

196 2916 319 2959 cum
336 2902 527 2960 omnia
548 2903 657 2959 sint
682 2904 829 2961 nuda
844 2909 904 2959 et
930 2909 1121 2975 aperta
1146 2898 1321 2957 oculis
1343 2900 1481 2970 ejus,
1500 2907 1562 2955 ut
1590 2898 1793 2954 dicitur
1811 2899 1977 2955 Hebr.
2002 2915 2080 2955 w.
2093 2899 2200 2955 Sed

197 2992 265 3051 ad
292 2992 396 3050 boc
423 2997 512 3049 est
532 2993 843 3051 necessaria
868 2990 1135 3065 praedicta
1161 2987 1449 3055 discussio,
1473 2995 1534 3043 ut
1567 2985 1862 3058 unicuique
1893 2986 2204 3043 innotescat

194 3081 263 3135 de
288 3097 344 3137 se
374 3080 498 3155 ipso
521 3087 577 3137 et
604 3081 675 3137 de
701 3080 844 3146 aliiS,
876 3079 1151 3155 quomodo
1175 3078 1287 3135 sint
1312 3076 1462 3150 digni
1490 3089 1674 3151 poena,
1701 3076 1786 3131 vel
1814 3073 2008 3148 gloria,
2038 3082 2100 3132 ut
2115 3075 2204 3131 sic

196 3166 319 3225 boni
352 3170 414 3225 in
439 3169 693 3227 omnibus
718 3170 789 3226 de
815 3170 915 3225 Dei
952 3168 1173 3243 justitia
1211 3167 1506 3240 gaudeant,
1529 3170 1587 3223 et
1613 3162 1742 3223 mali
1775 3171 1969 3221 contra
1990 3165 2201 3238 seipsos

194 3256 524 3316 irascantur.
549 3259 665 3315 Nec
693 3264 779 3315 est
803 3256 1205 3325 aestimandum,
1220 3255 1367 3329 quod
1395 3251 1708 3329 hujusmodi
1737 3251 2004 3312 discussio
2029 3255 2200 3312 meri-

198 3352 373 3405 torum
406 3347 578 3405 verbo
618 3354 777 3405 tenus
816 3348 935 3409 fiat.
961 3343 1480 3411 Immensumenim
1522 3350 1738 3417 tempus
1785 3343 2092 3416 requiretur
2128 3343 2198 3401 ad

196 3436 563 3495 enarrandum
622 3435 961 3509 singulorum
1010 3436 1341 3508 excogitata,
1385 3433 1554 3499 dicta,
1594 3439 1651 3490 et
1704 3432 1870 3500 facta,
1915 3431 2058 3489 bona
2115 3432 2198 3489 vel

196 3524 336 3583 mala
371 3542 387 3583 ε
431 3527 579 3583 unde
622 3525 943 3583 Lactantius
988 3524 1251 3598 deceptus
1299 3520 1424 3590 fuit,
1455 3516 1780 3595 ut'poneret
1821 3520 1968 3578 diem
2003 3520 2200 3594 judicii

194 3613 340 3672 mille
368 3616 531 3672 annis
552 3615 897 3681 duraturum,
923 3612 1177 3687 quamvis
1199 3626 1301 3677 nec
1327 3611 1433 3677 hoc
1463 3617 1681 3685 tempus
1715 3610 1965 3669 sufficere
2005 3608 2202 3667 videa-

194 3710 305 3771 tur,
332 3720 461 3762 cum
489 3703 562 3761 ad
587 3704 752 3761 unius
775 3702 1010 3761 hominis
1031 3700 1301 3775 judicium
1329 3700 1492 3757 modo
1519 3700 1784 3775 praedicto
1815 3698 2200 3770 complendum

194 3791 378 3864 plnres
410 3794 531 3873 dies
560 3794 989 3867 requirerentur.
1017 3785 1137 3848 Fiet‘
1164 3806 1293 3865 ergo
1321 3789 1527 3847 virtute
1548 3790 1755 3857 divina,
1773 3787 2047 3861 utstatim
2071 3788 2201 3844 uui-

191 3881 397 3955 cuique
438 3891 735 3942 occurrant
775 3882 937 3951 bona,
973 3880 1061 3939 vel
1096 3880 1242 3939 mala
1285 3880 1469 3939 omnia
1516 3892 1884 3952 quaecumque
1917 3876 2082 3945 fecit‚·-
2100 3892 2201 3953 pro

192 3968 404 4044 quibus·
433 3980 521 4033 est
548 3971 941 4050 proemiaudus,
973 3968 1061 4031 vel
1096 3969 1401 4043 puniendus
1425 3984 1448 4022 -ε
1475 3974 1532 4025 et
1560 3980 1666 4025 non
1702 3964 1878 4023 solum
1903 3965 2202 4041 unicuique
