2850 4517
614 404 701 447 lv.
732 418 815 433 —
838 404 917 445 nn
960 403 1379 447 Pnssrecmoun
1424 404 1590 447 vrrAE
1642 405 2013 450 semu-Unus
2201 392 2316 449 341

308 516 643 575 sublimioris
693 516 895 587 gradus
938 522 1093 571 erant
1140 516 1380 582 coeteris,
1427 521 1483 571 et
1529 516 1686 588 quasi
1719 516 2008 574 'columnae
2063 516 2321 575 Ecclesiae

308 624 477 664 onera
503 605 1131 678 supportantes.·Horum
1162 610 1346 660 autem
1376 605 1607 675 gradum
1638 611 2032 677 repraesentant
2061 606 2118 662 in
2143 606 2321 663 Eccle-

310 696 392 752 sia
423 693 831 759 Archidiaconi,
864 693 956 765 qui
986 691 1297 749 ministrant
1334 698 1391 747 et
1433 701 1676 764 praesunt
1721 694 2180 762 ministrantibuS,
2227 712 2322 753 se-

309 784 551 841 cundum
594 781 718 840 Glo.
746 781 971 837 ibidem.
1019 781 1247 837 Videtur
1290 794 1441 851 erge,
1475 782 1622 853 quod
1668 781 2052 839 Archidiaconi
2097 784 2208 839 sint
2235 782 2239 787 ’
2265 784 2320 839 in

308 874 506 945 majori
542 878 690 927 statu
716 862 1091 943 perfectioniS,
1118 884 1286 943 quam
1329 869 1640 943 Presbyteri
1687 871 2100 944 curati‘quibus
2139 874 2320 945 praefi-

310 963 548 1028 ciuntur,
580 966 633 1017 et
663 960 742 1017 ita
776 976 875 1032 per
900 974 1241 1031 consequens
1269 958 1456 1023 etiam,
1485 974 1650 1031 quam
1689 959 1950 1031 religiosi.
1981 961 2138 1029 Item,
2169 963 2321 1018 insa-

310 1068 441 1107 num
492 1050 711 1107 videtur
762 1063 883 1104 esse
933 1047 1117 1103 dicere
1182 1046 1374 1103 beatos
1431 1047 1814 1118 Stephanum,.
1843 1048 2218 1118 Laurentium,
2265 1058 2322 1107 et

310 1138 657 1195 vincentium
694 1136 1122 1193 Archidiaconos
1168 1136 1223 1191 in
1268 1142 1417 1191 statu
1467 1136 1818 1209 perfectionis
1853 1152 1961 1209 non
2005 1138 2190 1205 fuisse,
2225 1142 2316 1213 qui

311 1233 629 1283 meruerunt
656 1225 726 1281 ad
748 1225 987 1297 palmam
1010 1224 1261 1295 martyrii
1288 1225 1594 1298 pervenire.
1622 1226 1778 1291 item,
1797 1227 2318 1300 Presbyteri'curati

311 1322 369 1372 et
393 1313 777 1371 Archidiaconi
806 1312 1097 1369 similiores
1128 1313 1255 1367 sunt
1283 1312 1588 1385 Episcopis,
1616 1329 1782 1386 quam
1815 1316 2066 1371 monachi
2107 1322 2165 1372 et
2197 1318 2322 1389 qui-

312 1420 549 1476 cumque
573 1402 812 1473 religiosi
837 1401 933 1474 qui
963 1406 1151 1456 tenent
1170 1399 1416 1457 infimum
1441 1402 1796 1472 subjectionis
1823 1403 2076 1473 gradum,
2109 1405 2162 1459 in
2193 1410 2324 1460 tan-

312 1502 432 1550 tum
471 1492 617 1566 quod
650 1490 957 1563 Presbyteri
995 1489 1245 1562 Episcopi
1274 1489 1648 1557 nominantur,
1683 1492 1982 1547 secundum
2018 1491 2150 1548 illud
2192 1496 2318 1549 Act.

312 1598 399 1639 xx
430 1599 443 1635 ε
474 1580 748 1637 Attendite
774 1577 917 1635 vobis
940 1584 991 1635 et
1012 1576 1262 1633 universo
1296 1577 1467 1649 qreqi,
1499 1577 1558 1633 in
1581 1594 1680 1649 quo
1708 1578 1806 1634 vos
1834 1580 2073 1651 Spiritus
2099 1581 2322 1638 sanctus

308 1670 486 1743 posuit
500 1668 786 1741 Epis-copes
800 1682 981 1739 reqere
996 1664 1286 1721 Ecclesiam
1314 1664 1412 1720 Dei
1437 1665 1620 1737 :quod
1637 1668 1860 1738 exponit
1883 1668 1993 1739 glo.
2011 1670 2079 1725 de
2097 1668 2322 1743 Presby·
2403 1696 2406 1701 ·

313 1758 450 1815 teris
472 1756 691 1829 Ephesi.
716 1754 883 1811 Multo
919 1754 1088 1825 igitur
1130 1753 1305 1824 magis
1342 1752 1653 1833 Presbyteri
1693 1756 1869 1810 curati
1910 1762 2040 1811 sunt
2078 1758 2134 1812 in
2171 1763 2319 1813 statu

311 1844 683 1921 perfectionis.
713 1846 851 1899 Item
884 1842 1289 1899 administratio
1323 1840 1646 1897 facultatum
1671 1842 1932 1900 Ecclesiae
1957 1850 2164 1900 statum
2194 1861 2320 1917 per-

313 1935 568 1991 fectionis
603 1949 709 1989 non
741 1932 957 1999 minuit,
986 1946 1109 1986 cum
1147 1930 1258 1985 sint
1294 1929 1436 1985 bona
1479 1930 1807 1997 communia,
1839 1941 1896 1987 ut
1936 1931 2170 1988 hahetur
2207 1950 2320 2002 κη,

313 2030 517 2096 quaest.
550 2038 588 2090 1,
613 2035 697 2077 ca.
715 2020 1099 2092 Expedit.Non
1126 2034 1257 2090 ergo
1282 2018 1591 2092 Presbyteri
1617 2020 1794 2075 curati
1821 2020 1906 2075 vel
1937 2022 2320 2077 Archidiaconi

312 2109 576 2171 deficiunt
622 2123 653 2164 a
704 2114 850 2164 statu
897 2107 1247 2181 perfectionis
1289 2116 1510 2180 propter
1555 2108 2084 2166 administrationem
2139 2126 2319 2165 rerum

312 2199 594 2255 Ecclesiae.
624 2198 779 2262 Item,
808 2196 1120 2269 Presbyteri
1148 2196 1323 2251 curati
1368 2200 1424 2251 et
1453 2194 1837 2252 Archidiaconi
1875 2196 1943 2253 de
1988 2197 2146 2253 bonis
2181 2207 2327 2255 tem-

313 2287 592 2362 poralibus
630 2290 882 2341 tenentur
926 2284 1105 2341 facere
1142 2284 1594 2356 hospitalitatem,
1637 2293 1698 2341 ut
1737 2287 1825 2345 42.
1853 2286 2043 2341 distin.
2091 2286 2324 2343 babetur

314 2391 368 2431 c.
397 2389 435 2429 1.
463 2374 578 2429 Hoc
601 2378 785 2429 autem
810 2371 1107 2427 monachus
1132 2386 1236 2426 non
1264 2377 1444 2442 potest
1469 2370 1670 2439 facere,
1703 2371 1833 2445 quia
1862 2387 1967 2427 non
1997 2371 2163 2431 habet
2193 2389 2326 2445 pro-

314 2462 516 2535 prium.
543 2460 715 2531 Majus
738 2474 871 2529 ergo
897 2457 1080 2515 meriti
1110 2466 1194 2514 est
1226 2458 1520 2531 Presbyter
1549 2466 1773 2515 curatus
1804 2475 1970 2532 quam
2003 2461 2321 2517 monachus.

313 2552 455 2606 Item
480 2550 708 2619 Gregor.
736 2547 889 2614 dicit,
918 2545 1064 2619 quod
1090 2546 1296 2602 nullum
1331 2547 1662 2603 sacrificium
1704 2555 1786 2602 est
1816 2548 1961 2620 quod
2006 2548 2084 2605 ita
2109 2549 2326 2622 placeat

318 2640 455 2706 Deo,
487 2638 631 2692 sicut
662 2634 811 2691 zelus
852 2636 1179 2708 animarum,
1210 2640 1266 2689 et
1308 2636 1617 2691 Bernardus
1653 2634 1791 2689 dicit
1818 2634 1872 2689 in
1911 2635 2005 2690 lib.
2030 2637 2112 2698 De
2141 2653 2326 2695 amore

316 2729 443 2795 Dei,
472 2726 617 2799 quod
644 2724 733 2779 ille
761 2724 937 2795 major
971 2731 1055 2780 est
1086 2724 1142 2778 in
1174 2738 1360 2779 amore
1383 2722 1502 2786 Dei,
1531 2724 1625 2793 qui
1658 2722 1840 2795 plures
1863 2724 1932 2778 ad
1961 2738 2203 2781 amorem
2225 2726 2325 2781 Dei

319 2814 491 2870 trahit
518 2812 659 2868 :hoc
700 2818 886 2868 autem
926 2812 1183 2868 convenit
1226 2810 1626 2867 Archidiacono
1669 2817 1724 2865 et
1759 2810 2083 2883 Presbytero
2111 2821 2321 2879 curato,

317 2919 427 2957 non
454 2908 639 2958 autem
670 2899 955 2964 monacho,
982 2899 1138 2970 cujus
1158 2912 1265 2953 non
1300 2901 1386 2951 est
1408 2896 1648 2951 officium
1679 2902 1741 2951 ut
1765 2896 2006 2969 aliquem
2033 2897 2214 2956 trahat
2256 2899 2325 2954 ad

317 2993 515 3047 Deum.
555 2990 710 3055 Item,
749 2988 893 3043 sicut
932 2985 1250 3042 Patriarcha
1294 2983 1556 3057 praesidet
1606 2983 1661 3038 in
1709 2999 1807 3041 suo
1849 2985 2223 3057 patriarchatu
2271 2994 2328 3041 et

316 3080 621 3153 Episcopus
648 3078 705 3131 in
736 3091 836 3132 suo
860 3076 1200 3149 episcopatu,
1228 3075 1307 3131 ita
1342 3081 1399 3130 et
1437 3073 1867 3130 Archidiaconus
1909 3074 1964 3129 in
2001 3090 2100 3130 suo
2145 3076 2328 3131 archi-

317 3171 637 3232 diaconatu,
664 3171 719 3221 et
744 3163 1033 3237 Presbyter
1059 3168 1284 3218 curatus
1307 3162 1361 3217 in
1392 3178 1491 3217 sua
1516 3161 1798 3217 Parochia.
1832 3162 2151 3231 Quidenim
2196 3164 2348 3220 facit·

316 3257 623 3329 Episcopus
650 3259 879 3325 excepta
907 3250 1271 3316 ordinatione,
1302 3250 1448 3323 quod
1474 3249 1763 3322 Presbyter
1786 3258 2012 3307 curatus
2040 3269 2146 3308 non
2175 3253 2324 3315 facit.

315 3354 381 3404 ut
411 3343 661 3407 habetur,
685 3342 814 3397 dist.
841 3343 929 3405 93,
957 3354 1007 3393 c.
1034 3338 1306 3411 Leqimus.
1326 3340 1397 3393 Et
1413 3354 1780 3412 quaecumque
1805 3339 2061 3395 dicuntur
2089 3341 2158 3396 de
2185 3342 2330 3413 Epis·

317 3448 461 3505 copo
488 3446 583 3485 seu
607 3427 910 3484 ordinando
936 3426 993 3482 in
1018 3426 1365 3499 Episcopum,
1396 3426 1696 3482 secundum
1730 3428 2144 3500 quatuordecim
2175 3429 2332 3501 capi·-

320 3520 439 3578 tula
468 3517 799 3591 Apostolicae
827 3516 1050 3587 regulae,
1084 3516 1266 3571 omnia
1291 3515 1493 3571 debent
1515 3514 1744 3587 intelligi
1771 3516 1840 3571 de
1879 3516 2123 3589 quolibet
2155 3517 2330 3573 electo

320 3610 391 3667 ad
418 3606 722 3681 quamlibet
746 3604 1141 3677 praelationem,
1163 3608 1223 3658 ut
1251 3602 1576 3677 Presbytero
1602 3612 1812 3672 curato,
1829 3610 1885 3660 et
1907 3603 2328 3679 Archidiacono,

318 3706 383 3754 ut
410 3695 663 3760 habetur,
692 3695 779 3761 8⁴,
807 3692 1109 3759 distinctio,
1131 3706 1255 3763 cap.
1288 3706 1329 3747 1.
1358 3691 1413 3747 Si
1445 3707 1574 3763 ergo
1597 3692 1898 3764 Episcopus
1925 3700 2010 3749 est
2037 3693 2094 3748 in
2119 3692 2333 3765 perfec-

322 3786 452 3844 tiori
476 3774 627 3841 statu
654 3796 823 3855 quam
861 3779 1176 3846 monachae,
1202 3778 1321 3849 pari
1358 3779 1571 3835 ratione
1610 3787 1664 3834 et
1711 3781 2001 3854 Presbyter
2026 3788 2251 3840 curatus
2279 3790 2334 3839 et

321 3871 967 3934 ArchidiaconuS.·Item,
1006 3867 1300 3941 Presbyter
1338 3867 1427 3923 vel
1476 3868 1750 3924 Diaconos
1793 3877 2015 3943 propter
2071 3870 2334 3928 delictum

316 3963 546 4039 iubetur
582 3959 710 4033 ejici
754 3958 825 4015 de
860 3964 1031 4025 statu,
1059 3962 1115 4013 et
1150 3956 1357 4014 recludi
1402 3956 1457 4011 in
1502 3958 1896 4015 monasterium
1942 3960 2012 4018 ad
2061 3962 2333 4035 agendum
