2850 4517
588 367 672 427 86
1075 380 1129 427 s.
1173 380 1408 427 ‘ruem
1446 378 1775 431 souma-ns
1815 378 2128 423 croscum

591 490 698 556 nisi
723 502 1090 571 permotum5
1114 512 1273 555 omne
1305 497 1474 569 igitur
1500 495 1646 570 quod
1673 494 1953 569 abaliquo
1978 508 2207 565 corpore
2229 492 2459 565 patitur,
2485 505 2611 547 mo-

593 592 751 643 vetur
780 585 854 643 ab
877 601 944 645 eo
983 603 1000 643 t
1039 586 1277 643 animam
1315 593 1501 643 autem
1539 584 1832 641 humanam
1875 582 2176 640 secundum
2212 578 2611 638 intellectivam

590 682 824 748 partem,
865 673 922 731 in
945 691 1055 750 qua
1081 684 1168 733 est
1197 674 1471 741 volonum,
1504 671 1841 746 impossibile
1868 681 1959 729 est
1994 678 2147 729 motu
2174 668 2449 743 corporali
2486 684 2611 725 mo-

559 765 728 833 -veri,
771 780 896 825 cum
941 763 1254 847 intellectus
1297 770 1400 819 non
1448 762 1525 819 sit
1574 770 1732 819 actus
1770 761 2005 835 alicujus
2046 760 2240 833 organi
2282 758 2611 833 corporalis·

591 853 932 933 Impossibile
975 854 1144 926 igitur
1181 860 1284 920 est,
1331 850 1479 925 quod
1526 850 1708 908 anima
1744 847 1983 907 humana
2028 848 2326 906 secundum
2356 847 2611 905 intellec-

591 950 732 1011 tum,
773 952 872 1003 aut
909 942 1250 1001 voluntatem
1286 956 1321 997 a
1367 938 1695 1013 corporibus
1734 939 2053 997 coelestibus
2092 937 2300 1013 aliquid
2342 937 2608 1011 patiatur.

591 1032 806 1099 Adhuc,
837 1048 904 1089 ea
945 1046 1070 1105 qnae
1097 1047 1165 1087 ex
1199 1028 1564 1102 impressione·
1588 1042 1877 1102 corporum
1901 1028 2208 1085 coelestium
2250 1027 2306 1082 in
2336 1026 2461 1084 istis
2485 1025 2610 1081 infe·

591 1121 830 1183 rioribus
855 1121 1200 1195 proveniunt,
1228 1118 1504 1175 naturalia
1528 1126 1682 1175 sunt.
1709 1118 1765 1176 Si
1790 1117 1960 1190 igitur
1984 1118 2331 1192 operationes
2357 1114 2612 1173 intellec-

595 1216 686 1269 tus
707 1218 766 1270 et
809 1210 1108 1269 veluntatis
1147 1223 1216 1267 ex
1259 1207 1621 1281 impressione
1648 1207 1954 1265 coelestium
2002 1206 2369 1279 provenirent,
2410 1222 2481 1261 ex
2510 1222 2612 1262 na-

595 1300 761 1379 turali
805 1300 1068 1358 instinctu
1114 1298 1495 1371 procederent,
1549 1305 1606 1354 et
1652 1298 1751 1354 sic:
1779 1296 1941 1353 homo
1986 1312 2091 1353 non
2120 1296 2365 1352 differret
2394 1295 2451 1350 in
2498 1294 2610 1350 suis

595 1389 812 1449 actibus
838 1388 910 1447 ab
949 1387 1074 1445 ali-is
1101 1386 1447 1453 animalibus,
1494 1402 1622 1462 quae
1658 1385 1897 1443 naturali
1921 1385 2188 1442 instinctu
2218 1392 2509 1443 moventur
2542 1382 2610 1439 ad

596 1493 726 1536 suas
749 1477 1014 1545 actioneS,
1048 1482 1102 1533 et
1130 1475 1589 1550 periretliberum
1618 1474 1926 1543 arbitrium,
1954 1474 2341 1541 etconsilium,
2373 1479 2431 1529 et
2463 1472 2610 1529 elec·-

597 1568 696 1635 tio,
722 1573 778 1625 et
803 1566 990 1625 omnia
1017 1564 1483 1639 hujusmodiquae
1506 1564 1669 1621 homo
1692 1580 1808 1639 prae
1832 1564 2051 1621 caeteris
2073 1562 2399 1622 animalibus
2422 1561 2606 1619 habet.

1254 1736 1539 1805 CAPUT
1566 1702 1949 1838 cxxvm.

611 1867 916 1953 Quomodo
960 1876 1306 1940 intellectus
1339 1874 1649 1939 humanus·
1687 1856 2007 1954 perficitur
2055 1872 2462 1937 mediantibus
2493 1892 2611 1953 po-

633 2002 641 2009 ·
681 1966 1270 2121 {ZZZiZbZZz-ritivis,
1330 1971 1387 2029 ot
1436 1965 1525 2029 sio
1578 1964 1869 2029 indirecto
1919 1962 2205 2055 subditur
2262 1962 2611 2047 corporibus

673 2192 771 2250 Est
795 2198 980 2247 autem
998 2186 1473 2253 considerandum,
1500 2187 1649 2259 quod
1671 2185 1983 2253 intellectus
2004 2184 2273 2242 humanus
2296 2202 2327 2241 a
2353 2184 2609 2258 potentiis

603 2278 882 2333 sensitivis
931 2275 1132 2349 accipit
1176 2291 1291 2331 suae
1335 2275 1665 2346 cognitionis
1714 2274 1978 2345 originem
2025 2292 2039 2331 ε
2078 2275 2233 2331 'unde
2290 2274 2609 2348 perturbata

603 2365 948 2439 phantastica
990 2369 1046 2420 et
1082 2363 1460 2435 imaginativa,
1503 2363 1589 2419 vel
1630 2362 1984 2425 memorativa
2027 2373 2183 2437 parte
2210 2350 2436 2432 animae,
2484 2380 2611 2438 per·-

607 2454 860 2509 turbatur
883 2450 1134 2525 ,cognitio
1162 2451 1489 2519 intellecluS,
1539 2458 1599 2511 et
1633 2450 1911 2527 praedictis
1939 2452 2200 2526 potentiis
2239 2453 2378 2510 bene
2406 2470 2468 2511 se
2509 2454 2613 2509 ba·-

603 2542 858 2600 bentibus
905 2540 1312 2598 convenientior
1355 2540 1418 2599 fit
1460 2543 1709 2615 acceptio·
1754 2542 2083 2599 intellectus·
2134 2543 2398 2599 Similiter
2444 2542 2610 2599 etiam

607 2631 916 2689 immutatio
965 2629 1244 2703 appetitus
1283 2630 1533 2688 sensitivi
1583 2630 1790 2707 aliquid
1834 2630 2091 2705 operatur
2137 2632 2610 2689 ad.mutationem

603 2720 919 2791 voluntatis,
947 2735 1073 2795 quae
1117 2720 1210 2777 est‘
1241 2721 1537 2795 appetitus.
1561 2722 1791 2779 rationis
1832 2732 2000 2779 ex‘ea
2044 2730 2219 2794 parte,
2266 2722 2379 2795 'qua
2406 2720 2613 2778 bonum

603 2808 1000 2883 apprehensum
1027 2818 1112 2867 est
1138 2809 1762 2885 objectum-voluntatis·
1791 2810 1871 2867 Ex
1900 2827 1965 2867 eo
2009 2810 2155 2865 enim
2198 2814 2343 2883 quod
2373 2809 2613 2867 diversi-

603 2900 762 2959 mode
787 2899 1262 2973 dispositi·sumus
1285 2902 1585 2959 secundum
1613 2898 2131 2974 concupiscentiam,
2170 2900 2327 2967 iram,
2362 2906 2417 2955 et
2446 2901 2613 2957 timo-

603 2995 830 3059 rem,.et
871 2990 1006 3049 alias
1042 2991 1345 3063 passionem
1391 2992 1756 3048 diversimode
1802 2990 1959 3047 nobis
1996 2988 2217 3063 aliquod
2263 2989 2487 3059 bonum,
2527 2990 2612 3046 vel

604 3080 807 3139 malum
831 3080 1067 3137 videtur.
1099 3079 1302 3136 Omnes
1331 3084 1516 3137 autem
1552 3080 1813 3152 potentiae
1850 3078 2128 3135 sensi-tivae
2153 3079 2329 3151 partis
2357 3079 2475 3135 sive
2502 3080 2613 3135 sint

601 3168 1028 3242 apprehensivae,
1060 3184 1156 3225 seu
1187 3167 1521 3240 appetitivae,
1568 3167 1931 3240 quarumdam
1976 3168 2339 3241 corporalium
2369 3169 2612 3241 partium

603 3264 760 3315 actus
803 3266 948 3325 sunt,
996 3256 1194 3330 quibus
1241 3254 1566 3322 immutatis,
1616 3272 1837 3312 necesse
1886 3262 1970 3315 est
2013 3273 2111 3331 per
2160 3257 2417 3315 accidens
2464 3258 2613 3330 ipsas

601 3362 819 3422 quoque
862 3346 1136 3419 potentias
1184 3344 1481 3402 immutari.
1532 3344 1669 3414 Quia
1718 3345 1884 3418 igitur
1931 3346 2242 3403 immutatio
2292 3347 2613 3403 inferiorum

601 3451 892 3507 corporum
935 3434 1182 3507 subjacet
1225 3434 1396 3489 motui
1427 3431 1572 3502 coeli,
1604 3434 1783 3491 eidem
1819 3437 1986 3491 etiam
2027 3437 2201 3493 motui
2242 3438 2613 3511 potentiarum

601 3522 984 3583 sensitivarum
1029 3523 1391 3597 operationeS,
1437 3522 1566 3579 licet
1606 3540 1704 3598 per
1745 3524 2017 3594 accidens,
2064 3526 2389 3596 subduntur,
2441 3534 2498 3583 et
2532 3529 2615 3585 sic

601 3612 866 3669 indirecte
895 3617 1076 3669 motus
1111 3611 1351 3668 coelestis
1398 3612 1604 3687 aliquid
1648 3622 1905 3688 operatur
1932 3614 2005 3671 ad
2050 3624 2235 3672 actum
2278 3615 2609 3685 intellectuS,

601 3707 660 3759 et
681 3701 981 3761 voluntatis
1008 3701 1276 3767 humanae,
1310 3700 1363 3756 in
1393 3711 1660 3776 quantum
1683 3703 1893 3761 scilicet
1922 3718 2020 3777 per
2046 3705 2329 3777 passiones
2357 3706 2614 3763 voluntas

601 3790 674 3848 ael
699 3789 904 3865 aliquid
933 3788 1244 3846 inclinatur.
1269 3789 1375 3846 Sed
1393 3789 1535 3863 quia
1556 3790 1806 3849 voluntas
1829 3794 2307 3868 passionibusnon
2333 3794 2609 3863 subditur,

606 3882 668 3932 ut
695 3894 884 3935 earum
930 3877 1194 3949 impeturn
1221 3895 1290 3936 ex
1330 3874 1657 3937 necessitate
1687 3888 1965 3955 sequatur,
1986 3882 2095 3939 :sed
2141 3883 2317 3956 magis
2352 3883 2409 3941 in
2437 3891 2615 3957 potes·

577 3972 722 4026 ,tate
765 3982 868 4044 sua
893 3964 1058 4027 babet
1083 3967 1379 4043 reprimere
1415 3965 1702 4043 passiones
1742 3985 1840 4043 per
1868 3970 2143 4045 Judicium,
2180 3964 2445 4043 rationiS,
2474 3988 2614 4031 con-
