<?xml version="1.0" encoding="UTF-8"?>
<!DOCTYPE html PUBLIC "-//W3C//DTD XHTML 1.0 Transitional//EN"
    "http://www.w3.org/TR/xhtml1/DTD/xhtml1-transitional.dtd">
<html xmlns="http://www.w3.org/1999/xhtml" xml:lang="en" lang="en">
 <head>
  <title>
</title>
<meta http-equiv="Content-Type" content="text/html;charset=utf-8" />
  <meta name='ocr-system' content='tesseract 3.04.00' />
  <meta name='ocr-capabilities' content='ocr_page ocr_carea ocr_par ocr_line ocrx_word'/>
</head>
<body>
  <div class='ocr_page' id='page_1' title='image "./sthomaquinatisd02thomgoog_0012.png"; bbox 0 0 2850 4517; ppageno 0'>
   <div class='ocr_carea' id='block_1_1' title="bbox 550 352 1697 433">
    <p class='ocr_par' dir='ltr' id='par_1_1' title="bbox 550 352 1697 433">
     <span class='ocr_line' id='line_1_1' title="bbox 550 352 1697 433; baseline -0.002 -3"><span class='ocrx_word' id='word_1_1' title='bbox 550 388 596 433; x_wconf 90' lang='lat'><strong>11</strong></span> <span class='ocrx_word' id='word_1_2' title='bbox 1009 352 1016 359; x_wconf 60' lang='grc'><em>’</em></span> <span class='ocrx_word' id='word_1_3' title='bbox 1414 382 1697 429; x_wconf 74' lang='lat' dir='ltr'><strong>Mom&#39;rmu</strong></span> 
     </span>
    </p>
   </div>
   <div class='ocr_carea' id='block_1_2' title="bbox 551 499 2555 670">
    <p class='ocr_par' dir='ltr' id='par_1_2' title="bbox 551 499 2555 670">
     <span class='ocr_line' id='line_1_2' title="bbox 553 499 2549 581; baseline 0.001 -17"><span class='ocrx_word' id='word_1_4' title='bbox 553 523 588 564; x_wconf 85' lang='grc'><strong><em>«</em></strong></span> <span class='ocrx_word' id='word_1_5' title='bbox 618 506 743 563; x_wconf 86' lang='lat' dir='ltr'><strong>tate</strong></span> <span class='ocrx_word' id='word_1_6' title='bbox 790 499 1101 577; x_wconf 82' lang='lat' dir='ltr'><strong>sermonis,</strong></span> <span class='ocrx_word' id='word_1_7' title='bbox 1132 504 1199 563; x_wconf 90' lang='lat' dir='ltr'><strong>ut</strong></span> <span class='ocrx_word' id='word_1_8' title='bbox 1227 500 1575 563; x_wconf 78' lang='lat' dir='ltr'><strong>facultatem</strong></span> <span class='ocrx_word' id='word_1_9' title='bbox 1613 501 1883 563; x_wconf 86' lang='lat' dir='ltr'><strong>imitandi</strong></span> <span class='ocrx_word' id='word_1_10' title='bbox 1916 502 2173 581; x_wconf 78' lang='lat' dir='ltr'><strong>posteris</strong></span> <span class='ocrx_word' id='word_1_11' title='bbox 2213 504 2549 581; x_wconf 86' lang='lat' dir='ltr'><strong>reliquisse,</strong></span> 
     </span>
     <span class='ocr_line' id='line_1_3' title="bbox 551 593 2555 670; baseline 0.001 -17"><span class='ocrx_word' id='word_1_12' title='bbox 551 612 586 653; x_wconf 74' lang='grc' dir='ltr'><strong>«κ</strong></span> <span class='ocrx_word' id='word_1_13' title='bbox 615 594 926 670; x_wconf 87' lang='lat' dir='ltr'><strong>superandi</strong></span> <span class='ocrx_word' id='word_1_14' title='bbox 970 597 1330 670; x_wconf 85' lang='lat' dir='ltr'><strong>potestatem</strong></span> <span class='ocrx_word' id='word_1_15' title='bbox 1359 593 1651 653; x_wconf 81' lang='lat' dir='ltr'><strong>ademisse</strong></span> <span class='ocrx_word' id='word_1_16' title='bbox 1694 593 1992 663; x_wconf 85' lang='lat' dir='ltr'><strong>videatur.</strong></span> <span class='ocrx_word' id='word_1_17' title='bbox 2034 594 2230 670; x_wconf 83' lang='lat' dir='ltr'><strong>Atque</strong></span> <span class='ocrx_word' id='word_1_18' title='bbox 2273 593 2419 655; x_wconf 89' lang='lat' dir='ltr'><strong>illud</strong></span> <span class='ocrx_word' id='word_1_19' title='bbox 2462 599 2555 655; x_wconf 87' lang='lat' dir='ltr'><strong>est-</strong></span> 
     </span>
    </p>
   </div>
   <div class='ocr_carea' id='block_1_3' title="bbox 473 691 2555 1841">
    <p class='ocr_par' dir='ltr' id='par_1_3' title="bbox 473 691 2555 1841">
     <span class='ocr_line' id='line_1_4' title="bbox 551 691 2553 770; baseline 0 -18"><span class='ocrx_word' id='word_1_20' title='bbox 551 712 586 753; x_wconf 73' lang='lat'>«</span> <span class='ocrx_word' id='word_1_21' title='bbox 615 696 1028 770; x_wconf 86' lang='lat' dir='ltr'><strong>permagnum,</strong></span> <span class='ocrx_word' id='word_1_22' title='bbox 1063 691 1375 769; x_wconf 76' lang='lat' dir='ltr'><strong>quodejus</strong></span> <span class='ocrx_word' id='word_1_23' title='bbox 1423 691 1715 764; x_wconf 89' lang='lat' dir='ltr'><strong>doctrina,</strong></span> <span class='ocrx_word' id='word_1_24' title='bbox 1762 712 1912 751; x_wconf 91' lang='lat' dir='ltr'><strong>cum—</strong></span> <span class='ocrx_word' id='word_1_25' title='bbox 1933 692 2227 752; x_wconf 87' lang='lat' dir='ltr'><strong>instructa</strong></span> <span class='ocrx_word' id='word_1_26' title='bbox 2254 693 2336 753; x_wconf 91' lang='lat' dir='ltr'><strong>sit</strong></span> <span class='ocrx_word' id='word_1_27' title='bbox 2376 696 2553 770; x_wconf 85' lang='lat' dir='ltr'><strong>atque</strong></span> 
     </span>
     <span class='ocr_line' id='line_1_5' title="bbox 551 779 2552 861; baseline -0 -18"><span class='ocrx_word' id='word_1_28' title='bbox 551 802 586 843; x_wconf 73' lang='grc' dir='ltr'><strong>«κ</strong></span> <span class='ocrx_word' id='word_1_29' title='bbox 613 781 1236 858; x_wconf 81' lang='lat' dir='ltr'><strong>apparata-principiis</strong></span> <span class='ocrx_word' id='word_1_30' title='bbox 1270 779 1562 839; x_wconf 87' lang='lat' dir='ltr'><strong>latissime</strong></span> <span class='ocrx_word' id='word_1_31' title='bbox 1600 781 1939 857; x_wconf 89' lang='lat' dir='ltr'><strong>patentibus</strong></span> <span class='ocrx_word' id='word_1_32' title='bbox 1972 780 2087 861; x_wconf 93' lang='lat' dir='ltr'><strong>(l),</strong></span> <span class='ocrx_word' id='word_1_33' title='bbox 2120 799 2233 840; x_wconf 88' lang='lat' dir='ltr'><strong>non</strong></span> <span class='ocrx_word' id='word_1_34' title='bbox 2266 783 2341 842; x_wconf 89' lang='lat' dir='ltr'><strong>ad</strong></span> <span class='ocrx_word' id='word_1_35' title='bbox 2379 783 2552 843; x_wconf 85' lang='lat' dir='ltr'><strong>unius</strong></span> 
     </span>
     <span class='ocr_line' id='line_1_6' title="bbox 553 868 2548 948; baseline 0 -18"><span class='ocrx_word' id='word_1_36' title='bbox 553 890 586 930; x_wconf 81' lang='grc'><strong>&lt;&lt;</strong></span> <span class='ocrx_word' id='word_1_37' title='bbox 617 872 926 944; x_wconf 83' lang='lat' dir='ltr'><strong>duntaxat,</strong></span> <span class='ocrx_word' id='word_1_38' title='bbox 956 872 1056 929; x_wconf 90' lang='lat' dir='ltr'><strong>sed</strong></span> <span class='ocrx_word' id='word_1_39' title='bbox 1095 870 1168 927; x_wconf 86' lang='lat' dir='ltr'><strong>ad</strong></span> <span class='ocrx_word' id='word_1_40' title='bbox 1197 868 1460 929; x_wconf 88' lang='lat' dir='ltr'><strong>omnium</strong></span> <span class='ocrx_word' id='word_1_41' title='bbox 1490 872 1825 947; x_wconf 83' lang='lat' dir='ltr'><strong>temporum</strong></span> <span class='ocrx_word' id='word_1_42' title='bbox 1852 868 2239 930; x_wconf 83' lang='lat' dir='ltr'><strong>necessitates</strong></span> <span class='ocrx_word' id='word_1_43' title='bbox 2268 874 2361 930; x_wconf 92' lang='lat' dir='ltr'><strong>est</strong></span> <span class='ocrx_word' id='word_1_44' title='bbox 2386 876 2548 948; x_wconf 85' lang='lat' dir='ltr'><strong>apta,</strong></span> 
     </span>
     <span class='ocr_line' id='line_1_7' title="bbox 552 951 2553 1037; baseline 0 -17"><span class='ocrx_word' id='word_1_45' title='bbox 552 979 587 1020; x_wconf 79' lang='lat'>«</span> <span class='ocrx_word' id='word_1_46' title='bbox 616 964 678 1021; x_wconf 91' lang='lat' dir='ltr'><strong>et</strong></span> <span class='ocrx_word' id='word_1_47' title='bbox 731 961 804 1020; x_wconf 92' lang='lat' dir='ltr'><strong>ad</strong></span> <span class='ocrx_word' id='word_1_48' title='bbox 857 958 1282 1037; x_wconf 85' lang='lat' dir='ltr'><strong>pervincendos</strong></span> <span class='ocrx_word' id='word_1_49' title='bbox 1337 974 1575 1017; x_wconf 89' lang='lat' dir='ltr'><strong>errores</strong></span> <span class='ocrx_word' id='word_1_50' title='bbox 1639 961 1927 1037; x_wconf 89' lang='lat' dir='ltr'><strong>perpetua</strong></span> <span class='ocrx_word' id='word_1_51' title='bbox 1982 958 2113 1018; x_wconf 82' lang='lat' dir='ltr'><strong>vice</strong></span> <span class='ocrx_word' id='word_1_52' title='bbox 2171 951 2553 1021; x_wconf 73' lang='lat' dir='ltr'><strong>renascentes</strong></span> 
     </span>
     <span class='ocr_line' id='line_1_8' title="bbox 551 1047 2554 1122; baseline 0 -13"><span class='ocrx_word' id='word_1_53' title='bbox 551 1068 587 1109; x_wconf 82' lang='grc'><em>«</em></span> <span class='ocrx_word' id='word_1_54' title='bbox 617 1048 875 1112; x_wconf 85' lang='lat' dir='ltr'><strong>maxime</strong></span> <span class='ocrx_word' id='word_1_55' title='bbox 905 1047 1367 1107; x_wconf 86' lang='lat' dir='ltr'><strong>accommodata.</strong></span> <span class='ocrx_word' id='word_1_56' title='bbox 1416 1048 1636 1107; x_wconf 87' lang='lat' dir='ltr'><strong>Eadem</strong></span> <span class='ocrx_word' id='word_1_57' title='bbox 1678 1064 1846 1122; x_wconf 86' lang='lat' dir='ltr'><strong>vero,</strong></span> <span class='ocrx_word' id='word_1_58' title='bbox 1880 1066 1987 1107; x_wconf 87' lang='lat' dir='ltr'><strong>sua</strong></span> <span class='ocrx_word' id='word_1_59' title='bbox 2030 1066 2094 1111; x_wconf 86' lang='lat' dir='ltr'><strong>se</strong></span> <span class='ocrx_word' id='word_1_60' title='bbox 2142 1048 2203 1109; x_wconf 87' lang='lat' dir='ltr'><strong>vi</strong></span> <span class='ocrx_word' id='word_1_61' title='bbox 2233 1051 2295 1109; x_wconf 90' lang='lat' dir='ltr'><strong>et</strong></span> <span class='ocrx_word' id='word_1_62' title='bbox 2322 1050 2554 1109; x_wconf 90' lang='lat' dir='ltr'><strong>ratione</strong></span> 
     </span>
     <span class='ocr_line' id='line_1_9' title="bbox 551 1136 2554 1213; baseline 0 -13"><span class='ocrx_word' id='word_1_63' title='bbox 551 1160 585 1199; x_wconf 75' lang='lat'>«</span> <span class='ocrx_word' id='word_1_64' title='bbox 615 1139 991 1211; x_wconf 80' lang='lat' dir='ltr'><strong>confirmanS,</strong></span> <span class='ocrx_word' id='word_1_65' title='bbox 1047 1136 1272 1195; x_wconf 88' lang='lat' dir='ltr'><strong>invicta</strong></span> <span class='ocrx_word' id='word_1_66' title='bbox 1321 1136 1628 1209; x_wconf 85' lang='lat' dir='ltr'><strong>consistit,</strong></span> <span class='ocrx_word' id='word_1_67' title='bbox 1690 1140 1867 1213; x_wconf 87' lang='lat' dir='ltr'><strong>atque</strong></span> <span class='ocrx_word' id='word_1_68' title='bbox 1924 1138 2302 1200; x_wconf 86' lang='lat' dir='ltr'><strong>adversarios</strong></span> <span class='ocrx_word' id='word_1_69' title='bbox 2360 1143 2554 1200; x_wconf 80' lang='lat' dir='ltr'><strong>terret</strong></span> 
     </span>
     <span class='ocr_line' id='line_1_10' title="bbox 552 1225 2554 1302; baseline 0.001 -16"><span class='ocrx_word' id='word_1_70' title='bbox 552 1248 587 1291; x_wconf 67' lang='grc' dir='ltr'><strong>(ι</strong></span> <span class='ocrx_word' id='word_1_71' title='bbox 620 1228 1022 1287; x_wconf 83' lang='lat' dir='ltr'><strong>vehementer.</strong></span> <span class='ocrx_word' id='word_1_72' title='bbox 1061 1258 1140 1271; x_wconf 90' lang='lat'><strong>——-</strong></span> <span class='ocrx_word' id='word_1_73' title='bbox 1163 1225 1369 1302; x_wconf 90' lang='lat' dir='ltr'><strong>Neque</strong></span> <span class='ocrx_word' id='word_1_74' title='bbox 1400 1225 1648 1291; x_wconf 82' lang='lat' dir='ltr'><strong>minoris</strong></span> <span class='ocrx_word' id='word_1_75' title='bbox 1677 1226 2050 1301; x_wconf 82' lang='lat' dir='ltr'><strong>aestimanda,</strong></span> <span class='ocrx_word' id='word_1_76' title='bbox 2078 1226 2554 1289; x_wconf 80' lang='lat' dir='ltr'><strong>&#39;christianorum</strong></span> 
     </span>
     <span class='ocr_line' id='line_1_11' title="bbox 553 1314 2554 1394; baseline 0.001 -18"><span class='ocrx_word' id='word_1_77' title='bbox 553 1336 588 1376; x_wconf 85' lang='lat'>«</span> <span class='ocrx_word' id='word_1_78' title='bbox 617 1316 946 1394; x_wconf 78' lang='lat' dir='ltr'><strong>praesertim</strong></span> <span class='ocrx_word' id='word_1_79' title='bbox 977 1314 1280 1391; x_wconf 81' lang='lat' dir='ltr'><strong>hominum</strong></span> <span class='ocrx_word' id='word_1_80' title='bbox 1303 1314 1551 1391; x_wconf 78' lang='lat' dir='ltr'><strong>Judici0,</strong></span> <span class='ocrx_word' id='word_1_81' title='bbox 1581 1315 1832 1389; x_wconf 77' lang='lat' dir='ltr'><strong>rationis</strong></span> <span class='ocrx_word' id='word_1_82' title='bbox 1856 1318 1917 1375; x_wconf 90' lang='lat' dir='ltr'><strong>et</strong></span> <span class='ocrx_word' id='word_1_83' title='bbox 1944 1314 2083 1374; x_wconf 90' lang='lat' dir='ltr'><strong>fidei</strong></span> <span class='ocrx_word' id='word_1_84' title='bbox 2118 1316 2383 1392; x_wconf 87' lang='lat' dir='ltr'><strong>perfecta</strong></span> <span class='ocrx_word' id='word_1_85' title='bbox 2408 1335 2554 1377; x_wconf 89' lang='lat' dir='ltr'><strong>con-</strong></span> 
     </span>
     <span class='ocr_line' id='line_1_12' title="bbox 553 1393 2553 1482; baseline 0.001 -16"><span class='ocrx_word' id='word_1_86' title='bbox 553 1424 588 1466; x_wconf 72' lang='lat'>«</span> <span class='ocrx_word' id='word_1_87' title='bbox 616 1404 936 1467; x_wconf 86' lang='lat' dir='ltr'><strong>venientia.</strong></span> <span class='ocrx_word' id='word_1_88' title='bbox 969 1405 1297 1464; x_wconf 85' lang='lat' dir='ltr'><strong>Evidenter</strong></span> <span class='ocrx_word' id='word_1_89' title='bbox 1326 1404 1485 1464; x_wconf 89' lang='lat' dir='ltr'><strong>enim</strong></span> <span class='ocrx_word' id='word_1_90' title='bbox 1516 1404 1581 1463; x_wconf 88' lang='lat' dir='ltr'><strong>S.</strong></span> <span class='ocrx_word' id='word_1_91' title='bbox 1626 1406 1845 1465; x_wconf 90' lang='lat' dir='ltr'><strong>Doctor</strong></span> <span class='ocrx_word' id='word_1_92' title='bbox 1874 1393 2265 1477; x_wconf 84' lang='lat' dir='ltr'><strong>demonstrat,</strong></span> <span class='ocrx_word' id='word_1_93' title='bbox 2301 1424 2433 1482; x_wconf 87' lang='lat' dir='ltr'><strong>quae</strong></span> <span class='ocrx_word' id='word_1_94' title='bbox 2477 1425 2553 1467; x_wconf 88' lang='lat' dir='ltr'><strong>ex</strong></span> 
     </span>
     <span class='ocr_line' id='line_1_13' title="bbox 553 1488 2554 1572; baseline 0 -15"><span class='ocrx_word' id='word_1_95' title='bbox 553 1516 588 1557; x_wconf 82' lang='lat'>«</span> <span class='ocrx_word' id='word_1_96' title='bbox 616 1513 818 1555; x_wconf 87' lang='lat' dir='ltr'><strong>rerum</strong></span> <span class='ocrx_word' id='word_1_97' title='bbox 861 1511 1081 1572; x_wconf 86' lang='lat' dir='ltr'><strong>genere</strong></span> <span class='ocrx_word' id='word_1_98' title='bbox 1110 1493 1472 1554; x_wconf 86' lang='lat' dir='ltr'><strong>naturalium</strong></span> <span class='ocrx_word' id='word_1_99' title='bbox 1502 1510 1649 1554; x_wconf 85' lang='lat' dir='ltr'><strong>vera</strong></span> <span class='ocrx_word' id='word_1_100' title='bbox 1673 1498 1837 1567; x_wconf 82' lang='lat' dir='ltr'><strong>sunt,</strong></span> <span class='ocrx_word' id='word_1_101' title='bbox 1883 1494 1956 1553; x_wconf 91' lang='lat' dir='ltr'><strong>ab</strong></span> <span class='ocrx_word' id='word_1_102' title='bbox 1987 1492 2062 1553; x_wconf 88' lang='lat' dir='ltr'><strong>iis</strong></span> <span class='ocrx_word' id='word_1_103' title='bbox 2109 1488 2397 1555; x_wconf 84' lang='lat' dir='ltr'><strong>dissidere</strong></span> <span class='ocrx_word' id='word_1_104' title='bbox 2437 1516 2554 1557; x_wconf 90' lang='lat' dir='ltr'><strong>non</strong></span> 
     </span>
     <span class='ocr_line' id='line_1_14' title="bbox 473 1584 2554 1664; baseline -0.001 -18"><span class='ocrx_word' id='word_1_105' title='bbox 473 1642 476 1646; x_wconf 84' lang='lat'><strong>.</strong></span> <span class='ocrx_word' id='word_1_106' title='bbox 555 1604 590 1644; x_wconf 74' lang='grc' dir='ltr'><strong>(ι</strong></span> <span class='ocrx_word' id='word_1_107' title='bbox 619 1602 811 1664; x_wconf 88' lang='lat' dir='ltr'><strong>posse,</strong></span> <span class='ocrx_word' id='word_1_108' title='bbox 845 1602 1001 1660; x_wconf 79' lang='lat' dir='ltr'><strong>quae,</strong></span> <span class='ocrx_word' id='word_1_109' title='bbox 1033 1585 1155 1644; x_wconf 87' lang='lat' dir='ltr'><strong>Deo</strong></span> <span class='ocrx_word' id='word_1_110' title='bbox 1194 1586 1459 1657; x_wconf 88' lang='lat' dir='ltr'><strong>auctore,</strong></span> <span class='ocrx_word' id='word_1_111' title='bbox 1497 1584 1850 1659; x_wconf 83' lang='lat' dir='ltr'><strong>creduntur3</strong></span> <span class='ocrx_word' id='word_1_112' title='bbox 1884 1600 2062 1659; x_wconf 90' lang='lat' dir='ltr'><strong>quam</strong></span> <span class='ocrx_word' id='word_1_113' title='bbox 2104 1584 2177 1642; x_wconf 91' lang='lat' dir='ltr'><strong>ob</strong></span> <span class='ocrx_word' id='word_1_114' title='bbox 2220 1600 2348 1644; x_wconf 88' lang='lat' dir='ltr'><strong>rem</strong></span> <span class='ocrx_word' id='word_1_115' title='bbox 2384 1585 2554 1661; x_wconf 71' lang='lat' dir='ltr'><strong>sequi</strong></span> 
     </span>
     <span class='ocr_line' id='line_1_15' title="bbox 556 1671 2554 1735; baseline -0.001 0"><span class='ocrx_word' id='word_1_116' title='bbox 556 1693 590 1735; x_wconf 88' lang='lat'>«</span> <span class='ocrx_word' id='word_1_117' title='bbox 619 1676 680 1733; x_wconf 87' lang='lat' dir='ltr'><strong>et</strong></span> <span class='ocrx_word' id='word_1_118' title='bbox 707 1671 901 1733; x_wconf 90' lang='lat' dir='ltr'><strong>colere</strong></span> <span class='ocrx_word' id='word_1_119' title='bbox 927 1672 1106 1734; x_wconf 90' lang='lat' dir='ltr'><strong>fidem</strong></span> <span class='ocrx_word' id='word_1_120' title='bbox 1134 1671 1523 1733; x_wconf 87' lang='lat' dir='ltr'><strong>christianam</strong></span> <span class='ocrx_word' id='word_1_121' title='bbox 1553 1691 1667 1733; x_wconf 91' lang='lat' dir='ltr'><strong>non</strong></span> <span class='ocrx_word' id='word_1_122' title='bbox 1715 1690 1845 1732; x_wconf 89' lang='lat' dir='ltr'><strong>esse</strong></span> <span class='ocrx_word' id='word_1_123' title='bbox 1893 1671 2180 1732; x_wconf 89' lang='lat' dir='ltr'><strong>humilem</strong></span> <span class='ocrx_word' id='word_1_124' title='bbox 2210 1676 2271 1733; x_wconf 89' lang='lat' dir='ltr'><strong>et</strong></span> <span class='ocrx_word' id='word_1_125' title='bbox 2308 1673 2554 1734; x_wconf 90' lang='lat' dir='ltr'><strong>minime</strong></span> 
     </span>
     <span class='ocr_line' id='line_1_16' title="bbox 556 1761 2555 1841; baseline 0.001 -18"><span class='ocrx_word' id='word_1_126' title='bbox 556 1782 590 1823; x_wconf 66' lang='grc' dir='ltr'><strong>ε(</strong></span> <span class='ocrx_word' id='word_1_127' title='bbox 619 1780 967 1841; x_wconf 85' lang='lat' dir='ltr'><strong>generosam</strong></span> <span class='ocrx_word' id='word_1_128' title='bbox 992 1761 1242 1821; x_wconf 86' lang='lat' dir='ltr'><strong>rationis</strong></span> <span class='ocrx_word' id='word_1_129' title='bbox 1271 1762 1649 1837; x_wconf 88' lang='lat' dir='ltr'><strong>servitutem,</strong></span> <span class='ocrx_word' id='word_1_130' title='bbox 1688 1763 1791 1823; x_wconf 89' lang='lat' dir='ltr'><strong>sed</strong></span> <span class='ocrx_word' id='word_1_131' title='bbox 1821 1761 2016 1821; x_wconf 90' lang='lat' dir='ltr'><strong>nobile</strong></span> <span class='ocrx_word' id='word_1_132' title='bbox 2045 1761 2410 1839; x_wconf 87' lang='lat' dir='ltr'><strong>obsequium,</strong></span> <span class='ocrx_word' id='word_1_133' title='bbox 2440 1782 2555 1841; x_wconf 89' lang='lat' dir='ltr'><strong>quo</strong></span> 
     </span>
    </p>
   </div>
   <div class='ocr_carea' id='block_1_4' title="bbox 467 1851 2556 1929">
    <p class='ocr_par' dir='ltr' id='par_1_4' title="bbox 467 1851 2556 1929">
     <span class='ocr_line' id='line_1_17' title="bbox 467 1851 2556 1929; baseline 0 -18"><span class='ocrx_word' id='word_1_134' title='bbox 467 1905 472 1911; x_wconf 93' lang='lat'><strong>.</strong></span> <span class='ocrx_word' id='word_1_135' title='bbox 556 1872 590 1913; x_wconf 64' lang='grc' dir='ltr'><strong>ε(</strong></span> <span class='ocrx_word' id='word_1_136' title='bbox 619 1869 784 1913; x_wconf 89' lang='lat' dir='ltr'><strong>mens</strong></span> <span class='ocrx_word' id='word_1_137' title='bbox 807 1852 937 1928; x_wconf 89' lang='lat' dir='ltr'><strong>ipsa</strong></span> <span class='ocrx_word' id='word_1_138' title='bbox 953 1851 1203 1928; x_wconf 88' lang='lat' dir='ltr'><strong>juvatur</strong></span> <span class='ocrx_word' id='word_1_139' title='bbox 1227 1854 1288 1911; x_wconf 90' lang='lat' dir='ltr'><strong>et</strong></span> <span class='ocrx_word' id='word_1_140' title='bbox 1307 1852 1380 1910; x_wconf 89' lang='lat' dir='ltr'><strong>ad</strong></span> <span class='ocrx_word' id='word_1_141' title='bbox 1405 1851 1754 1911; x_wconf 87' lang='lat' dir='ltr'><strong>sublimiora</strong></span> <span class='ocrx_word' id='word_1_142' title='bbox 1778 1852 2081 1926; x_wconf 82' lang='lat' dir='ltr'><strong>eruditur3</strong></span> <span class='ocrx_word' id='word_1_143' title='bbox 2110 1852 2363 1929; x_wconf 89' lang='lat' dir='ltr'><strong>denique</strong></span> <span class='ocrx_word' id='word_1_144' title='bbox 2382 1852 2556 1913; x_wconf 90' lang='lat' dir='ltr'><strong>intel-</strong></span> 
     </span>
    </p>
   </div>
   <div class='ocr_carea' id='block_1_5' title="bbox 500 1940 2565 3625">
    <p class='ocr_par' dir='ltr' id='par_1_5' title="bbox 500 1940 2565 3625">
     <span class='ocr_line' id='line_1_18' title="bbox 556 1940 2557 2019; baseline -0.001 -14"><span class='ocrx_word' id='word_1_145' title='bbox 556 1963 590 2005; x_wconf 77' lang='lat'>«</span> <span class='ocrx_word' id='word_1_146' title='bbox 619 1942 928 2019; x_wconf 80' lang='lat' dir='ltr'><strong>ligentiam</strong></span> <span class='ocrx_word' id='word_1_147' title='bbox 970 1943 1033 2002; x_wconf 90' lang='lat' dir='ltr'><strong>et</strong></span> <span class='ocrx_word' id='word_1_148' title='bbox 1064 1940 1242 2002; x_wconf 90' lang='lat' dir='ltr'><strong>fidem</strong></span> <span class='ocrx_word' id='word_1_149' title='bbox 1290 1958 1327 1999; x_wconf 93' lang='lat' dir='ltr'><strong>a</strong></span> <span class='ocrx_word' id='word_1_150' title='bbox 1354 1942 1477 2001; x_wconf 93' lang='lat' dir='ltr'><strong>Deo</strong></span> <span class='ocrx_word' id='word_1_151' title='bbox 1516 1942 1720 2001; x_wconf 85' lang='lat' dir='ltr'><strong>ambas</strong></span> <span class='ocrx_word' id='word_1_152' title='bbox 1767 1940 2084 2018; x_wconf 89' lang='lat' dir='ltr'><strong>proficisci,</strong></span> <span class='ocrx_word' id='word_1_153' title='bbox 2131 1960 2250 2001; x_wconf 86' lang='lat' dir='ltr'><strong>non</strong></span> <span class='ocrx_word' id='word_1_154' title='bbox 2277 1942 2557 2003; x_wconf 89' lang='lat' dir='ltr'><strong>simulta-</strong></span> 
     </span>
     <span class='ocr_line' id='line_1_19' title="bbox 556 2030 2556 2103; baseline -0.001 -11"><span class='ocrx_word' id='word_1_155' title='bbox 556 2035 590 2091; x_wconf 69' lang='lat' dir='ltr'><strong>i&lt;</strong></span> <span class='ocrx_word' id='word_1_156' title='bbox 619 2036 746 2092; x_wconf 89' lang='lat' dir='ltr'><strong>tum</strong></span> <span class='ocrx_word' id='word_1_157' title='bbox 775 2048 970 2089; x_wconf 84' lang='lat' dir='ltr'><strong>secum</strong></span> <span class='ocrx_word' id='word_1_158' title='bbox 997 2030 1462 2089; x_wconf 84' lang='lat' dir='ltr'><strong>exercendarum</strong></span> <span class='ocrx_word' id='word_1_159' title='bbox 1491 2048 1689 2103; x_wconf 85' lang='lat' dir='ltr'><strong>causa,</strong></span> <span class='ocrx_word' id='word_1_160' title='bbox 1724 2031 1826 2090; x_wconf 89' lang='lat' dir='ltr'><strong>sed</strong></span> <span class='ocrx_word' id='word_1_161' title='bbox 1855 2032 1922 2090; x_wconf 90' lang='lat' dir='ltr'><strong>ut</strong></span> <span class='ocrx_word' id='word_1_162' title='bbox 1946 2048 2075 2090; x_wconf 88' lang='lat' dir='ltr'><strong>sese</strong></span> <span class='ocrx_word' id='word_1_163' title='bbox 2101 2030 2384 2091; x_wconf 78' lang='lat' dir='ltr'><strong>amicitiae</strong></span> <span class='ocrx_word' id='word_1_164' title='bbox 2414 2032 2556 2091; x_wconf 87' lang='lat' dir='ltr'><strong>vin-</strong></span> 
     </span>
     <span class='ocr_line' id='line_1_20' title="bbox 556 2112 2552 2195; baseline 0.001 -14"><span class='ocrx_word' id='word_1_165' title='bbox 556 2141 590 2182; x_wconf 80' lang='lat'>«</span> <span class='ocrx_word' id='word_1_166' title='bbox 615 2112 748 2180; x_wconf 90' lang='lat' dir='ltr'><strong>culo</strong></span> <span class='ocrx_word' id='word_1_167' title='bbox 777 2118 1075 2195; x_wconf 79' lang='lat' dir='ltr'><strong>colligatae</strong></span> <span class='ocrx_word' id='word_1_168' title='bbox 1099 2116 1322 2177; x_wconf 88' lang='lat' dir='ltr'><strong>mutuis</strong></span> <span class='ocrx_word' id='word_1_169' title='bbox 1345 2118 1552 2177; x_wconf 88' lang='lat' dir='ltr'><strong>officiis</strong></span> <span class='ocrx_word' id='word_1_170' title='bbox 1570 2121 1873 2178; x_wconf 89' lang='lat' dir='ltr'><strong>tueantur.</strong></span> <span class='ocrx_word' id='word_1_171' title='bbox 1912 2119 2093 2192; x_wconf 79' lang='lat' dir='ltr'><strong>Cujus</strong></span> <span class='ocrx_word' id='word_1_172' title='bbox 2118 2119 2552 2183; x_wconf 76' lang='lat' dir='ltr'><strong>convenientiae</strong></span> 
     </span>
     <span class='ocr_line' id='line_1_21' title="bbox 559 2206 2555 2285; baseline 0 -15"><span class='ocrx_word' id='word_1_173' title='bbox 559 2227 594 2270; x_wconf 85' lang='lat'>«</span> <span class='ocrx_word' id='word_1_174' title='bbox 621 2207 1026 2283; x_wconf 88' lang='lat' dir='ltr'><strong>mirabilisque</strong></span> <span class='ocrx_word' id='word_1_175' title='bbox 1067 2206 1393 2266; x_wconf 81' lang='lat' dir='ltr'><strong>concordiae</strong></span> <span class='ocrx_word' id='word_1_176' title='bbox 1432 2206 1657 2267; x_wconf 90' lang='lat' dir='ltr'><strong>cunctis</strong></span> <span class='ocrx_word' id='word_1_177' title='bbox 1696 2206 1855 2265; x_wconf 90' lang='lat' dir='ltr'><strong>beati</strong></span> <span class='ocrx_word' id='word_1_178' title='bbox 1884 2206 2127 2265; x_wconf 83' lang='lat' dir='ltr'><strong>Thomae</strong></span> <span class='ocrx_word' id='word_1_179' title='bbox 2172 2206 2411 2285; x_wconf 87' lang='lat' dir='ltr'><strong>scriptis</strong></span> <span class='ocrx_word' id='word_1_180' title='bbox 2442 2228 2555 2271; x_wconf 85' lang='lat' dir='ltr'><strong>ex-</strong></span> 
     </span>
     <span class='ocr_line' id='line_1_22' title="bbox 557 2294 2545 2375; baseline -0.001 -16"><span class='ocrx_word' id='word_1_181' title='bbox 557 2319 590 2359; x_wconf 75' lang='lat'>«</span> <span class='ocrx_word' id='word_1_182' title='bbox 620 2314 825 2375; x_wconf 88' lang='lat' dir='ltr'><strong>pressa</strong></span> <span class='ocrx_word' id='word_1_183' title='bbox 852 2296 1050 2372; x_wconf 86' lang='lat' dir='ltr'><strong>imago</strong></span> <span class='ocrx_word' id='word_1_184' title='bbox 1079 2295 1459 2372; x_wconf 82' lang='lat' dir='ltr'><strong>perspicitur.</strong></span> <span class='ocrx_word' id='word_1_185' title='bbox 1500 2295 1568 2355; x_wconf 91' lang='lat' dir='ltr'><strong>In</strong></span> <span class='ocrx_word' id='word_1_186' title='bbox 1602 2294 1695 2355; x_wconf 89' lang='lat' dir='ltr'><strong>his</strong></span> <span class='ocrx_word' id='word_1_187' title='bbox 1725 2294 1884 2353; x_wconf 90' lang='lat' dir='ltr'><strong>enim</strong></span> <span class='ocrx_word' id='word_1_188' title='bbox 1913 2294 2154 2355; x_wconf 86' lang='lat' dir='ltr'><strong>excellit</strong></span> <span class='ocrx_word' id='word_1_189' title='bbox 2180 2299 2358 2374; x_wconf 85' lang='lat' dir='ltr'><strong>atque</strong></span> <span class='ocrx_word' id='word_1_190' title='bbox 2401 2299 2545 2358; x_wconf 90' lang='lat' dir='ltr'><strong>emi-</strong></span> 
     </span>
     <span class='ocr_line' id='line_1_23' title="bbox 559 2384 2553 2467; baseline 0.001 -20"><span class='ocrx_word' id='word_1_191' title='bbox 559 2406 592 2447; x_wconf 72' lang='lat'>«</span> <span class='ocrx_word' id='word_1_192' title='bbox 621 2390 722 2445; x_wconf 89' lang='lat' dir='ltr'><strong>net</strong></span> <span class='ocrx_word' id='word_1_193' title='bbox 744 2386 916 2445; x_wconf 88' lang='lat' dir='ltr'><strong>modo</strong></span> <span class='ocrx_word' id='word_1_194' title='bbox 945 2384 1365 2460; x_wconf 85' lang='lat' dir='ltr'><strong>intelligentia,</strong></span> <span class='ocrx_word' id='word_1_195' title='bbox 1390 2402 1520 2460; x_wconf 81' lang='lat' dir='ltr'><strong>quae</strong></span> <span class='ocrx_word' id='word_1_196' title='bbox 1541 2384 1693 2461; x_wconf 91' lang='lat' dir='ltr'><strong>quod</strong></span> <span class='ocrx_word' id='word_1_197' title='bbox 1721 2384 1871 2459; x_wconf 89' lang='lat' dir='ltr'><strong>vult,</strong></span> <span class='ocrx_word' id='word_1_198' title='bbox 1904 2389 2210 2467; x_wconf 80' lang='lat' dir='ltr'><strong>praeeunte</strong></span> <span class='ocrx_word' id='word_1_199' title='bbox 2238 2386 2376 2462; x_wconf 85' lang='lat' dir='ltr'><strong>fide,</strong></span> <span class='ocrx_word' id='word_1_200' title='bbox 2408 2406 2553 2448; x_wconf 90' lang='lat' dir='ltr'><strong>con-</strong></span> 
     </span>
     <span class='ocr_line' id='line_1_24' title="bbox 557 2473 2556 2552; baseline 0.001 -16"><span class='ocrx_word' id='word_1_201' title='bbox 557 2497 592 2541; x_wconf 79' lang='lat'>«</span> <span class='ocrx_word' id='word_1_202' title='bbox 622 2474 894 2552; x_wconf 89' lang='lat' dir='ltr'><strong>sequitur</strong></span> <span class='ocrx_word' id='word_1_203' title='bbox 929 2474 990 2532; x_wconf 87' lang='lat' dir='ltr'><strong>in</strong></span> <span class='ocrx_word' id='word_1_204' title='bbox 1020 2473 1529 2551; x_wconf 88' lang='lat' dir='ltr'><strong>pervestigatione</strong></span> <span class='ocrx_word' id='word_1_205' title='bbox 1559 2477 1826 2549; x_wconf 79' lang='lat' dir='ltr'><strong>naturae3</strong></span> <span class='ocrx_word' id='word_1_206' title='bbox 1860 2474 2034 2533; x_wconf 89' lang='lat' dir='ltr'><strong>modo</strong></span> <span class='ocrx_word' id='word_1_207' title='bbox 2063 2473 2243 2550; x_wconf 88' lang='lat' dir='ltr'><strong>fides,</strong></span> <span class='ocrx_word' id='word_1_208' title='bbox 2280 2493 2413 2552; x_wconf 85' lang='lat' dir='ltr'><strong>quae</strong></span> <span class='ocrx_word' id='word_1_209' title='bbox 2450 2494 2556 2538; x_wconf 87' lang='lat' dir='ltr'><strong>ra-</strong></span> 
     </span>
     <span class='ocr_line' id='line_1_25' title="bbox 559 2562 2554 2641; baseline 0.001 -16"><span class='ocrx_word' id='word_1_210' title='bbox 559 2582 593 2625; x_wconf 78' lang='lat'>«</span> <span class='ocrx_word' id='word_1_211' title='bbox 621 2564 800 2625; x_wconf 89' lang='lat' dir='ltr'><strong>tionis</strong></span> <span class='ocrx_word' id='word_1_212' title='bbox 846 2582 954 2641; x_wconf 87' lang='lat' dir='ltr'><strong>ope</strong></span> <span class='ocrx_word' id='word_1_213' title='bbox 994 2562 1334 2624; x_wconf 88' lang='lat' dir='ltr'><strong>illustratur</strong></span> <span class='ocrx_word' id='word_1_214' title='bbox 1377 2581 1446 2623; x_wconf 91' lang='lat' dir='ltr'><strong>ac</strong></span> <span class='ocrx_word' id='word_1_215' title='bbox 1488 2562 1847 2636; x_wconf 84' lang='lat' dir='ltr'><strong>defenditur,</strong></span> <span class='ocrx_word' id='word_1_216' title='bbox 1898 2563 1985 2623; x_wconf 90' lang='lat' dir='ltr'><strong>sic</strong></span> <span class='ocrx_word' id='word_1_217' title='bbox 2029 2565 2230 2624; x_wconf 89' lang='lat' dir='ltr'><strong>tamen</strong></span> <span class='ocrx_word' id='word_1_218' title='bbox 2274 2568 2341 2624; x_wconf 90' lang='lat' dir='ltr'><strong>ut</strong></span> <span class='ocrx_word' id='word_1_219' title='bbox 2385 2583 2554 2627; x_wconf 90' lang='lat' dir='ltr'><strong>suam</strong></span> 
     </span>
     <span class='ocr_line' id='line_1_26' title="bbox 559 2651 2555 2731; baseline 0.001 -18"><span class='ocrx_word' id='word_1_220' title='bbox 559 2673 594 2719; x_wconf 79' lang='lat'>«</span> <span class='ocrx_word' id='word_1_221' title='bbox 623 2670 867 2730; x_wconf 81' lang='lat' dir='ltr'><strong>quaeque</strong></span> <span class='ocrx_word' id='word_1_222' title='bbox 896 2652 1178 2712; x_wconf 90' lang='lat' dir='ltr'><strong>inviolate</strong></span> <span class='ocrx_word' id='word_1_223' title='bbox 1216 2655 1418 2712; x_wconf 86' lang='lat' dir='ltr'><strong>teneat</strong></span> <span class='ocrx_word' id='word_1_224' title='bbox 1448 2656 1508 2713; x_wconf 89' lang='lat' dir='ltr'><strong>et</strong></span> <span class='ocrx_word' id='word_1_225' title='bbox 1536 2652 1659 2713; x_wconf 88' lang='lat' dir='ltr'><strong>vim</strong></span> <span class='ocrx_word' id='word_1_226' title='bbox 1699 2656 1760 2713; x_wconf 89' lang='lat' dir='ltr'><strong>et</strong></span> <span class='ocrx_word' id='word_1_227' title='bbox 1787 2651 2174 2730; x_wconf 81' lang='lat' dir='ltr'><strong>dignitatem3</strong></span> <span class='ocrx_word' id='word_1_228' title='bbox 2209 2656 2409 2731; x_wconf 89' lang='lat' dir='ltr'><strong>atque,</strong></span> <span class='ocrx_word' id='word_1_229' title='bbox 2454 2658 2555 2715; x_wconf 90' lang='lat' dir='ltr'><strong>ubi</strong></span> 
     </span>
     <span class='ocr_line' id='line_1_27' title="bbox 500 2740 2557 2822; baseline 0 -21"><span class='ocrx_word' id='word_1_230' title='bbox 500 2818 504 2822; x_wconf 90' lang='lat'><strong>.</strong></span> <span class='ocrx_word' id='word_1_231' title='bbox 559 2760 592 2802; x_wconf 83' lang='grc'>«</span> <span class='ocrx_word' id='word_1_232' title='bbox 623 2760 718 2802; x_wconf 88' lang='lat' dir='ltr'><strong>res</strong></span> <span class='ocrx_word' id='word_1_233' title='bbox 748 2740 1030 2819; x_wconf 88' lang='lat' dir='ltr'><strong>postulat,</strong></span> <span class='ocrx_word' id='word_1_234' title='bbox 1064 2742 1252 2802; x_wconf 82' lang='lat' dir='ltr'><strong>ambae</strong></span> <span class='ocrx_word' id='word_1_235' title='bbox 1283 2742 1451 2821; x_wconf 90' lang='lat' dir='ltr'><strong>quasi</strong></span> <span class='ocrx_word' id='word_1_236' title='bbox 1494 2741 1715 2802; x_wconf 83' lang='lat' dir='ltr'><strong>foedere</strong></span> <span class='ocrx_word' id='word_1_237' title='bbox 1745 2742 1863 2801; x_wconf 88' lang='lat' dir='ltr'><strong>icto</strong></span> <span class='ocrx_word' id='word_1_238' title='bbox 1910 2744 1984 2802; x_wconf 89' lang='lat' dir='ltr'><strong>ad</strong></span> <span class='ocrx_word' id='word_1_239' title='bbox 2016 2742 2324 2819; x_wconf 87' lang='lat' dir='ltr'><strong>utriusque</strong></span> <span class='ocrx_word' id='word_1_240' title='bbox 2353 2742 2557 2801; x_wconf 89' lang='lat' dir='ltr'><strong>inimi-</strong></span> 
     </span>
     <span class='ocr_line' id='line_1_28' title="bbox 560 2828 2552 2912; baseline -0.002 -19"><span class='ocrx_word' id='word_1_241' title='bbox 560 2850 594 2893; x_wconf 88' lang='lat'>«</span> <span class='ocrx_word' id='word_1_242' title='bbox 622 2850 720 2891; x_wconf 91' lang='lat' dir='ltr'><strong>cos</strong></span> <span class='ocrx_word' id='word_1_243' title='bbox 745 2830 1119 2893; x_wconf 88' lang='lat' dir='ltr'><strong>debellandos</strong></span> <span class='ocrx_word' id='word_1_244' title='bbox 1149 2831 1590 2907; x_wconf 86' lang='lat' dir='ltr'><strong>conjunguntur</strong></span> <span class='ocrx_word' id='word_1_245' title='bbox 1621 2830 1897 2912; x_wconf 63' lang='lat' dir='ltr'><strong>(Littera)</strong></span> <span class='ocrx_word' id='word_1_246' title='bbox 1929 2828 2208 2910; x_wconf 78' lang='lat' dir='ltr'><strong>Apostol.</strong></span> <span class='ocrx_word' id='word_1_247' title='bbox 2243 2833 2315 2892; x_wconf 93' lang='lat' dir='ltr'><strong>D.</strong></span> <span class='ocrx_word' id='word_1_248' title='bbox 2348 2833 2387 2891; x_wconf 88' lang='grc'><strong>4</strong></span> <span class='ocrx_word' id='word_1_249' title='bbox 2414 2849 2552 2908; x_wconf 87' lang='lat' dir='ltr'><strong>aug.</strong></span> 
     </span>
     <span class='ocr_line' id='line_1_29' title="bbox 562 2920 2557 3000; baseline -0.002 -18"><span class='ocrx_word' id='word_1_250' title='bbox 562 2920 763 3000; x_wconf 83' lang='lat'><strong>1880).</strong></span> <span class='ocrx_word' id='word_1_251' title='bbox 785 2921 974 2981; x_wconf 79' lang='lat' dir='ltr'><strong>»Haec</strong></span> <span class='ocrx_word' id='word_1_252' title='bbox 1002 2921 1123 2983; x_wconf 90' lang='lat' dir='ltr'><strong>Leo</strong></span> <span class='ocrx_word' id='word_1_253' title='bbox 1152 2921 1222 2983; x_wconf 90' lang='lat' dir='ltr'><strong>P.</strong></span> <span class='ocrx_word' id='word_1_254' title='bbox 1255 2921 1428 2993; x_wconf 90' lang='lat' dir='ltr'><strong>XIII,</strong></span> <span class='ocrx_word' id='word_1_255' title='bbox 1450 2922 1523 2980; x_wconf 88' lang='lat' dir='ltr'><strong>ad</strong></span> <span class='ocrx_word' id='word_1_256' title='bbox 1552 2921 2045 2981; x_wconf 80' lang='lat' dir='ltr'><strong>instaurationem</strong></span> <span class='ocrx_word' id='word_1_257' title='bbox 2069 2921 2292 2979; x_wconf 87' lang='lat' dir='ltr'><strong>veteris</strong></span> <span class='ocrx_word' id='word_1_258' title='bbox 2317 2920 2557 2995; x_wconf 88' lang='lat' dir='ltr'><strong>sapien-</strong></span> 
     </span>
     <span class='ocr_line' id='line_1_30' title="bbox 561 3004 2560 3089; baseline -0.003 -17"><span class='ocrx_word' id='word_1_259' title='bbox 561 3012 663 3073; x_wconf 80' lang='lat' dir='ltr'><strong>tiae</strong></span> <span class='ocrx_word' id='word_1_260' title='bbox 681 3011 1162 3089; x_wconf 88' lang='lat' dir='ltr'><strong>promovendam.</strong></span> <span class='ocrx_word' id='word_1_261' title='bbox 1185 3010 1472 3085; x_wconf 88' lang='lat' dir='ltr'><strong>Utigitur</strong></span> <span class='ocrx_word' id='word_1_262' title='bbox 1487 3008 1917 3089; x_wconf 86' lang='lat' dir='ltr'><strong>exspectationi</strong></span> <span class='ocrx_word' id='word_1_263' title='bbox 1934 3004 2205 3084; x_wconf 87' lang='lat' dir='ltr'><strong>votisque</strong></span> <span class='ocrx_word' id='word_1_264' title='bbox 2226 3008 2379 3067; x_wconf 91' lang='lat' dir='ltr'><strong>tanti</strong></span> <span class='ocrx_word' id='word_1_265' title='bbox 2404 3008 2560 3070; x_wconf 88' lang='lat' dir='ltr'><strong>Pon·</strong></span> 
     </span>
     <span class='ocr_line' id='line_1_31' title="bbox 562 3095 2559 3177; baseline -0.003 -16"><span class='ocrx_word' id='word_1_266' title='bbox 562 3101 737 3161; x_wconf 84' lang='lat' dir='ltr'><strong>tificis</strong></span> <span class='ocrx_word' id='word_1_267' title='bbox 763 3100 1244 3177; x_wconf 85' lang='lat' dir='ltr'><strong>respondeamus,</strong></span> <span class='ocrx_word' id='word_1_268' title='bbox 1280 3116 1501 3157; x_wconf 90' lang='lat' dir='ltr'><strong>necnon</strong></span> <span class='ocrx_word' id='word_1_269' title='bbox 1532 3118 1639 3176; x_wconf 90' lang='lat' dir='ltr'><strong>pro</strong></span> <span class='ocrx_word' id='word_1_270' title='bbox 1665 3099 1891 3159; x_wconf 88' lang='lat' dir='ltr'><strong>viribus</strong></span> <span class='ocrx_word' id='word_1_271' title='bbox 1920 3095 2283 3159; x_wconf 85' lang='lat' dir='ltr'><strong>studentium</strong></span> <span class='ocrx_word' id='word_1_272' title='bbox 2310 3096 2559 3157; x_wconf 89' lang='lat' dir='ltr'><strong>utilitati</strong></span> 
     </span>
     <span class='ocr_line' id='line_1_32' title="bbox 561 3187 2559 3267; baseline -0.002 -17"><span class='ocrx_word' id='word_1_273' title='bbox 561 3188 953 3259; x_wconf 79' lang='lat' dir='ltr'><strong>consulamuS‚</strong></span> <span class='ocrx_word' id='word_1_274' title='bbox 984 3187 1286 3267; x_wconf 79' lang='lat' dir='ltr'><strong>praecipua</strong></span> <span class='ocrx_word' id='word_1_275' title='bbox 1314 3190 1384 3249; x_wconf 87' lang='lat' dir='ltr'><strong>D.</strong></span> <span class='ocrx_word' id='word_1_276' title='bbox 1418 3189 1664 3249; x_wconf 84' lang='lat' dir='ltr'><strong>Thomae</strong></span> <span class='ocrx_word' id='word_1_277' title='bbox 1702 3189 2001 3267; x_wconf 87' lang='lat' dir='ltr'><strong>Opuscula</strong></span> <span class='ocrx_word' id='word_1_278' title='bbox 2040 3187 2100 3248; x_wconf 91' lang='lat' dir='ltr'><strong>in</strong></span> <span class='ocrx_word' id='word_1_279' title='bbox 2143 3187 2337 3249; x_wconf 88' lang='lat' dir='ltr'><strong>forma</strong></span> <span class='ocrx_word' id='word_1_280' title='bbox 2382 3190 2559 3264; x_wconf 85' lang='lat' dir='ltr'><strong>quam</strong></span> 
     </span>
     <span class='ocr_line' id='line_1_33' title="bbox 561 3275 2560 3355; baseline -0.002 -17"><span class='ocrx_word' id='word_1_281' title='bbox 561 3280 773 3338; x_wconf 88' lang='lat' dir='ltr'><strong>vocant</strong></span> <span class='ocrx_word' id='word_1_282' title='bbox 799 3275 968 3337; x_wconf 61' lang='lat' dir='ltr'><strong>ira-8⁰</strong></span> <span class='ocrx_word' id='word_1_283' title='bbox 997 3278 1186 3337; x_wconf 91' lang='lat' dir='ltr'><strong>denuo</strong></span> <span class='ocrx_word' id='word_1_284' title='bbox 1210 3278 1384 3337; x_wconf 87' lang='lat' dir='ltr'><strong>edere</strong></span> <span class='ocrx_word' id='word_1_285' title='bbox 1414 3278 1754 3339; x_wconf 86' lang='lat' dir='ltr'><strong>statuimus.</strong></span> <span class='ocrx_word' id='word_1_286' title='bbox 1790 3278 2021 3355; x_wconf 81' lang='lat' dir='ltr'><strong>Saepius</strong></span> <span class='ocrx_word' id='word_1_287' title='bbox 2043 3278 2312 3355; x_wconf 85' lang='lat' dir='ltr'><strong>equidem</strong></span> <span class='ocrx_word' id='word_1_288' title='bbox 2343 3276 2560 3336; x_wconf 81' lang='lat' dir='ltr'><strong>saeculo</strong></span> 
     </span>
     <span class='ocr_line' id='line_1_34' title="bbox 558 3364 2563 3447; baseline -0.002 -17"><span class='ocrx_word' id='word_1_289' title='bbox 558 3369 668 3430; x_wconf 87' lang='lat' dir='ltr'><strong>hoc</strong></span> <span class='ocrx_word' id='word_1_290' title='bbox 697 3368 898 3426; x_wconf 90' lang='lat' dir='ltr'><strong>nostro</strong></span> <span class='ocrx_word' id='word_1_291' title='bbox 927 3364 1174 3429; x_wconf 73' lang='lat' dir='ltr'><strong>Summa</strong></span> <span class='ocrx_word' id='word_1_292' title='bbox 1204 3365 1533 3447; x_wconf 71' lang='lat' dir='ltr'><strong>theoloyioa</strong></span> <span class='ocrx_word' id='word_1_293' title='bbox 1561 3367 1835 3444; x_wconf 84' lang='lat' dir='ltr'><strong>Angelici</strong></span> <span class='ocrx_word' id='word_1_294' title='bbox 1864 3367 2139 3427; x_wconf 88' lang='lat' dir='ltr'><strong>Doctoris</strong></span> <span class='ocrx_word' id='word_1_295' title='bbox 2186 3370 2364 3443; x_wconf 84' lang='lat' dir='ltr'><strong>atque</strong></span> <span class='ocrx_word' id='word_1_296' title='bbox 2392 3366 2563 3444; x_wconf 87' lang='lat' dir='ltr'><strong>ejus-</strong></span> 
     </span>
     <span class='ocr_line' id='line_1_35' title="bbox 559 3454 2565 3541; baseline -0 -25"><span class='ocrx_word' id='word_1_297' title='bbox 559 3458 687 3517; x_wconf 89' lang='lat' dir='ltr'><strong>dem</strong></span> <span class='ocrx_word' id='word_1_298' title='bbox 733 3454 1042 3533; x_wconf 86' lang='lat' dir='ltr'><strong>egregium</strong></span> <span class='ocrx_word' id='word_1_299' title='bbox 1072 3475 1218 3535; x_wconf 89' lang='lat' dir='ltr'><strong>opus</strong></span> <span class='ocrx_word' id='word_1_300' title='bbox 1269 3456 1497 3520; x_wconf 62' lang='lat' dir='ltr'><strong>Contra</strong></span> <span class='ocrx_word' id='word_1_301' title='bbox 1533 3455 1798 3523; x_wconf 73' lang='lat' dir='ltr'><strong>Gentiles</strong></span> <span class='ocrx_word' id='word_1_302' title='bbox 1840 3456 2003 3541; x_wconf 84' lang='lat' dir='ltr'><strong>typis</strong></span> <span class='ocrx_word' id='word_1_303' title='bbox 2046 3473 2263 3515; x_wconf 87' lang='lat' dir='ltr'><strong>excusa</strong></span> <span class='ocrx_word' id='word_1_304' title='bbox 2292 3458 2451 3515; x_wconf 91' lang='lat' dir='ltr'><strong>sunt.</strong></span> <span class='ocrx_word' id='word_1_305' title='bbox 2479 3455 2565 3515; x_wconf 93' lang='lat' dir='ltr'><strong>At</strong></span> 
     </span>
     <span class='ocr_line' id='line_1_36' title="bbox 559 3543 2565 3625; baseline -0.001 -20"><span class='ocrx_word' id='word_1_306' title='bbox 559 3562 704 3605; x_wconf 85' lang='lat' dir='ltr'><strong>vero</strong></span> <span class='ocrx_word' id='word_1_307' title='bbox 752 3545 1051 3622; x_wconf 80' lang='lat' dir='ltr'><strong>opuscula</strong></span> <span class='ocrx_word' id='word_1_308' title='bbox 1086 3546 1423 3624; x_wconf 88' lang='lat' dir='ltr'><strong>theologica</strong></span> <span class='ocrx_word' id='word_1_309' title='bbox 1461 3550 1522 3608; x_wconf 90' lang='lat' dir='ltr'><strong>et</strong></span> <span class='ocrx_word' id='word_1_310' title='bbox 1559 3545 1965 3625; x_wconf 85' lang='lat' dir='ltr'><strong>philosophica</strong></span> <span class='ocrx_word' id='word_1_311' title='bbox 2005 3548 2133 3620; x_wconf 81' lang='lat' dir='ltr'><strong>vix,</strong></span> <span class='ocrx_word' id='word_1_312' title='bbox 2177 3544 2288 3605; x_wconf 88' lang='lat' dir='ltr'><strong>nisi</strong></span> <span class='ocrx_word' id='word_1_313' title='bbox 2332 3544 2392 3603; x_wconf 92' lang='lat' dir='ltr'><strong>in</strong></span> <span class='ocrx_word' id='word_1_314' title='bbox 2434 3543 2565 3604; x_wconf 90' lang='lat' dir='ltr'><strong>col-</strong></span> 
     </span>
    </p>
   </div>
   <div class='ocr_carea' id='block_1_6' title="bbox 562 3758 2571 4079">
    <p class='ocr_par' dir='ltr' id='par_1_6' title="bbox 562 3758 2571 4079">
     <span class='ocr_line' id='line_1_37' title="bbox 625 3758 2565 3825; baseline -0.001 -18"><span class='ocrx_word' id='word_1_315' title='bbox 625 3758 687 3825; x_wconf 83' lang='grc'><strong>(1)</strong></span> <span class='ocrx_word' id='word_1_316' title='bbox 712 3758 934 3809; x_wconf 82' lang='lat' dir='ltr'><strong>Eamdem</strong></span> <span class='ocrx_word' id='word_1_317' title='bbox 970 3759 1192 3809; x_wconf 72' lang='lat' dir='ltr'><strong>doctrinae</strong></span> <span class='ocrx_word' id='word_1_318' title='bbox 1219 3758 1497 3809; x_wconf 80' lang='lat' dir='ltr'><strong>thomisticae</strong></span> <span class='ocrx_word' id='word_1_319' title='bbox 1524 3758 1856 3820; x_wconf 77' lang='lat' dir='ltr'><strong>proprietatem</strong></span> <span class='ocrx_word' id='word_1_320' title='bbox 1887 3758 1987 3821; x_wconf 81' lang='lat' dir='ltr'><strong>jam</strong></span> <span class='ocrx_word' id='word_1_321' title='bbox 2015 3762 2258 3807; x_wconf 74' lang='lat' dir='ltr'><strong>notaverat</strong></span> <span class='ocrx_word' id='word_1_322' title='bbox 2292 3758 2565 3819; x_wconf 73' lang='lat' dir='ltr'><strong>Bossuetu8‚</strong></span> 
     </span>
     <span class='ocr_line' id='line_1_38' title="bbox 562 3818 2566 3895; baseline -0.001 -24"><span class='ocrx_word' id='word_1_323' title='bbox 562 3824 620 3872; x_wconf 84' lang='lat' dir='ltr'><strong>de</strong></span> <span class='ocrx_word' id='word_1_324' title='bbox 639 3824 869 3887; x_wconf 80' lang='lat' dir='ltr'><strong>Aquinate</strong></span> <span class='ocrx_word' id='word_1_325' title='bbox 889 3823 956 3894; x_wconf 73' lang='lat' dir='ltr'><strong>ita</strong></span> <span class='ocrx_word' id='word_1_326' title='bbox 978 3823 1187 3871; x_wconf 80' lang='lat' dir='ltr'><strong>scribens</strong></span> <span class='ocrx_word' id='word_1_327' title='bbox 1208 3835 1220 3871; x_wconf 76' lang='grc' dir='ltr'><em>τ</em></span> <span class='ocrx_word' id='word_1_328' title='bbox 1241 3836 1270 3868; x_wconf 95' lang='grc'>«</span> <span class='ocrx_word' id='word_1_329' title='bbox 1294 3822 1336 3895; x_wconf 46' lang='lat' dir='ltr'><strong>ll·</strong></span> <span class='ocrx_word' id='word_1_330' title='bbox 1355 3836 1384 3883; x_wconf 77' lang='lat' dir='ltr'>y</span> <span class='ocrx_word' id='word_1_331' title='bbox 1405 3836 1433 3869; x_wconf 88' lang='lat' dir='ltr'><strong>a</strong></span> <span class='ocrx_word' id='word_1_332' title='bbox 1456 3834 1548 3870; x_wconf 86' lang='lat' dir='ltr'><strong>une</strong></span> <span class='ocrx_word' id='word_1_333' title='bbox 1566 3822 1673 3895; x_wconf 76' lang='lat' dir='ltr'><strong>telle</strong></span> <span class='ocrx_word' id='word_1_334' title='bbox 1697 3820 1865 3869; x_wconf 86' lang='lat' dir='ltr'><strong>liaison</strong></span> <span class='ocrx_word' id='word_1_335' title='bbox 1891 3828 2021 3871; x_wconf 73' lang='lat' dir='ltr'><strong>entre</strong></span> <span class='ocrx_word' id='word_1_336' title='bbox 2041 3834 2117 3894; x_wconf 74' lang='lat' dir='ltr'><strong>ses</strong></span> <span class='ocrx_word' id='word_1_337' title='bbox 2139 3820 2394 3883; x_wconf 83' lang='lat' dir='ltr'><strong>principes,</strong></span> <span class='ocrx_word' id='word_1_338' title='bbox 2423 3818 2566 3883; x_wconf 89' lang='lat' dir='ltr'><strong>qu&#39;on</strong></span> 
     </span>
     <span class='ocr_line' id='line_1_39' title="bbox 564 3880 2571 4011; baseline 0 -14"><span class='ocrx_word' id='word_1_339' title='bbox 564 3884 1719 4011; x_wconf 46' lang='lat' dir='ltr'><strong>⁸¹³¹&#39;“²3?.⁶⁰..l‘3&#39;11‘effi‘z‘233asa‘3‘„assita</strong></span> <span class='ocrx_word' id='word_1_340' title='bbox 1733 3880 2571 4010; x_wconf 54' lang='grc' dir='ltr'><strong>’ἓέιὶξὶῑέῗέξὶἒΐέῑὲἓεοέἓέιῗιξὲηἴ</strong></span> 
     </span>
     <span class='ocr_line' id='line_1_40' title="bbox 563 3950 2135 4079; baseline -0.004 -19"><span class='ocrx_word' id='word_1_341' title='bbox 563 3950 768 4060; x_wconf 41' lang='lat' dir='ltr'><strong>alffius</strong></span> <span class='ocrx_word' id='word_1_342' title='bbox 791 3962 838 4058; x_wconf 47' lang='lat' dir='ltr'><strong>e}</strong></span> <span class='ocrx_word' id='word_1_343' title='bbox 855 4009 1044 4059; x_wconf 71' lang='lat' dir='ltr'><strong>seconds</strong></span> <span class='ocrx_word' id='word_1_344' title='bbox 1067 4008 1257 4079; x_wconf 69' lang='lat' dir='ltr'><strong>(Lem-es</strong></span> <span class='ocrx_word' id='word_1_345' title='bbox 1282 4011 1491 4071; x_wconf 75' lang='lat' dir='ltr'><strong>ine‘dites,</strong></span> <span class='ocrx_word' id='word_1_346' title='bbox 1512 4022 1619 4071; x_wconf 82' lang='lat' dir='ltr'><strong>pag.</strong></span> <span class='ocrx_word' id='word_1_347' title='bbox 1645 4008 1694 4069; x_wconf 87' lang='grc'><strong>6,</strong></span> <span class='ocrx_word' id='word_1_348' title='bbox 1719 4008 1869 4069; x_wconf 67' lang='lat' dir='ltr'><strong>Paris»,</strong></span> <span class='ocrx_word' id='word_1_349' title='bbox 1900 4006 2055 4075; x_wconf 81' lang='lat'><strong>1863).</strong></span> <span class='ocrx_word' id='word_1_350' title='bbox 2084 4024 2135 4057; x_wconf 87' lang='lat'><strong>».</strong></span> 
     </span>
    </p>
   </div>
  </div>
 </body>
</html>
