2850 4517
519 357 643 424 500
999 373 1053 417 s.
1097 371 1332 416 moun
1369 369 1699 422 anunm-ris
1738 367 2051 416 croscum

518 493 665 549 sicut
701 503 870 564 supra
905 487 1114 546 dictum
1155 493 1261 554 est,
1303 485 1492 543 divina
1516 501 1617 560 per
1654 487 1967 543 communia
2008 485 2204 544 melius
2229 505 2402 563 quam
2438 506 2549 564 per

518 579 780 654 specialia
821 577 1197 651 designantur.
1235 573 1316 632 Ex
1353 589 1683 649 quocunque
1722 590 1856 648 ergo
1882 591 2073 636 eorum
2099 593 2227 650 quae
2266 586 2399 635 sunt
2440 595 2545 636 os-

521 677 698 735 tensa,
725 666 936 725 scilicet
967 665 1114 742 quod
1141 664 1378 740 Spiritus
1403 674 1632 722 sanctus
1660 665 1849 720 existit
1889 680 1924 721 a
1950 663 2107 734 Filio,
2142 667 2229 722 vel
2268 666 2411 735 fluit,
2449 669 2543 724 vel

520 758 780 830 spiratur,
821 756 908 812 vel
947 762 1189 825 emanat,
1224 755 1293 812 de
1325 754 1657 812 necessitate
1696 752 2065 823 concluditur,
2104 755 2255 829 quod
2294 757 2544 830 Spiritus

521 854 746 903 sanctus
768 860 800 902 a
824 843 964 902 Filio
982 842 1265 920 procedat.

589 1041 770 1120 Quod
796 1041 954 1106 idem
979 1047 1069 1106 est
1101 1041 1171 1105 in
1195 1040 1427 1110 divinis
1450 1041 1721 1124 personis
1735 1043 2041 1122 profluere
2065 1047 2125 1107 et
2144 1044 2483 1124 procedere.

589 1200 731 1258 Item
755 1199 1032 1276 cyrillus
1017 1217 1072 1256 m
1097 1201 1437 1274 expositione
1473 1200 1684 1259 Nicaeni
1718 1201 1952 1274 symboli
1992 1202 2170 1259 dicit:
2203 1223 2232 1257 ι
2263 1205 2543 1261 coessen-

521 1288 670 1347 tialis
715 1287 801 1346 est
844 1289 1068 1364 spiritus
1108 1289 1256 1347 Patri
1293 1299 1350 1347 et
1394 1288 1553 1357 Filio,
1593 1296 1651 1347 et
1693 1289 1937 1362 profluit,
1976 1290 2083 1348 hoc
2130 1297 2237 1363 est,
2285 1293 2541 1366 procedit

523 1387 786 1451 tanquam
813 1393 848 1434 a
871 1376 1021 1434 fonte
1052 1395 1118 1434 ex
1147 1378 1262 1434 Deo
1293 1383 1350 1434 et
1380 1384 1555 1450 patre.
1603 1397 1632 1431 υ
1659 1378 1740 1435 Ex
1775 1395 1887 1452 quo
1922 1379 2174 1448 habetur,
2206 1382 2355 1455 quod
2390 1381 2541 1438 idem

521 1471 607 1523 est
651 1466 709 1520 in
752 1464 954 1521 divinis
999 1465 1246 1538 personis
1287 1463 1558 1539 profluere
1595 1474 1653 1524 et
1697 1467 2013 1538 procedere.
2066 1468 2303 1541 Spiritus
2349 1475 2541 1526 'autem

524 1561 746 1610 sanctus
771 1550 992 1626 profluit
1030 1568 1064 1610 a
1099 1552 1258 1621 Filio,
1292 1559 1351 1608 ut
1387 1569 1556 1628 supra
1590 1561 1871 1612 ostensum
1899 1563 2004 1624 est,
2044 1572 2175 1630 ergo
2200 1572 2235 1615 a
2262 1557 2378 1614 filio
2407 1575 2541 1632 pro-

522 1641 693 1698 cedit.
733 1642 852 1699 Hoc
892 1651 1076 1699 autem
1118 1643 1294 1715 magis
1339 1643 1695 1700 confirmatur
1722 1660 1789 1700 ex
1835 1643 1958 1714 hoc,
2009 1646 2155 1718 quod
2199 1647 2258 1703 in
2304 1647 2539 1721 epistola

521 1730 776 1788 Nestorio
794 1730 1002 1787 directa
1024 1731 1178 1795 dicit,
1198 1731 1342 1804 quod
1358 1730 1607 1788 Christus
1630 1737 1716 1788 est
1739 1732 1964 1801 veritaS,
1988 1741 2044 1790 et
2058 1733 2295 1806 Spiritus
2312 1745 2541 1793 sanctus

525 1817 746 1893 profluit
779 1819 852 1876 ab
878 1835 944 1877 eo
980 1820 1124 1877 sicut
1151 1836 1218 1876 ex
1265 1821 1376 1876 Deo
1412 1826 1591 1894 patre.
1621 1821 1677 1877 Si
1706 1836 1839 1894 ergo
1873 1821 2022 1879 idem
2060 1829 2145 1878 est
2185 1823 2364 1896 ipsum
2404 1840 2542 1898 pro-

524 1907 696 1965 fluere
719 1923 752 1965 a
776 1909 935 1966 Patre
960 1907 1106 1981 quod
1127 1907 1442 1982 procedere,
1470 1909 1637 1965 etiam
1664 1925 1760 1983 per
1778 1908 1882 1966 hoc
1899 1911 2045 1984 quod
2073 1926 2104 1966 a
2135 1910 2271 1967 Filio
2294 1911 2537 1985 profluit,

524 1996 832 2069 ostenditur
858 1996 931 2053 ab
955 1996 1149 2053 eodem
1177 1995 1496 2069 procedens.
1520 1997 1658 2053 item
1684 1997 1853 2069 Greg.
1880 1997 2260 2056 Nazianzenus
2285 2001 2339 2056 in
2368 2016 2537 2058 serm.

523 2083 605 2142 de'
620 2083 924 2158 Epiphania
961 2101 977 2140 ε
1015 2105 1042 2137 α
1072 2085 1311 2160 Spiritus
1341 2090 1565 2141 sanctus
1606 2085 1749 2142 unde
1775 2091 1879 2152 est,
1910 2084 2038 2143 inde
2066 2087 2333 2160 procedit.
2371 2107 2398 2141 ι
2438 2087 2543 2146 Est

525 2180 712 2229 autem
741 2188 772 2231 a
796 2171 951 2241 Filio,
969 2173 1112 2230 sicut
1135 2173 1424 2247 probatum
1452 2179 1567 2231 est:
1595 2188 1627 2230 a
1651 2173 1787 2229 Filio
1805 2188 1937 2246 ergo
1964 2173 2231 2247 procedit.
2259 2176 2398 2234 Item
2425 2178 2543 2252 Cy-

526 2260 682 2318 rillus
718 2261 864 2330 dicit,
893 2277 1059 2335 super
1079 2261 1322 2319 Johelem
1360 2279 1374 2317 ε
1403 2283 1430 2316 α
1462 2262 1699 2336 Spiritus
1730 2268 1955 2321 sanctus
1982 2269 2069 2320 est
2090 2266 2343 2338 proprius
2367 2266 2545 2339 ipsius

525 2348 748 2416 Christi,
779 2350 917 2406 etin
953 2350 1094 2422 ipso,
1133 2356 1191 2406 et
1219 2367 1286 2407 ex
1327 2351 1463 2423 ipso,
1497 2351 1959 2424 quemadmodum
1991 2358 2047 2407 et
2074 2351 2147 2410 ab
2174 2354 2292 2424 ipso
2330 2354 2545 2411 intelli-

525 2437 675 2509 gitur
701 2437 833 2503 Deo,
861 2444 917 2493 et
952 2438 1133 2504 Patre,
1170 2456 1197 2490 ι
1227 2442 1282 2493 et
1305 2438 1574 2494 Maximus
1608 2438 1908 2511 Monachus
1944 2440 1999 2496 in
2026 2455 2272 2496 sermone
2298 2441 2373 2498 de
2398 2459 2545 2499 can-

524 2521 749 2580 delabro
795 2528 851 2578 et
890 2530 1101 2596 septem
1142 2524 1380 2580 lucernis
1419 2541 1433 2579 ε
1482 2545 1509 2578 α
1542 2525 1777 2599 Spiritus
1818 2535 2038 2586 sanctus
2072 2528 2545 2600 quemadmodum

525 2626 624 2686 per
664 2618 919 2670 naturam
946 2611 1130 2669 existit
1174 2628 1206 2670 a
1255 2614 1369 2670 Deo
1405 2615 1567 2672 Patre
1608 2616 1909 2672 secundum
1946 2617 2237 2673 essentiam
2267 2620 2545 2676 veraciter

499 2723 504 2734 ·
526 2704 793 2774 tanquam
820 2717 886 2758 ex
912 2701 1076 2762 Patre
1100 2717 1196 2776 per
1217 2701 1418 2759 Filium·
1442 2703 1707 2777 procedat
1722 2705 1887 2772 Deus,
1911 2705 2230 2777 intelligitur
2252 2712 2454 2773 eutem,
2482 2714 2544 2766 et

525 2794 704 2848 estex
742 2790 902 2847 Patre
937 2790 1082 2851 sicut
1107 2791 1179 2847 ab
1213 2791 1333 2864 ipso
1361 2791 1683 2864 procedens.
1718 2810 1745 2844 ι
1776 2793 1925 2849 Item'
1950 2793 2441 2872 Athanasius-dicit
2484 2795 2579 2850 in*-

525 2877 756 2952 epistola
797 2878 866 2935 ad
910 2878 1260 2950 Serapionem
1307 2896 1322 2934 z
1371 2897 1396 2932 α
1444 2877 1918 2948 Quemadmodum
1952 2881 2119 2938 Filius
2158 2897 2221 2938 se
2259 2881 2423 2939 habet
2468 2884 2545 2940 ad

524 2965 747 3024 Patrem
763 2965 953 3024 ordine
973 2972 1203 3036 naturae,
1225 2967 1304 3022 ita
1329 2972 1386 3026 et
1401 2966 1639 3040 Spiritus
1658 2973 1883 3025 sanctus
1898 2984 1957 3024 se
1979 2968 2142 3026 habet
2168 2970 2236 3025 ad
2260 2969 2477 3034 Filium,
2512 2991 2541 3022 ι

525 3061 583 3113 et
611 3055 667 3112 in
704 3054 897 3112 eadem
925 3054 1154 3128 epistola
1198 3053 1333 3112 dicit
1373 3071 1443 3112 ex
1486 3069 1717 3128 persona
1744 3055 1868 3113 Filii
1914 3056 2185 3130 loquens:
2216 3077 2244 3110 α
2271 3056 2543 3114 Eumdem
2576 3079 2585 3086 ·

523 3141 792 3209 ordinem,
823 3152 880 3198 et
908 3143 1157 3200 eamdem
1185 3149 1439 3200 naturam
1469 3143 1633 3204 habet
1664 3144 1899 3218 Spiritus
1922 3145 1991 3202 ad
2014 3159 2103 3202 me
2127 3145 2344 3212 Filium,
2379 3153 2437 3202 ut
2465 3148 2547 3203 sit

523 3230 674 3288 Deus
710 3230 780 3287 de
823 3232 955 3299 Deo,
1000 3242 1165 3304 quem
1194 3231 1464 3308 ordinem,
1514 3240 1570 3290 et
1612 3247 1779 3304 quam
1824 3239 2079 3290 naturam
2121 3233 2298 3290 habeo
2324 3249 2427 3304 ego
2466 3234 2544 3291 ad

525 3318 766 3384 Patrem,
798 3324 860 3376 ut
885 3319 989 3376 sim
1016 3320 1163 3376 Deus
1189 3319 1259 3378 de
1287 3321 1423 3377 Deo.
1456 3338 1483 3372 ι
1512 3321 1651 3377 Item
1686 3319 1918 3377 Basilius
1944 3327 2137 3378 contra
2166 3321 2491 3378 Eunomium
2526 3341 2543 3378 ε

529 3425 556 3460 α
586 3406 738 3464 Sicut
769 3405 939 3464 Filius
965 3420 1024 3464 se
1053 3405 1217 3464 habet
1235 3407 1326 3466 'ad
1353 3406 1591 3475 Patrem,
1628 3408 1821 3465 eodem
1850 3409 2010 3465 modo
2045 3408 2283 3482 Spiritus
2316 3417 2549 3467 sanctus

527 3509 588 3552 se
615 3493 780 3556 habet
801 3496 871 3552 ad
896 3494 1113 3552 Filium.
1145 3514 1170 3548 ιο
1200 3495 1370 3553 Filius
1397 3507 1586 3553 autem
1614 3495 1717 3554 hoc
1738 3497 1901 3553 modo
1925 3512 1985 3554 se
2006 3495 2173 3554 habet
2202 3497 2271 3553 ad
2297 3497 2545 3566 Patrem,

525 3581 672 3641 sicut
698 3581 771 3641 ab
797 3598 862 3640 eo
899 3581 1220 3656 procedens.
1249 3584 1398 3642 Dicit
1432 3585 1575 3641 enim
1604 3584 1774 3642 Filius
1806 3585 1964 3642 Joan.
1996 3591 2151 3641 vui:
2182 3584 2297 3656 Ego
2337 3600 2405 3640 ex
2428 3584 2553 3642 Deo

519 3671 776 3744 processi,
799 3678 852 3729 et
875 3671 997 3728 veni
1009 3688 1030 3740 ;
1058 3686 1190 3744 ergo
1212 3679 1267 3729 et
1290 3673 1527 3746 Spiritus
1548 3679 1772 3730 sanctus
1798 3673 2047 3748 procedit
2076 3689 2140 3729 ex
2168 3671 2327 3729 Filio.
2350 3671 2461 3729 Sed
2486 3682 2553 3731 et

524 3758 694 3818 verbo
716 3759 836 3832 ipso
856 3759 1220 3832 processionis
1239 3761 1410 3817 utitur
1433 3759 1768 3833 Epiphanius
1791 3760 1846 3830 in
1873 3760 1966 3816 lib.
1993 3761 2063 3817 de
2086 3759 2285 3816 Trinit.
2306 3758 2503 3817 dicens
2533 3781 2549 3818 :

527 3863 556 3896 σε
586 3845 896 3904 Secundum
920 3863 1086 3920 quem
1114 3847 1337 3908 modum
1366 3862 1526 3904 nemo
1565 3849 1717 3907 novit
1754 3849 1970 3906 Patrem
2000 3847 2107 3906 nisi
2142 3847 2330 3916 Filius,
2359 3862 2553 3921 neque

525 3929 724 3990 Filium
760 3935 911 3990 novit
947 3935 1091 4008 quis,
1134 3936 1237 3996 nisi
1282 3937 1467 4005 Pater,
1496 3935 1581 3998 sic
1618 3935 1795 3996 audeo
1834 3935 2039 4007 dicere,
2068 3950 2248 4010 neque
2272 3935 2553 4010 Spiritum
