2850 4517
713 419 780 464 x.
812 407 1162 462 -conrna
1203 419 1485 464 annonas
1528 421 1887 466 enAEcomm
2185 405 2303 468 501

293 542 545 591 sanctum
589 532 740 590 novit
780 532 906 606 quis
933 533 1038 589 nisi
1080 535 1240 590 Pater
1269 541 1324 590 et
1363 534 1535 592 Filius
1566 552 1595 593 a
1622 552 1739 609 quo.
1772 535 1995 609 accipit,
2038 543 2095 594 et
2136 554 2171 597 a
2199 553 2309 611 quo

295 623 560 696 procedit,
597 640 624 674 ι
650 628 706 678 et
735 621 1066 679 Athanasius
1094 623 1150 678 in
1189 623 1447 697 Symbolo
1478 624 1617 699 dicit
1650 642 1663 680 :
1698 645 1723 678 α
1765 625 2001 699 Spiritus
2024 633 2248 684 sanctus
2276 641 2310 683 a

295 711 455 767 Patre
476 709 698 777 et'F'ilio,
715 724 820 765 uon
837 708 1033 776 factus,
1057 724 1159 766 nec
1184 717 1424 780 creatus,
1450 726 1549 767 nec
1567 711 1803 783 genitus,
1822 711 1918 768 sed
1934 713 2257 787 procedens.
2280 732 2307 766 ι

306 905 488 979 Quod
525 904 608 968 ad
646 903 1061 966 ostendendam
1083 903 1512 983 processionem
1538 905 1819 984 Spiritus
1843 908 2066 983 sancti,
2094 907 2309 972 eisdem

517 991 864 1056 rationibus
891 997 1152 1056 utantur
1185 991 1403 1068 Gravi,
1430 999 1488 1056 et
1508 994 1730 1057 Latini
1762 996 2076 1060 Doctores.

365 1151 830 1209 Considerandum
889 1156 974 1208 est
1025 1153 1211 1222 etiam,
1265 1153 1411 1225 quod
1460 1153 1669 1211 eisdem
1717 1155 2020 1213 rationibus
2080 1162 2310 1213 utuntur

297 1241 561 1297 Doctores
583 1241 905 1299 Graecorum
927 1239 998 1297 ad
1022 1241 1417 1298 ostendendam
1440 1243 1845 1316 processionem
1867 1244 2103 1318 Spiritus
2129 1246 2309 1302 sancti

296 1346 327 1386 a
373 1329 501 1396 filio,
547 1329 747 1403 quibus
783 1337 839 1385 et
883 1336 1110 1384 utuntur
1151 1329 1329 1385 Latini
1372 1330 1657 1394 Doctores.
1707 1336 2134 1405 Argumentatur
2162 1334 2309 1390 enim

295 1417 583 1475 Anselmus
619 1418 676 1474 in
719 1417 814 1474 lib.
846 1416 914 1474 de
954 1417 1304 1475 Processione
1330 1420 1568 1492 Spiritus
1596 1421 1773 1477 sancti
1802 1422 1871 1479 ad
1902 1422 2312 1498 'ostendendam

294 1508 698 1580 processionem
735 1505 973 1579 Spiritus
1010 1506 1211 1574 sancti,
1247 1523 1313 1565 ex
1350 1508 1455 1576 hoc
1497 1509 1643 1583 quod
1674 1511 1834 1567 Pater
1874 1521 1930 1566 et
1974 1509 2144 1566 Filius
2182 1517 2311 1567 sunt
2373 1522 2380 1530 ·

295 1595 456 1651 unius
483 1596 754 1653 essentiae.
793 1595 874 1652 Ex
902 1613 1013 1668 quo
1049 1597 1316 1669 sequitur,
1349 1597 1496 1670 quod
1526 1584 1684 1653 Pater
1714 1606 1770 1654 et
1808 1597 1976 1654 Filius
2003 1613 2112 1654 non
2149 1598 2314 1654 difl'e-
2361 1608 2367 1615 ·

296 1690 418 1740 rant
446 1683 515 1739 ab
542 1684 772 1740 invicem
801 1683 906 1738 nisi
937 1683 992 1738 in
1022 1683 1144 1750 hoc,
1172 1683 1321 1757 quod
1345 1684 1435 1738 hic
1454 1691 1537 1739 est
1562 1686 1742 1750 Pater,
1774 1685 1862 1740 ille
1886 1684 2077 1741 Filius.
2096 1686 2311 1746 Habere

296 1780 478 1829 autem
504 1772 769 1846 Spiritum
801 1776 1053 1827 sanctum
1081 1787 1148 1827 ex
1192 1787 1252 1827 se
1291 1771 1678 1845 procedentem
1706 1788 1815 1828 non
1850 1762 2090 1846 pertinet
2116 1775 2187 1831 ad
2217 1789 2313 1831 ra-

294 1862 500 1919 tionem
532 1860 900 1934 paternitatis,
935 1875 1111 1934 neque
1138 1860 1210 1916 ad
1248 1861 1521 1916 rationem
1565 1859 1864 1917 filiationis,
1894 1861 2016 1918 Non
2059 1862 2205 1917 enim
2244 1878 2312 1922 ex

294 1948 397 2005 hoc
434 1950 594 2004 Pater
622 1946 825 2003 dicitur
867 1948 1046 2015 Pater,
1092 1949 1221 2022 quia
1263 1949 1501 2021 Spiritus
1547 1954 1770 2005 sanctus
1814 1949 1884 2006 ab
1925 1964 1991 2005 eo
2035 1937 2305 2026 procedit.

293 2037 485 2109 Neque
512 2035 760 2092 filiationi
785 2043 1072 2110 repugnat,
1100 2039 1246 2110 quod
1287 2037 1485 2094 habeat
1514 2055 1581 2096 ex
1616 2054 1675 2093 se
1712 2038 1976 2111 Spiritum
2004 2038 2313 2112 proceden-

297 2131 427 2180 tem.
469 2123 818 2197 Relinquitur
846 2141 996 2198 ergo,
1025 2127 1170 2198 quod
1195 2125 1399 2194 habere
1427 2143 1495 2182 ex
1518 2143 1577 2182 se
1604 2126 1867 2198 Spiritum
1901 2127 2308 2201 procedentem,

296 2221 380 2269 est
407 2227 694 2268 commune
723 2213 870 2270 Patri
897 2220 952 2269 et
979 2213 1136 2271 Filio.
1162 2214 1232 2270 Et
1259 2213 1513 2272 similiter
1537 2214 1868 2271 Athanasius
1896 2216 1951 2270 in
1981 2216 2125 2272 Teca
2148 2231 2313 2287 super

295 2303 558 2358 Joannem
593 2300 674 2358 sic
715 2308 1129 2375 argumentatur
1172 2320 1186 2359 :
1219 2324 1246 2357 α
1292 2304 1372 2361 Ex
1415 2297 1525 2377 quo
1550 2303 1720 2360 Filius
1746 2305 1929 2362 omnia
1970 2319 2096 2378 quoe
2133 2303 2314 2363 Patris

297 2397 424 2446 sunt
453 2389 816 2446 essentialiter
845 2391 1031 2458 habet,
1063 2392 1229 2449 habet
1265 2398 1322 2448 et
1357 2393 1632 2465 spiritum,
1678 2411 1705 2444 »
1732 2399 1788 2448 et
1816 2392 2055 2467 Cyn-illus
2084 2393 2221 2454 dicit
2253 2392 2313 2452 in

299 2477 393 2533 lib.
441 2477 845 2536 'thesaurorum
892 2497 967 2535 z«
1012 2482 1154 2539 Vere
1195 2480 1450 2554 spiritum
1493 2479 1692 2537 Christi
1737 2485 1793 2536 et
1836 2479 2089 2554 spiritum
2134 2480 2312 2536 Patris

301 2566 591 2639 Apostolus
628 2567 764 2623 dicit
800 2585 920 2624 esse
961 2585 1132 2625 unum
1173 2576 1231 2625 et
1271 2585 1376 2626 non
1417 2569 1622 2643 plures,
1667 2569 1928 2641 quoniam
1974 2569 2158 2626 omnia
2185 2583 2313 2642 quae

299 2661 425 2711 sunt
453 2655 648 2722 Patris,
683 2656 956 2711 veraciter
982 2662 1038 2710 et
1066 2657 1285 2729 proprie
1318 2663 1606 2713 transeunt
1644 2655 1946 2712 secundum
1974 2665 2226 2713 naturam
2258 2657 2313 2712 in

300 2759 430 2800 vero
455 2743 612 2800 Filio.
641 2762 667 2795 n
696 2742 777 2799 Ex
810 2743 913 2800 hoc
939 2749 1126 2800 autem
1152 2749 1323 2818 patet,
1351 2745 1499 2817 quod
1531 2759 1657 2800 cum
1682 2743 1889 2800 dicitur
1915 2743 1972 2799 in
1990 2742 2310 2817 Evangelia,

300 2833 561 2906 Spiritum
605 2840 856 2889 sanctum
891 2847 926 2890 a
968 2831 1130 2889 Patre
1155 2832 1474 2906 procedere,
1505 2831 1669 2890 datur
1715 2832 1962 2906 intelligi,
1997 2832 2146 2905 quod
2182 2849 2315 2905 pro-

300 2922 465 2977 cedat
490 2930 547 2978 et
572 2937 605 2978 a
632 2920 790 2989 Filio,
820 2920 948 2976 licet
977 2921 1032 2976 in
1061 2920 1357 2993 Evangelio
1377 2935 1484 2976 non
1508 2920 1764 2978 addatur.
1789 2920 1869 2978 Ea
1900 2920 2047 2977 enim
2071 2935 2199 2996 quae
2220 2936 2315 2978 es-

299 3009 606 3066 sentialiter
631 3010 891 3066 dicuntur
917 3009 987 3066 de
1012 3010 1173 3065 Patre
1195 3014 1251 3064 et
1274 3008 1431 3076 Filio,
1454 3009 1602 3064 dieta
1622 3008 1691 3064 de
1707 3010 1887 3079 Patre,
1918 3017 2135 3084 oportet
2163 3010 2312 3083 quod

305 3097 679 3170 intelligantur
705 3104 761 3152 et
789 3097 857 3154 de
885 3097 1041 3167 Filio,
1067 3097 1238 3154 etiam
1271 3097 1318 3154 si
1348 3112 1475 3153 cum
1503 3096 1814 3153 exclusione
1837 3098 2111 3154 dicantur.
2136 3097 2315 3156 Sicuti

302 3201 429 3241 cum
453 3185 654 3241 dicitur
689 3185 845 3241 Joan.
878 3201 1003 3242 xvn
1042 3203 1055 3241 t
1099 3186 1173 3244 Ut
1210 3192 1521 3258 coquoseant
1548 3193 1596 3243 te
1616 3187 1787 3242 solum
1825 3186 1992 3244 Deum
2017 3203 2225 3254 verum,
2255 3192 2313 3243 et

302 3274 326 3330 1
371 3275 514 3330 Tim.
564 3289 624 3330 vt
673 3291 686 3328 z
741 3273 924 3341 Quem,
971 3275 1182 3332 scilicet
1227 3276 1521 3342 Christum,
1566 3274 1678 3331 suis
1719 3275 2040 3349 temporibus
2080 3275 2318 3333 ostendet

303 3361 488 3418 beatus
530 3369 583 3418 et
615 3362 758 3418 solus
778 3369 966 3434 potens
1002 3363 1118 3421 Rea:
1158 3379 1342 3436 reptem
1384 3370 1434 3421 et
1478 3363 1737 3420 Dominus
1772 3363 2186 3430 dominantium,
2225 3363 2321 3438 qui

302 3450 442 3506 solus
481 3449 633 3506 habet
673 3449 1150 3510 immortalitatem.
1189 3452 1573 3525 Intelliguntur
1612 3453 1756 3510 enim
1796 3452 2109 3526 hujusmodi
2150 3458 2209 3511 et
2244 3453 2316 3512 de

303 3537 440 3594 Filio
463 3537 738 3596 verificari
759 3555 824 3597 ea
840 3541 1224 3614 rationesquia
1246 3541 1417 3601 Filius
1444 3548 1500 3597 et
1524 3543 1686 3598 Pater
1704 3542 2004 3599 secundum
2024 3541 2321 3600 essentiam
2410 3603 2419 3610 ,

303 3643 472 3684 uuum
501 3635 645 3694 sunt,
679 3630 977 3686 secundum
1003 3629 1150 3702 quod
1179 3630 1382 3686 dicitur
1408 3630 1567 3688 Joan.
1603 3646 1645 3688 x
1684 3648 1697 3686 ε
1728 3629 1843 3703 Epo
1880 3636 1932 3688 et
1956 3630 2126 3687 Pater
2151 3647 2320 3688 unum

301 3731 514 3772 sumus:
533 3716 670 3774 Cum
697 3717 868 3790 igitur
904 3718 1107 3777 habere
1135 3718 1389 3792 spiritum
1421 3735 1490 3776 ex
1532 3734 1591 3776 se
1619 3719 2025 3793 procedentem,
2056 3719 2132 3778 sit
2160 3735 2318 3777 com·

305 3796 468 3862 mune
509 3807 658 3864 Patri
697 3813 752 3864 et
779 3806 942 3877 Filio,
967 3807 1112 3864 sicut
1149 3823 1214 3864 ea
1243 3823 1368 3882 quae
1408 3808 1669 3882 dicuntur
1712 3806 2099 3878 essentialiter,
2147 3815 2209 3864 ut
2248 3825 2319 3866 ex

303 3891 470 3950 dictis
494 3901 665 3968 patet,
696 3911 825 3952 cum
857 3894 1060 3953 dicitur
1087 3895 1146 3952 in
1169 3895 1487 3968 Evangelio,
1512 3895 1776 3969 Spiritum
1813 3902 2065 3956 sanctum
2093 3911 2127 3953 a
2156 3897 2319 3956 Patre

304 3971 626 4062 procedere,
671 3983 1084 4058 intelligendum
1129 3991 1233 4052 est,
1279 3983 1425 4059 quod
1466 3983 1729 4059 procedat
1764 3989 1823 4042 et
1850 3999 1884 4044 a
1919 3983 2079 4046 Filio.
2115 3983 2322 4072 Epdem
