<?xml version="1.0" encoding="UTF-8"?>
<!DOCTYPE html PUBLIC "-//W3C//DTD XHTML 1.0 Transitional//EN"
    "http://www.w3.org/TR/xhtml1/DTD/xhtml1-transitional.dtd">
<html xmlns="http://www.w3.org/1999/xhtml" xml:lang="en" lang="en">
 <head>
  <title>
</title>
<meta http-equiv="Content-Type" content="text/html;charset=utf-8" />
  <meta name='ocr-system' content='tesseract 3.04.00' />
  <meta name='ocr-capabilities' content='ocr_page ocr_carea ocr_par ocr_line ocrx_word'/>
</head>
<body>
  <div class='ocr_page' id='page_1' title='image "./sthomaquinatisd02thomgoog_0066.png"; bbox 0 0 2850 4517; ppageno 0'>
   <div class='ocr_carea' id='block_1_1' title="bbox 556 385 2082 447">
    <p class='ocr_par' dir='ltr' id='par_1_1' title="bbox 556 385 2082 447">
     <span class='ocr_line' id='line_1_1' title="bbox 556 385 2082 447; baseline -0.006 0"><span class='ocrx_word' id='word_1_1' title='bbox 556 385 638 447; x_wconf 78' lang='lat'><strong>52</strong></span> <span class='ocrx_word' id='word_1_2' title='bbox 845 434 850 439; x_wconf 92' lang='lat'><strong>.</strong></span> <span class='ocrx_word' id='word_1_3' title='bbox 1035 400 1090 444; x_wconf 76' lang='grc' dir='ltr'><strong>ε.</strong></span> <span class='ocrx_word' id='word_1_4' title='bbox 1133 397 1366 442; x_wconf 65' lang='lat' dir='ltr'><strong>monam.</strong></span> <span class='ocrx_word' id='word_1_5' title='bbox 1406 395 1734 447; x_wconf 56' lang='lat' dir='ltr'><strong>nomm-ns</strong></span> <span class='ocrx_word' id='word_1_6' title='bbox 1774 395 2082 441; x_wconf 73' lang='lat' dir='ltr'><strong>oruscumt</strong></span> 
     </span>
    </p>
   </div>
   <div class='ocr_carea' id='block_1_2' title="bbox 1193 527 1930 638">
    <p class='ocr_par' dir='ltr' id='par_1_2' title="bbox 1193 527 1930 638">
     <span class='ocr_line' id='line_1_2' title="bbox 1193 527 1930 638; baseline -0.004 0"><span class='ocrx_word' id='word_1_7' title='bbox 1193 527 1480 638; x_wconf 68' lang='lat' dir='ltr'>CAPUT</span> <span class='ocrx_word' id='word_1_8' title='bbox 1527 567 1930 637; x_wconf 83' lang='lat' dir='ltr'><strong>Lxxxvn.</strong></span> 
     </span>
    </p>
   </div>
   <div class='ocr_carea' id='block_1_3' title="bbox 589 671 2557 863">
    <p class='ocr_par' dir='ltr' id='par_1_3' title="bbox 589 671 2557 863">
     <span class='ocr_line' id='line_1_3' title="bbox 589 671 2557 814; baseline -0.001 -36"><span class='ocrx_word' id='word_1_9' title='bbox 589 712 789 792; x_wconf 78' lang='lat' dir='ltr'><strong>&#39;Quod</strong></span> <span class='ocrx_word' id='word_1_10' title='bbox 816 712 1156 778; x_wconf 76' lang='lat' dir='ltr'><strong>intellectus</strong></span> <span class='ocrx_word' id='word_1_11' title='bbox 1173 709 1489 792; x_wconf 73' lang='lat' dir='ltr'><strong>possibilis</strong></span> <span class='ocrx_word' id='word_1_12' title='bbox 1515 715 1571 814; x_wconf 60' lang='lat' dir='ltr'><strong>ef</strong></span> <span class='ocrx_word' id='word_1_13' title='bbox 1599 727 1781 790; x_wconf 67' lang='lat' dir='ltr'><strong>ayone</strong></span> <span class='ocrx_word' id='word_1_14' title='bbox 1807 671 2159 789; x_wconf 52' lang='lat' dir='ltr'><strong>fundantur</strong></span> <span class='ocrx_word' id='word_1_15' title='bbox 2183 708 2251 773; x_wconf 80' lang='lat' dir='ltr'><strong>in</strong></span> <span class='ocrx_word' id='word_1_16' title='bbox 2276 712 2557 798; x_wconf 21' lang='lat' dir='ltr'><strong>essentia-</strong></span> 
     </span>
     <span class='ocr_line' id='line_1_4' title="bbox 1450 817 1683 863; baseline 0 -1"><span class='ocrx_word' id='word_1_17' title='bbox 1450 817 1683 863; x_wconf 73' lang='lat' dir='ltr'><strong>ammte.</strong></span> 
     </span>
    </p>
   </div>
   <div class='ocr_carea' id='block_1_4' title="bbox 563 913 2591 2854">
    <p class='ocr_par' dir='ltr' id='par_1_4' title="bbox 563 913 2591 2854">
     <span class='ocr_line' id='line_1_5' title="bbox 631 913 2579 989; baseline -0.003 -11"><span class='ocrx_word' id='word_1_18' title='bbox 631 923 767 979; x_wconf 86' lang='lat' dir='ltr'><strong>Cum</strong></span> <span class='ocrx_word' id='word_1_19' title='bbox 813 925 1000 976; x_wconf 84' lang='lat' dir='ltr'><strong>autem</strong></span> <span class='ocrx_word' id='word_1_20' title='bbox 1044 915 1354 974; x_wconf 84' lang='lat' dir='ltr'><strong>intellectus</strong></span> <span class='ocrx_word' id='word_1_21' title='bbox 1401 931 1572 989; x_wconf 78' lang='lat' dir='ltr'><strong>agens</strong></span> <span class='ocrx_word' id='word_1_22' title='bbox 1612 924 1669 973; x_wconf 89' lang='grc' dir='ltr'><strong>ει</strong></span> <span class='ocrx_word' id='word_1_23' title='bbox 1724 914 1999 989; x_wconf 82' lang='lat' dir='ltr'><strong>possibilis</strong></span> <span class='ocrx_word' id='word_1_24' title='bbox 2061 913 2220 972; x_wconf 86' lang='lat' dir='ltr'><strong>nobis</strong></span> <span class='ocrx_word' id='word_1_25' title='bbox 2266 913 2579 973; x_wconf 77' lang='lat' dir='ltr'><strong>formaliter</strong></span> 
     </span>
     <span class='ocr_line' id='line_1_6' title="bbox 564 1004 2578 1078; baseline -0.002 -11"><span class='ocrx_word' id='word_1_26' title='bbox 564 1010 840 1077; x_wconf 76' lang='lat' dir='ltr'><strong>uniantur,</strong></span> <span class='ocrx_word' id='word_1_27' title='bbox 873 1020 1095 1064; x_wconf 84' lang='lat' dir='ltr'><strong>necesse</strong></span> <span class='ocrx_word' id='word_1_28' title='bbox 1130 1012 1214 1062; x_wconf 79' lang='lat' dir='ltr'><strong>est</strong></span> <span class='ocrx_word' id='word_1_29' title='bbox 1241 1005 1427 1063; x_wconf 88' lang='lat' dir='ltr'><strong>dicere</strong></span> <span class='ocrx_word' id='word_1_30' title='bbox 1453 1006 1600 1078; x_wconf 88' lang='lat' dir='ltr'><strong>quod</strong></span> <span class='ocrx_word' id='word_1_31' title='bbox 1629 1005 1685 1061; x_wconf 88' lang='lat' dir='ltr'><strong>in</strong></span> <span class='ocrx_word' id='word_1_32' title='bbox 1730 1004 1923 1062; x_wconf 84' lang='lat' dir='ltr'><strong>eadem</strong></span> <span class='ocrx_word' id='word_1_33' title='bbox 1946 1004 2185 1061; x_wconf 79' lang='lat' dir='ltr'><strong>essentia</strong></span> <span class='ocrx_word' id='word_1_34' title='bbox 2209 1004 2409 1062; x_wconf 80' lang='lat' dir='ltr'><strong>animae</strong></span> <span class='ocrx_word' id='word_1_35' title='bbox 2435 1021 2578 1063; x_wconf 88' lang='lat' dir='ltr'><strong>con-</strong></span> 
     </span>
     <span class='ocr_line' id='line_1_7' title="bbox 563 1093 2579 1168; baseline -0.001 -14"><span class='ocrx_word' id='word_1_36' title='bbox 563 1099 807 1156; x_wconf 85' lang='lat' dir='ltr'><strong>veniant.</strong></span> <span class='ocrx_word' id='word_1_37' title='bbox 838 1096 1011 1153; x_wconf 86' lang='lat' dir='ltr'><strong>Omne</strong></span> <span class='ocrx_word' id='word_1_38' title='bbox 1035 1095 1180 1151; x_wconf 81' lang='lat' dir='ltr'><strong>enim</strong></span> <span class='ocrx_word' id='word_1_39' title='bbox 1209 1094 1354 1168; x_wconf 86' lang='lat' dir='ltr'><strong>quod</strong></span> <span class='ocrx_word' id='word_1_40' title='bbox 1389 1094 1552 1151; x_wconf 77' lang='lat' dir='ltr'><strong>alicui</strong></span> <span class='ocrx_word' id='word_1_41' title='bbox 1584 1094 1769 1150; x_wconf 87' lang='lat' dir='ltr'><strong>unitur</strong></span> <span class='ocrx_word' id='word_1_42' title='bbox 1806 1093 2127 1162; x_wconf 81' lang='lat' dir='ltr'><strong>formaliter,</strong></span> <span class='ocrx_word' id='word_1_43' title='bbox 2174 1094 2358 1150; x_wconf 84' lang='lat' dir='ltr'><strong>unitur</strong></span> <span class='ocrx_word' id='word_1_44' title='bbox 2398 1095 2451 1151; x_wconf 93' lang='lat' dir='ltr'><strong>ei</strong></span> <span class='ocrx_word' id='word_1_45' title='bbox 2478 1112 2579 1168; x_wconf 86' lang='lat' dir='ltr'><strong>per</strong></span> 
     </span>
     <span class='ocr_line' id='line_1_8' title="bbox 563 1182 2573 1257; baseline -0.001 -11"><span class='ocrx_word' id='word_1_46' title='bbox 563 1189 788 1246; x_wconf 88' lang='lat' dir='ltr'><strong>modum</strong></span> <span class='ocrx_word' id='word_1_47' title='bbox 819 1185 1011 1242; x_wconf 81' lang='lat' dir='ltr'><strong>formae</strong></span> <span class='ocrx_word' id='word_1_48' title='bbox 1036 1183 1431 1251; x_wconf 79' lang='lat' dir='ltr'><strong>substantialis,</strong></span> <span class='ocrx_word' id='word_1_49' title='bbox 1463 1189 1559 1240; x_wconf 88' lang='lat' dir='ltr'><strong>aut</strong></span> <span class='ocrx_word' id='word_1_50' title='bbox 1588 1195 1683 1257; x_wconf 87' lang='lat' dir='ltr'><strong>per</strong></span> <span class='ocrx_word' id='word_1_51' title='bbox 1709 1182 1931 1242; x_wconf 86' lang='lat' dir='ltr'><strong>modum</strong></span> <span class='ocrx_word' id='word_1_52' title='bbox 1959 1183 2151 1241; x_wconf 81' lang='lat' dir='ltr'><strong>formae</strong></span> <span class='ocrx_word' id='word_1_53' title='bbox 2192 1183 2573 1243; x_wconf 79' lang='lat' dir='ltr'><strong>accidentalis.</strong></span> 
     </span>
     <span class='ocr_line' id='line_1_9' title="bbox 563 1271 2579 1350; baseline -0.002 -14"><span class='ocrx_word' id='word_1_54' title='bbox 563 1279 619 1336; x_wconf 88' lang='lat' dir='ltr'><strong>Si</strong></span> <span class='ocrx_word' id='word_1_55' title='bbox 651 1277 819 1350; x_wconf 80' lang='lat' dir='ltr'><strong>igitur</strong></span> <span class='ocrx_word' id='word_1_56' title='bbox 847 1273 1157 1330; x_wconf 87' lang='lat' dir='ltr'><strong>intellectus</strong></span> <span class='ocrx_word' id='word_1_57' title='bbox 1199 1271 1472 1346; x_wconf 87' lang='lat' dir='ltr'><strong>possibilis</strong></span> <span class='ocrx_word' id='word_1_58' title='bbox 1500 1281 1557 1329; x_wconf 92' lang='lat' dir='ltr'><strong>et</strong></span> <span class='ocrx_word' id='word_1_59' title='bbox 1601 1287 1771 1345; x_wconf 68' lang='lat' dir='ltr'><strong>agens</strong></span> <span class='ocrx_word' id='word_1_60' title='bbox 1795 1272 2053 1329; x_wconf 80' lang='lat' dir='ltr'><strong>uniantur</strong></span> <span class='ocrx_word' id='word_1_61' title='bbox 2078 1271 2283 1329; x_wconf 87' lang='lat' dir='ltr'><strong>bomini</strong></span> <span class='ocrx_word' id='word_1_62' title='bbox 2326 1289 2423 1344; x_wconf 90' lang='lat' dir='ltr'><strong>per</strong></span> <span class='ocrx_word' id='word_1_63' title='bbox 2452 1290 2579 1330; x_wconf 86' lang='lat' dir='ltr'><strong>mo-</strong></span> 
     </span>
     <span class='ocr_line' id='line_1_10' title="bbox 565 1359 2581 1432; baseline -0.001 -10"><span class='ocrx_word' id='word_1_64' title='bbox 565 1365 696 1422; x_wconf 88' lang='lat' dir='ltr'><strong>dum</strong></span> <span class='ocrx_word' id='word_1_65' title='bbox 721 1363 912 1423; x_wconf 81' lang='lat' dir='ltr'><strong>sormae</strong></span> <span class='ocrx_word' id='word_1_66' title='bbox 943 1360 1340 1432; x_wconf 71' lang='lat' dir='ltr'><strong>substantiane,</strong></span> <span class='ocrx_word' id='word_1_67' title='bbox 1377 1376 1503 1416; x_wconf 88' lang='lat' dir='ltr'><strong>cum</strong></span> <span class='ocrx_word' id='word_1_68' title='bbox 1542 1360 1702 1416; x_wconf 82' lang='lat' dir='ltr'><strong>unius</strong></span> <span class='ocrx_word' id='word_1_69' title='bbox 1745 1361 1823 1416; x_wconf 89' lang='lat' dir='ltr'><strong>rei</strong></span> <span class='ocrx_word' id='word_1_70' title='bbox 1867 1375 1974 1418; x_wconf 91' lang='lat' dir='ltr'><strong>non</strong></span> <span class='ocrx_word' id='word_1_71' title='bbox 2012 1361 2087 1416; x_wconf 85' lang='lat' dir='ltr'><strong>sit</strong></span> <span class='ocrx_word' id='word_1_72' title='bbox 2127 1359 2235 1418; x_wconf 89' lang='lat' dir='ltr'><strong>nisi</strong></span> <span class='ocrx_word' id='word_1_73' title='bbox 2264 1371 2371 1418; x_wconf 84' lang='lat' dir='ltr'><strong>una</strong></span> <span class='ocrx_word' id='word_1_74' title='bbox 2399 1359 2581 1420; x_wconf 80' lang='lat' dir='ltr'><strong>forma</strong></span> 
     </span>
     <span class='ocr_line' id='line_1_11' title="bbox 567 1447 2581 1524; baseline -0 -15"><span class='ocrx_word' id='word_1_75' title='bbox 567 1450 959 1518; x_wconf 67' lang='lat' dir='ltr'><strong>substantiane,</strong></span> <span class='ocrx_word' id='word_1_76' title='bbox 983 1465 1206 1507; x_wconf 83' lang='lat' dir='ltr'><strong>necesse</strong></span> <span class='ocrx_word' id='word_1_77' title='bbox 1226 1458 1308 1507; x_wconf 88' lang='lat' dir='ltr'><strong>est</strong></span> <span class='ocrx_word' id='word_1_78' title='bbox 1332 1449 1516 1506; x_wconf 85' lang='lat' dir='ltr'><strong>dicere</strong></span> <span class='ocrx_word' id='word_1_79' title='bbox 1541 1447 1687 1522; x_wconf 88' lang='lat' dir='ltr'><strong>quod</strong></span> <span class='ocrx_word' id='word_1_80' title='bbox 1716 1447 2023 1506; x_wconf 84' lang='lat' dir='ltr'><strong>intellectus</strong></span> <span class='ocrx_word' id='word_1_81' title='bbox 2047 1449 2319 1523; x_wconf 84' lang='lat' dir='ltr'><strong>possibilis</strong></span> <span class='ocrx_word' id='word_1_82' title='bbox 2336 1457 2393 1507; x_wconf 87' lang='lat' dir='ltr'><strong>et</strong></span> <span class='ocrx_word' id='word_1_83' title='bbox 2409 1467 2581 1524; x_wconf 81' lang='lat' dir='ltr'><strong>agens</strong></span> 
     </span>
     <span class='ocr_line' id='line_1_12' title="bbox 567 1538 2583 1618; baseline -0 -19"><span class='ocrx_word' id='word_1_84' title='bbox 567 1541 896 1604; x_wconf 80' lang='lat' dir='ltr'><strong>conveniant</strong></span> <span class='ocrx_word' id='word_1_85' title='bbox 920 1540 975 1597; x_wconf 88' lang='lat' dir='ltr'><strong>in</strong></span> <span class='ocrx_word' id='word_1_86' title='bbox 1001 1555 1108 1597; x_wconf 84' lang='lat' dir='ltr'><strong>una</strong></span> <span class='ocrx_word' id='word_1_87' title='bbox 1131 1538 1606 1618; x_wconf 75' lang='lat' dir='ltr'><strong>essentiasormae,</strong></span> <span class='ocrx_word' id='word_1_88' title='bbox 1638 1553 1763 1612; x_wconf 81' lang='lat' dir='ltr'><strong>quae</strong></span> <span class='ocrx_word' id='word_1_89' title='bbox 1791 1544 1874 1594; x_wconf 85' lang='lat' dir='ltr'><strong>est</strong></span> <span class='ocrx_word' id='word_1_90' title='bbox 1904 1539 2107 1596; x_wconf 83' lang='lat' dir='ltr'><strong>anima.</strong></span> <span class='ocrx_word' id='word_1_91' title='bbox 2136 1538 2195 1596; x_wconf 89' lang='lat' dir='ltr'><strong>Si</strong></span> <span class='ocrx_word' id='word_1_92' title='bbox 2219 1555 2347 1596; x_wconf 84' lang='lat' dir='ltr'><strong>vero</strong></span> <span class='ocrx_word' id='word_1_93' title='bbox 2375 1541 2583 1598; x_wconf 78' lang='lat' dir='ltr'><strong>unian-</strong></span> 
     </span>
     <span class='ocr_line' id='line_1_13' title="bbox 569 1626 2582 1703; baseline -0 -15"><span class='ocrx_word' id='word_1_94' title='bbox 569 1638 661 1688; x_wconf 87' lang='lat' dir='ltr'><strong>tur</strong></span> <span class='ocrx_word' id='word_1_95' title='bbox 683 1629 884 1686; x_wconf 87' lang='lat' dir='ltr'><strong>homini</strong></span> <span class='ocrx_word' id='word_1_96' title='bbox 917 1645 1013 1703; x_wconf 88' lang='lat' dir='ltr'><strong>per</strong></span> <span class='ocrx_word' id='word_1_97' title='bbox 1037 1628 1258 1685; x_wconf 88' lang='lat' dir='ltr'><strong>modum</strong></span> <span class='ocrx_word' id='word_1_98' title='bbox 1289 1627 1477 1684; x_wconf 77' lang='lat' dir='ltr'><strong>formae</strong></span> <span class='ocrx_word' id='word_1_99' title='bbox 1519 1626 1893 1695; x_wconf 49' lang='lat' dir='ltr'><strong>accidentali&amp;</strong></span> <span class='ocrx_word' id='word_1_100' title='bbox 1933 1626 2283 1686; x_wconf 81' lang='lat' dir='ltr'><strong>manifestum</strong></span> <span class='ocrx_word' id='word_1_101' title='bbox 2319 1630 2582 1703; x_wconf 84' lang='lat' dir='ltr'><strong>estquod</strong></span> 
     </span>
     <span class='ocr_line' id='line_1_14' title="bbox 570 1715 2585 1793; baseline -0 -16"><span class='ocrx_word' id='word_1_102' title='bbox 570 1726 822 1777; x_wconf 85' lang='lat' dir='ltr'><strong>neutrum</strong></span> <span class='ocrx_word' id='word_1_103' title='bbox 850 1726 1030 1793; x_wconf 88' lang='lat' dir='ltr'><strong>potest</strong></span> <span class='ocrx_word' id='word_1_104' title='bbox 1055 1733 1174 1774; x_wconf 81' lang='lat' dir='ltr'><strong>esse</strong></span> <span class='ocrx_word' id='word_1_105' title='bbox 1194 1717 1450 1774; x_wconf 87' lang='lat' dir='ltr'><strong>accidens</strong></span> <span class='ocrx_word' id='word_1_106' title='bbox 1473 1716 1690 1789; x_wconf 81' lang='lat' dir='ltr'>corpori</span> <span class='ocrx_word' id='word_1_107' title='bbox 1716 1733 1729 1770; x_wconf 73' lang='grc' dir='ltr'><strong>ε</strong></span> <span class='ocrx_word' id='word_1_108' title='bbox 1757 1722 1815 1773; x_wconf 87' lang='grc' dir='ltr'><strong>ει</strong></span> <span class='ocrx_word' id='word_1_109' title='bbox 1842 1731 1910 1772; x_wconf 84' lang='lat' dir='ltr'><strong>ex</strong></span> <span class='ocrx_word' id='word_1_110' title='bbox 1934 1715 2037 1773; x_wconf 86' lang='lat' dir='ltr'><strong>hoc</strong></span> <span class='ocrx_word' id='word_1_111' title='bbox 2059 1715 2208 1791; x_wconf 86' lang='lat' dir='ltr'><strong>quod</strong></span> <span class='ocrx_word' id='word_1_112' title='bbox 2231 1719 2585 1791; x_wconf 76' lang='lat' dir='ltr'><strong>operationes</strong></span> 
     </span>
     <span class='ocr_line' id='line_1_15' title="bbox 570 1803 2584 1881; baseline -0.002 -15"><span class='ocrx_word' id='word_1_113' title='bbox 570 1826 760 1866; x_wconf 86' lang='lat' dir='ltr'><strong>eorum</strong></span> <span class='ocrx_word' id='word_1_114' title='bbox 783 1817 910 1866; x_wconf 84' lang='lat' dir='ltr'><strong>sunt</strong></span> <span class='ocrx_word' id='word_1_115' title='bbox 939 1807 1146 1881; x_wconf 78' lang='lat' dir='ltr'><strong>absque</strong></span> <span class='ocrx_word' id='word_1_116' title='bbox 1168 1821 1371 1878; x_wconf 85' lang='lat' dir='ltr'><strong>organo</strong></span> <span class='ocrx_word' id='word_1_117' title='bbox 1413 1803 1704 1878; x_wconf 86' lang='lat' dir='ltr'><strong>corporali,</strong></span> <span class='ocrx_word' id='word_1_118' title='bbox 1737 1810 1798 1860; x_wconf 86' lang='lat' dir='ltr'><strong>ut</strong></span> <span class='ocrx_word' id='word_1_119' title='bbox 1825 1821 1989 1880; x_wconf 82' lang='lat' dir='ltr'><strong>supra</strong></span> <span class='ocrx_word' id='word_1_120' title='bbox 2018 1812 2296 1863; x_wconf 81' lang='lat' dir='ltr'><strong>ostensum</strong></span> <span class='ocrx_word' id='word_1_121' title='bbox 2341 1814 2444 1875; x_wconf 78' lang='lat' dir='ltr'><strong>est,</strong></span> <span class='ocrx_word' id='word_1_122' title='bbox 2486 1821 2584 1863; x_wconf 83' lang='lat' dir='ltr'><strong>se·</strong></span> 
     </span>
     <span class='ocr_line' id='line_1_16' title="bbox 570 1892 2585 1972; baseline -0.001 -19"><span class='ocrx_word' id='word_1_123' title='bbox 570 1899 758 1972; x_wconf 88' lang='lat' dir='ltr'><strong>quitur</strong></span> <span class='ocrx_word' id='word_1_124' title='bbox 781 1896 928 1970; x_wconf 85' lang='lat' dir='ltr'><strong>quod</strong></span> <span class='ocrx_word' id='word_1_125' title='bbox 959 1902 1188 1968; x_wconf 84' lang='lat' dir='ltr'><strong>uterque</strong></span> <span class='ocrx_word' id='word_1_126' title='bbox 1229 1909 1420 1950; x_wconf 89' lang='lat' dir='ltr'><strong>eorum</strong></span> <span class='ocrx_word' id='word_1_127' title='bbox 1462 1893 1537 1949; x_wconf 87' lang='lat' dir='ltr'><strong>sit</strong></span> <span class='ocrx_word' id='word_1_128' title='bbox 1576 1892 1829 1950; x_wconf 84' lang='lat' dir='ltr'><strong>accidens</strong></span> <span class='ocrx_word' id='word_1_129' title='bbox 1856 1895 2055 1950; x_wconf 78' lang='lat' dir='ltr'><strong>animae</strong></span> <span class='ocrx_word' id='word_1_130' title='bbox 2082 1909 2097 1950; x_wconf 80' lang='lat' dir='ltr'><strong>t</strong></span> <span class='ocrx_word' id='word_1_131' title='bbox 2124 1910 2229 1951; x_wconf 88' lang='lat' dir='ltr'><strong>non</strong></span> <span class='ocrx_word' id='word_1_132' title='bbox 2272 1901 2356 1951; x_wconf 84' lang='lat' dir='ltr'><strong>est</strong></span> <span class='ocrx_word' id='word_1_133' title='bbox 2393 1901 2585 1952; x_wconf 79' lang='lat' dir='ltr'><strong>autem</strong></span> 
     </span>
     <span class='ocr_line' id='line_1_17' title="bbox 571 1982 2587 2056; baseline -0.001 -14"><span class='ocrx_word' id='word_1_134' title='bbox 571 1988 626 2042; x_wconf 90' lang='lat' dir='ltr'><strong>in</strong></span> <span class='ocrx_word' id='word_1_135' title='bbox 658 2001 764 2042; x_wconf 88' lang='lat' dir='ltr'><strong>uno</strong></span> <span class='ocrx_word' id='word_1_136' title='bbox 801 1984 1017 2041; x_wconf 89' lang='lat' dir='ltr'><strong>homine</strong></span> <span class='ocrx_word' id='word_1_137' title='bbox 1063 1984 1167 2040; x_wconf 90' lang='lat' dir='ltr'><strong>nisi</strong></span> <span class='ocrx_word' id='word_1_138' title='bbox 1218 1998 1325 2040; x_wconf 85' lang='lat' dir='ltr'><strong>una</strong></span> <span class='ocrx_word' id='word_1_139' title='bbox 1367 1983 1571 2049; x_wconf 83' lang='lat' dir='ltr'><strong>anima,</strong></span> <span class='ocrx_word' id='word_1_140' title='bbox 1619 1987 1835 2055; x_wconf 86' lang='lat' dir='ltr'><strong>opor-tet</strong></span> <span class='ocrx_word' id='word_1_141' title='bbox 1876 1982 2045 2053; x_wconf 85' lang='lat' dir='ltr'><strong>igitur</strong></span> <span class='ocrx_word' id='word_1_142' title='bbox 2086 1983 2231 2056; x_wconf 87' lang='lat' dir='ltr'><strong>quod</strong></span> <span class='ocrx_word' id='word_1_143' title='bbox 2271 1982 2587 2041; x_wconf 75' lang='lat' dir='ltr'><strong>intellectus</strong></span> 
     </span>
     <span class='ocr_line' id='line_1_18' title="bbox 571 2072 2589 2149; baseline -0.003 -15"><span class='ocrx_word' id='word_1_144' title='bbox 571 2092 740 2149; x_wconf 78' lang='lat' dir='ltr'><strong>agens</strong></span> <span class='ocrx_word' id='word_1_145' title='bbox 766 2085 822 2132; x_wconf 91' lang='lat' dir='ltr'><strong>et</strong></span> <span class='ocrx_word' id='word_1_146' title='bbox 852 2074 1124 2148; x_wconf 80' lang='lat' dir='ltr'><strong>possibilis</strong></span> <span class='ocrx_word' id='word_1_147' title='bbox 1141 2074 1195 2129; x_wconf 89' lang='lat' dir='ltr'><strong>in</strong></span> <span class='ocrx_word' id='word_1_148' title='bbox 1224 2089 1330 2130; x_wconf 84' lang='lat' dir='ltr'><strong>una</strong></span> <span class='ocrx_word' id='word_1_149' title='bbox 1357 2072 1596 2129; x_wconf 80' lang='lat' dir='ltr'><strong>essentia</strong></span> <span class='ocrx_word' id='word_1_150' title='bbox 1620 2072 1818 2128; x_wconf 82' lang='lat' dir='ltr'><strong>animae</strong></span> <span class='ocrx_word' id='word_1_151' title='bbox 1836 2072 2183 2129; x_wconf 88' lang='lat' dir='ltr'><strong>conveniant.</strong></span> <span class='ocrx_word' id='word_1_152' title='bbox 2214 2073 2370 2140; x_wconf 84' lang='lat' dir='ltr'><strong>Item,</strong></span> <span class='ocrx_word' id='word_1_153' title='bbox 2402 2073 2589 2129; x_wconf 81' lang='lat' dir='ltr'><strong>omnis</strong></span> 
     </span>
     <span class='ocr_line' id='line_1_19' title="bbox 565 2157 2589 2236; baseline -0.002 -14"><span class='ocrx_word' id='word_1_154' title='bbox 565 2165 717 2232; x_wconf 78' lang='lat' dir='ltr'><strong>actio</strong></span> <span class='ocrx_word' id='word_1_155' title='bbox 747 2179 872 2236; x_wconf 81' lang='lat' dir='ltr'><strong>quae</strong></span> <span class='ocrx_word' id='word_1_156' title='bbox 897 2169 980 2218; x_wconf 84' lang='lat' dir='ltr'><strong>est</strong></span> <span class='ocrx_word' id='word_1_157' title='bbox 998 2161 1229 2234; x_wconf 80' lang='lat' dir='ltr'><strong>propria</strong></span> <span class='ocrx_word' id='word_1_158' title='bbox 1257 2157 1419 2217; x_wconf 88' lang='lat' dir='ltr'><strong>alicui</strong></span> <span class='ocrx_word' id='word_1_159' title='bbox 1446 2160 1668 2232; x_wconf 85' lang='lat' dir='ltr'><strong>speciei,</strong></span> <span class='ocrx_word' id='word_1_160' title='bbox 1695 2167 1779 2216; x_wconf 83' lang='lat' dir='ltr'><strong>est</strong></span> <span class='ocrx_word' id='word_1_161' title='bbox 1822 2175 1853 2216; x_wconf 88' lang='lat' dir='ltr'><strong>a</strong></span> <span class='ocrx_word' id='word_1_162' title='bbox 1878 2160 2160 2235; x_wconf 80' lang='lat' dir='ltr'><strong>principiis</strong></span> <span class='ocrx_word' id='word_1_163' title='bbox 2191 2163 2589 2236; x_wconf 82' lang='lat' dir='ltr'><strong>consequenti-</strong></span> 
     </span>
     <span class='ocr_line' id='line_1_20' title="bbox 574 2245 2589 2322; baseline 0 -16"><span class='ocrx_word' id='word_1_164' title='bbox 574 2250 677 2306; x_wconf 84' lang='lat' dir='ltr'><strong>bus</strong></span> <span class='ocrx_word' id='word_1_165' title='bbox 711 2249 942 2305; x_wconf 83' lang='lat' dir='ltr'><strong>sormam</strong></span> <span class='ocrx_word' id='word_1_166' title='bbox 988 2259 1126 2320; x_wconf 85' lang='lat' dir='ltr'><strong>quae·</strong></span> <span class='ocrx_word' id='word_1_167' title='bbox 1159 2246 1255 2305; x_wconf 80' lang='lat' dir='ltr'><strong>dat</strong></span> <span class='ocrx_word' id='word_1_168' title='bbox 1297 2246 1535 2319; x_wconf 81' lang='lat' dir='ltr'><strong>speciem</strong></span> <span class='ocrx_word' id='word_1_169' title='bbox 1580 2263 1595 2303; x_wconf 73' lang='lat' dir='ltr'><em>z</em></span> <span class='ocrx_word' id='word_1_170' title='bbox 1644 2245 1947 2319; x_wconf 87' lang='lat' dir='ltr'><strong>intelligere</strong></span> <span class='ocrx_word' id='word_1_171' title='bbox 1992 2255 2179 2305; x_wconf 80' lang='lat' dir='ltr'><strong>autem</strong></span> <span class='ocrx_word' id='word_1_172' title='bbox 2222 2255 2305 2306; x_wconf 90' lang='lat' dir='ltr'><strong>est</strong></span> <span class='ocrx_word' id='word_1_173' title='bbox 2330 2249 2589 2322; x_wconf 84' lang='lat' dir='ltr'><strong>operatio</strong></span> 
     </span>
     <span class='ocr_line' id='line_1_21' title="bbox 575 2334 2591 2411; baseline 0.001 -17"><span class='ocrx_word' id='word_1_174' title='bbox 575 2337 796 2411; x_wconf 84' lang='lat' dir='ltr'><strong>propria</strong></span> <span class='ocrx_word' id='word_1_175' title='bbox 816 2336 1072 2393; x_wconf 82' lang='lat' dir='ltr'><strong>humanae</strong></span> <span class='ocrx_word' id='word_1_176' title='bbox 1093 2334 1294 2408; x_wconf 87' lang='lat' dir='ltr'><strong>speciei</strong></span> <span class='ocrx_word' id='word_1_177' title='bbox 1330 2351 1344 2390; x_wconf 72' lang='grc' dir='ltr'><strong>ε</strong></span> <span class='ocrx_word' id='word_1_178' title='bbox 1377 2341 1595 2408; x_wconf 85' lang='lat' dir='ltr'><strong>oportet</strong></span> <span class='ocrx_word' id='word_1_179' title='bbox 1628 2335 1798 2408; x_wconf 84' lang='lat' dir='ltr'><strong>igitur</strong></span> <span class='ocrx_word' id='word_1_180' title='bbox 1825 2335 1973 2409; x_wconf 87' lang='lat' dir='ltr'><strong>quod</strong></span> <span class='ocrx_word' id='word_1_181' title='bbox 2000 2336 2308 2400; x_wconf 82' lang='lat' dir='ltr'><strong>intellectus</strong></span> <span class='ocrx_word' id='word_1_182' title='bbox 2331 2353 2503 2411; x_wconf 82' lang='lat' dir='ltr'><strong>agens</strong></span> <span class='ocrx_word' id='word_1_183' title='bbox 2528 2345 2591 2396; x_wconf 84' lang='lat' dir='ltr'><strong>et</strong></span> 
     </span>
     <span class='ocr_line' id='line_1_22' title="bbox 574 2422 2591 2500; baseline 0.001 -18"><span class='ocrx_word' id='word_1_184' title='bbox 574 2425 870 2500; x_wconf 75' lang='lat' dir='ltr'><strong>possibilis,</strong></span> <span class='ocrx_word' id='word_1_185' title='bbox 918 2426 1011 2499; x_wconf 89' lang='lat' dir='ltr'><strong>qui</strong></span> <span class='ocrx_word' id='word_1_186' title='bbox 1058 2429 1188 2482; x_wconf 86' lang='lat' dir='ltr'><strong>sunt</strong></span> <span class='ocrx_word' id='word_1_187' title='bbox 1223 2423 1490 2498; x_wconf 88' lang='lat' dir='ltr'><strong>principia</strong></span> <span class='ocrx_word' id='word_1_188' title='bbox 1516 2422 1681 2496; x_wconf 84' lang='lat' dir='ltr'><strong>hujus</strong></span> <span class='ocrx_word' id='word_1_189' title='bbox 1721 2424 2073 2496; x_wconf 80' lang='lat' dir='ltr'><strong>operationis,</strong></span> <span class='ocrx_word' id='word_1_190' title='bbox 2115 2425 2262 2482; x_wconf 84' lang='lat' dir='ltr'><strong>sicut</strong></span> <span class='ocrx_word' id='word_1_191' title='bbox 2305 2433 2591 2484; x_wconf 79' lang='lat' dir='ltr'><strong>ostensum</strong></span> 
     </span>
     <span class='ocr_line' id='line_1_23' title="bbox 574 2511 2587 2588; baseline 0.001 -18"><span class='ocrx_word' id='word_1_192' title='bbox 574 2521 681 2582; x_wconf 81' lang='lat' dir='ltr'><strong>est,</strong></span> <span class='ocrx_word' id='word_1_193' title='bbox 709 2522 1119 2587; x_wconf 84' lang='lat' dir='ltr'><strong>consequantur</strong></span> <span class='ocrx_word' id='word_1_194' title='bbox 1141 2512 1382 2569; x_wconf 86' lang='lat' dir='ltr'><strong>animam</strong></span> <span class='ocrx_word' id='word_1_195' title='bbox 1410 2511 1723 2578; x_wconf 82' lang='lat' dir='ltr'><strong>humanam,</strong></span> <span class='ocrx_word' id='word_1_196' title='bbox 1757 2529 1789 2569; x_wconf 86' lang='lat' dir='ltr'><strong>a</strong></span> <span class='ocrx_word' id='word_1_197' title='bbox 1818 2530 1928 2586; x_wconf 83' lang='lat' dir='ltr'><strong>qua</strong></span> <span class='ocrx_word' id='word_1_198' title='bbox 1951 2513 2112 2570; x_wconf 86' lang='lat' dir='ltr'><strong>homo</strong></span> <span class='ocrx_word' id='word_1_199' title='bbox 2137 2514 2301 2572; x_wconf 78' lang='lat' dir='ltr'><strong>hebet</strong></span> <span class='ocrx_word' id='word_1_200' title='bbox 2318 2514 2587 2588; x_wconf 85' lang='lat' dir='ltr'><strong>speciem.</strong></span> 
     </span>
     <span class='ocr_line' id='line_1_24' title="bbox 574 2601 2591 2678; baseline 0 -18"><span class='ocrx_word' id='word_1_201' title='bbox 574 2605 696 2662; x_wconf 86' lang='lat' dir='ltr'><strong>Non</strong></span> <span class='ocrx_word' id='word_1_202' title='bbox 725 2608 910 2659; x_wconf 77' lang='lat' dir='ltr'><strong>autem</strong></span> <span class='ocrx_word' id='word_1_203' title='bbox 952 2601 1034 2658; x_wconf 71' lang='lat' dir='ltr'><strong>sic</strong></span> <span class='ocrx_word' id='word_1_204' title='bbox 1073 2609 1484 2674; x_wconf 88' lang='lat' dir='ltr'><strong>consequuntur</strong></span> <span class='ocrx_word' id='word_1_205' title='bbox 1511 2616 1653 2668; x_wconf 84' lang='lat' dir='ltr'><strong>eam,</strong></span> <span class='ocrx_word' id='word_1_206' title='bbox 1685 2602 1843 2675; x_wconf 86' lang='lat' dir='ltr'><strong>quasi</strong></span> <span class='ocrx_word' id='word_1_207' title='bbox 1886 2601 1957 2659; x_wconf 79' lang='lat' dir='ltr'><strong>ab</strong></span> <span class='ocrx_word' id='word_1_208' title='bbox 1988 2603 2105 2675; x_wconf 79' lang='lat' dir='ltr'><strong>ipsa</strong></span> <span class='ocrx_word' id='word_1_209' title='bbox 2134 2603 2484 2678; x_wconf 73' lang='lat' dir='ltr'><strong>procedentia</strong></span> <span class='ocrx_word' id='word_1_210' title='bbox 2530 2606 2591 2660; x_wconf 86' lang='lat' dir='ltr'><strong>in·</strong></span> 
     </span>
     <span class='ocr_line' id='line_1_25' title="bbox 576 2690 2591 2766; baseline 0.001 -19"><span class='ocrx_word' id='word_1_211' title='bbox 576 2707 796 2765; x_wconf 74' lang='lat' dir='ltr'><strong>corpuS,</strong></span> <span class='ocrx_word' id='word_1_212' title='bbox 820 2691 970 2763; x_wconf 81' lang='lat' dir='ltr'><strong>quin,</strong></span> <span class='ocrx_word' id='word_1_213' title='bbox 1000 2699 1060 2748; x_wconf 91' lang='lat' dir='ltr'><strong>ut</strong></span> <span class='ocrx_word' id='word_1_214' title='bbox 1086 2696 1366 2746; x_wconf 85' lang='lat' dir='ltr'><strong>ostensum</strong></span> <span class='ocrx_word' id='word_1_215' title='bbox 1402 2694 1506 2758; x_wconf 88' lang='lat' dir='ltr'><strong>est,</strong></span> <span class='ocrx_word' id='word_1_216' title='bbox 1536 2690 1797 2762; x_wconf 83' lang='lat' dir='ltr'><strong>praedicta</strong></span> <span class='ocrx_word' id='word_1_217' title='bbox 1836 2693 2084 2764; x_wconf 82' lang='lat' dir='ltr'><strong>operatio</strong></span> <span class='ocrx_word' id='word_1_218' title='bbox 2108 2699 2193 2750; x_wconf 87' lang='lat' dir='ltr'><strong>est</strong></span> <span class='ocrx_word' id='word_1_219' title='bbox 2234 2693 2351 2750; x_wconf 86' lang='lat' dir='ltr'><strong>sine</strong></span> <span class='ocrx_word' id='word_1_220' title='bbox 2378 2708 2591 2766; x_wconf 86' lang='lat' dir='ltr'><strong>organo</strong></span> 
     </span>
     <span class='ocr_line' id='line_1_26' title="bbox 577 2778 2591 2854; baseline 0.001 -18"><span class='ocrx_word' id='word_1_221' title='bbox 577 2778 866 2853; x_wconf 80' lang='lat' dir='ltr'><strong>corporali,</strong></span> <span class='ocrx_word' id='word_1_222' title='bbox 902 2781 1058 2854; x_wconf 77' lang='lat' dir='ltr'><strong>cujus</strong></span> <span class='ocrx_word' id='word_1_223' title='bbox 1103 2786 1289 2836; x_wconf 77' lang='lat' dir='ltr'><strong>autem</strong></span> <span class='ocrx_word' id='word_1_224' title='bbox 1333 2785 1418 2836; x_wconf 85' lang='lat' dir='ltr'><strong>est</strong></span> <span class='ocrx_word' id='word_1_225' title='bbox 1448 2780 1712 2852; x_wconf 77' lang='lat' dir='ltr'><strong>potentia,</strong></span> <span class='ocrx_word' id='word_1_226' title='bbox 1759 2781 1879 2853; x_wconf 85' lang='lat' dir='ltr'><strong>ejus</strong></span> <span class='ocrx_word' id='word_1_227' title='bbox 1920 2789 1977 2838; x_wconf 88' lang='grc' dir='ltr'><strong>ει</strong></span> <span class='ocrx_word' id='word_1_228' title='bbox 2005 2781 2153 2840; x_wconf 77' lang='lat' dir='ltr'><strong>actio</strong></span> <span class='ocrx_word' id='word_1_229' title='bbox 2196 2797 2211 2838; x_wconf 70' lang='grc' dir='ltr'><strong><em>ε</em></strong></span> <span class='ocrx_word' id='word_1_230' title='bbox 2255 2780 2591 2854; x_wconf 76' lang='lat' dir='ltr'><strong>relinquitur</strong></span> 
     </span>
    </p>
   </div>
   <div class='ocr_carea' id='block_1_5' title="bbox 575 2867 2675 2950">
    <p class='ocr_par' dir='ltr' id='par_1_5' title="bbox 575 2867 2675 2950">
     <span class='ocr_line' id='line_1_27' title="bbox 575 2867 2675 2950; baseline 0.001 -26"><span class='ocrx_word' id='word_1_231' title='bbox 575 2883 707 2940; x_wconf 87' lang='lat' dir='ltr'><strong>ergo</strong></span> <span class='ocrx_word' id='word_1_232' title='bbox 731 2867 878 2942; x_wconf 87' lang='lat' dir='ltr'><strong>quod</strong></span> <span class='ocrx_word' id='word_1_233' title='bbox 901 2867 1209 2938; x_wconf 82' lang='lat' dir='ltr'><strong>intellectus</strong></span> <span class='ocrx_word' id='word_1_234' title='bbox 1239 2867 1514 2943; x_wconf 73' lang='lat' dir='ltr'><strong>possibilis</strong></span> <span class='ocrx_word' id='word_1_235' title='bbox 1537 2876 1593 2926; x_wconf 90' lang='lat' dir='ltr'><strong>et</strong></span> <span class='ocrx_word' id='word_1_236' title='bbox 1621 2882 1790 2941; x_wconf 77' lang='lat' dir='ltr'><strong>agens</strong></span> <span class='ocrx_word' id='word_1_237' title='bbox 1814 2869 2146 2927; x_wconf 79' lang='lat' dir='ltr'><strong>conveniant</strong></span> <span class='ocrx_word' id='word_1_238' title='bbox 2172 2868 2229 2926; x_wconf 91' lang='lat' dir='ltr'><strong>in</strong></span> <span class='ocrx_word' id='word_1_239' title='bbox 2256 2885 2365 2927; x_wconf 84' lang='lat' dir='ltr'><strong>una</strong></span> <span class='ocrx_word' id='word_1_240' title='bbox 2393 2885 2593 2926; x_wconf 83' lang='lat' dir='ltr'><strong>essen·-</strong></span> <span class='ocrx_word' id='word_1_241' title='bbox 2658 2931 2675 2950; x_wconf 68' lang='lat'><em>,</em></span> 
     </span>
    </p>
   </div>
   <div class='ocr_carea' id='block_1_6' title="bbox 577 2959 1965 3172">
    <p class='ocr_par' dir='ltr' id='par_1_6' title="bbox 577 2959 1965 3172">
     <span class='ocr_line' id='line_1_28' title="bbox 577 2959 1156 3028; baseline -0.007 -12"><span class='ocrx_word' id='word_1_242' title='bbox 577 2959 656 3016; x_wconf 86' lang='lat' dir='ltr'><strong>tia</strong></span> <span class='ocrx_word' id='word_1_243' title='bbox 683 2959 900 3016; x_wconf 76' lang='lat' dir='ltr'><strong>unimae.</strong></span> <span class='ocrx_word' id='word_1_244' title='bbox 1109 3015 1119 3028; x_wconf 76' lang='grc'>,</span> <span class='ocrx_word' id='word_1_245' title='bbox 1147 3019 1156 3026; x_wconf 22' lang='grc' dir='ltr'><em>Α</em></span> 
     </span>
     <span class='ocr_line' id='line_1_29' title="bbox 719 3073 1965 3172; baseline 0.004 -5"><span class='ocrx_word' id='word_1_246' title='bbox 719 3073 724 3076; x_wconf 78' lang='grc'><strong>’</strong></span> <span class='ocrx_word' id='word_1_247' title='bbox 1196 3101 1482 3170; x_wconf 80' lang='lat' dir='ltr'>CAPUT</span> <span class='ocrx_word' id='word_1_248' title='bbox 1526 3103 1965 3172; x_wconf 80' lang='lat' dir='ltr'><strong>Lxxxvm.</strong></span> 
     </span>
    </p>
   </div>
   <div class='ocr_carea' id='block_1_7' title="bbox 588 3242 2597 3398">
    <p class='ocr_par' dir='ltr' id='par_1_7' title="bbox 588 3242 2597 3398">
     <span class='ocr_line' id='line_1_30' title="bbox 588 3242 2597 3349; baseline 0.001 -42"><span class='ocrx_word' id='word_1_249' title='bbox 588 3244 871 3321; x_wconf 72' lang='lat' dir='ltr'><strong>Qualiter</strong></span> <span class='ocrx_word' id='word_1_250' title='bbox 933 3243 1072 3308; x_wconf 66' lang='lat' dir='ltr'><strong>istm</strong></span> <span class='ocrx_word' id='word_1_251' title='bbox 1129 3242 1265 3308; x_wconf 69' lang='lat' dir='ltr'><strong>duee·</strong></span> <span class='ocrx_word' id='word_1_252' title='bbox 1301 3245 1591 3349; x_wconf 56' lang='lat' dir='ltr'><strong>potentie?</strong></span> <span class='ocrx_word' id='word_1_253' title='bbox 1643 3244 1995 3310; x_wconf 73' lang='lat' dir='ltr'><strong>conveniam</strong></span> <span class='ocrx_word' id='word_1_254' title='bbox 2051 3244 2119 3308; x_wconf 77' lang='lat' dir='ltr'><strong>in</strong></span> <span class='ocrx_word' id='word_1_255' title='bbox 2160 3261 2287 3308; x_wconf 72' lang='lat' dir='ltr'><strong>una</strong></span> <span class='ocrx_word' id='word_1_256' title='bbox 2335 3245 2597 3310; x_wconf 55' lang='lat' dir='ltr'><strong>&amp;sentia</strong></span> 
     </span>
     <span class='ocr_line' id='line_1_31' title="bbox 1467 3351 1699 3398; baseline -0.004 -1"><span class='ocrx_word' id='word_1_257' title='bbox 1467 3351 1699 3398; x_wconf 71' lang='lat' dir='ltr'><strong>ammte.</strong></span> 
     </span>
    </p>
   </div>
   <div class='ocr_carea' id='block_1_8' title="bbox 581 3441 2611 4058">
    <p class='ocr_par' dir='ltr' id='par_1_8' title="bbox 581 3441 2611 4058">
     <span class='ocr_line' id='line_1_32' title="bbox 651 3441 2597 3523; baseline 0.001 -19"><span class='ocrx_word' id='word_1_258' title='bbox 651 3441 1118 3506; x_wconf 79' lang='lat' dir='ltr'><strong>Considerandum</strong></span> <span class='ocrx_word' id='word_1_259' title='bbox 1162 3454 1346 3504; x_wconf 79' lang='lat' dir='ltr'><strong>autem</strong></span> <span class='ocrx_word' id='word_1_260' title='bbox 1390 3447 1715 3522; x_wconf 81' lang='lat' dir='ltr'><strong>relinquitur</strong></span> <span class='ocrx_word' id='word_1_261' title='bbox 1749 3448 2021 3523; x_wconf 87' lang='lat' dir='ltr'><strong>quomodo</strong></span> <span class='ocrx_word' id='word_1_262' title='bbox 2077 3448 2181 3505; x_wconf 87' lang='lat' dir='ltr'><strong>hoc</strong></span> <span class='ocrx_word' id='word_1_263' title='bbox 2217 3449 2392 3521; x_wconf 81' lang='lat' dir='ltr'><strong>possit</strong></span> <span class='ocrx_word' id='word_1_264' title='bbox 2446 3463 2597 3506; x_wconf 82' lang='lat' dir='ltr'><strong>esse.</strong></span> 
     </span>
     <span class='ocr_line' id='line_1_33' title="bbox 581 3535 2603 3610; baseline 0 -16"><span class='ocrx_word' id='word_1_265' title='bbox 581 3536 810 3604; x_wconf 83' lang='lat' dir='ltr'><strong>Videtur</strong></span> <span class='ocrx_word' id='word_1_266' title='bbox 837 3538 994 3606; x_wconf 57' lang='lat' dir='ltr'><strong>‚enim</strong></span> <span class='ocrx_word' id='word_1_267' title='bbox 1023 3537 1077 3593; x_wconf 89' lang='lat' dir='ltr'><strong>in</strong></span> <span class='ocrx_word' id='word_1_268' title='bbox 1115 3535 1218 3592; x_wconf 87' lang='lat' dir='ltr'><strong>hoc</strong></span> <span class='ocrx_word' id='word_1_269' title='bbox 1245 3535 1751 3610; x_wconf 75' lang='lat' dir='ltr'><strong>aliquadisficultas</strong></span> <span class='ocrx_word' id='word_1_270' title='bbox 1792 3536 2045 3594; x_wconf 85' lang='lat' dir='ltr'><strong>suboriri.</strong></span> <span class='ocrx_word' id='word_1_271' title='bbox 2090 3537 2406 3604; x_wconf 76' lang='lat' dir='ltr'><strong>Intellectus</strong></span> <span class='ocrx_word' id='word_1_272' title='bbox 2445 3539 2603 3594; x_wconf 86' lang='lat' dir='ltr'><strong>enim</strong></span> 
     </span>
     <span class='ocr_line' id='line_1_34' title="bbox 581 3615 2603 3699; baseline 0 -19"><span class='ocrx_word' id='word_1_273' title='bbox 581 3621 853 3699; x_wconf 78' lang='lat' dir='ltr'><strong>possibilis</strong></span> <span class='ocrx_word' id='word_1_274' title='bbox 884 3631 969 3680; x_wconf 87' lang='lat' dir='ltr'><strong>est</strong></span> <span class='ocrx_word' id='word_1_275' title='bbox 998 3624 1053 3678; x_wconf 87' lang='lat' dir='ltr'><strong>in</strong></span> <span class='ocrx_word' id='word_1_276' title='bbox 1081 3615 1324 3691; x_wconf 81' lang='lat' dir='ltr'><strong>potentia</strong></span> <span class='ocrx_word' id='word_1_277' title='bbox 1349 3623 1417 3680; x_wconf 78' lang='lat' dir='ltr'><strong>ad</strong></span> <span class='ocrx_word' id='word_1_278' title='bbox 1448 3625 1630 3680; x_wconf 81' lang='lat' dir='ltr'><strong>omnia</strong></span> <span class='ocrx_word' id='word_1_279' title='bbox 1654 3623 2035 3695; x_wconf 79' lang='lat' dir='ltr'><strong>intelligibilia.</strong></span> <span class='ocrx_word' id='word_1_280' title='bbox 2065 3622 2380 3682; x_wconf 83' lang='lat' dir='ltr'><strong>Intellectus</strong></span> <span class='ocrx_word' id='word_1_281' title='bbox 2408 3632 2603 3694; x_wconf 84' lang='lat' dir='ltr'><strong>autem</strong></span> 
     </span>
     <span class='ocr_line' id='line_1_35' title="bbox 582 3710 2605 3787; baseline -0.001 -16"><span class='ocrx_word' id='word_1_282' title='bbox 582 3729 751 3786; x_wconf 82' lang='lat' dir='ltr'><strong>agens</strong></span> <span class='ocrx_word' id='word_1_283' title='bbox 781 3711 915 3769; x_wconf 80' lang='lat' dir='ltr'><strong>facit</strong></span> <span class='ocrx_word' id='word_1_284' title='bbox 961 3710 1321 3784; x_wconf 81' lang='lat' dir='ltr'><strong>intelligibilia</strong></span> <span class='ocrx_word' id='word_1_285' title='bbox 1351 3711 1406 3772; x_wconf 93' lang='lat' dir='ltr'><strong>in</strong></span> <span class='ocrx_word' id='word_1_286' title='bbox 1436 3713 1680 3787; x_wconf 84' lang='lat' dir='ltr'><strong>potentia</strong></span> <span class='ocrx_word' id='word_1_287' title='bbox 1710 3728 1829 3770; x_wconf 83' lang='lat' dir='ltr'><strong>esse</strong></span> <span class='ocrx_word' id='word_1_288' title='bbox 1854 3711 2220 3786; x_wconf 84' lang='lat' dir='ltr'><strong>intelligibilia</strong></span> <span class='ocrx_word' id='word_1_289' title='bbox 2250 3713 2305 3769; x_wconf 90' lang='lat' dir='ltr'><strong>in</strong></span> <span class='ocrx_word' id='word_1_290' title='bbox 2343 3721 2490 3777; x_wconf 78' lang='lat' dir='ltr'><strong>actu,</strong></span> <span class='ocrx_word' id='word_1_291' title='bbox 2540 3718 2605 3768; x_wconf 79' lang='lat' dir='ltr'><strong>et</strong></span> 
     </span>
     <span class='ocr_line' id='line_1_36' title="bbox 582 3789 2603 3877; baseline 0.002 -23"><span class='ocrx_word' id='word_1_292' title='bbox 582 3803 663 3862; x_wconf 74' lang='lat' dir='ltr'><strong>sic</strong></span> <span class='ocrx_word' id='word_1_293' title='bbox 686 3789 905 3877; x_wconf 80' lang='lat' dir='ltr'><strong>oportet</strong></span> <span class='ocrx_word' id='word_1_294' title='bbox 933 3800 1077 3873; x_wconf 87' lang='lat' dir='ltr'><strong>quod</strong></span> <span class='ocrx_word' id='word_1_295' title='bbox 1103 3810 1452 3873; x_wconf 83' lang='lat' dir='ltr'><strong>comparetur</strong></span> <span class='ocrx_word' id='word_1_296' title='bbox 1480 3802 1549 3858; x_wconf 83' lang='lat' dir='ltr'><strong>ad</strong></span> <span class='ocrx_word' id='word_1_297' title='bbox 1572 3818 1637 3859; x_wconf 85' lang='lat' dir='ltr'><strong>ea</strong></span> <span class='ocrx_word' id='word_1_298' title='bbox 1661 3800 1805 3860; x_wconf 83' lang='lat' dir='ltr'><strong>sicut</strong></span> <span class='ocrx_word' id='word_1_299' title='bbox 1832 3810 1989 3860; x_wconf 80' lang='lat' dir='ltr'><strong>actus</strong></span> <span class='ocrx_word' id='word_1_300' title='bbox 2017 3801 2086 3858; x_wconf 88' lang='lat' dir='ltr'><strong>ad</strong></span> <span class='ocrx_word' id='word_1_301' title='bbox 2111 3801 2415 3876; x_wconf 83' lang='lat' dir='ltr'><strong>potentiam</strong></span> <span class='ocrx_word' id='word_1_302' title='bbox 2444 3817 2457 3854; x_wconf 77' lang='lat' dir='ltr'>z</span> <span class='ocrx_word' id='word_1_303' title='bbox 2488 3815 2603 3858; x_wconf 86' lang='lat' dir='ltr'><strong>non</strong></span> 
     </span>
     <span class='ocr_line' id='line_1_37' title="bbox 584 3888 2607 3966; baseline 0.001 -24"><span class='ocrx_word' id='word_1_304' title='bbox 584 3891 801 3945; x_wconf 73' lang='lat' dir='ltr'><strong>videtur</strong></span> <span class='ocrx_word' id='word_1_305' title='bbox 842 3895 1028 3946; x_wconf 85' lang='lat' dir='ltr'><strong>autem</strong></span> <span class='ocrx_word' id='word_1_306' title='bbox 1068 3889 1327 3963; x_wconf 76' lang='lat' dir='ltr'><strong>possibile</strong></span> <span class='ocrx_word' id='word_1_307' title='bbox 1365 3889 1512 3965; x_wconf 83' lang='lat' dir='ltr'><strong>quod</strong></span> <span class='ocrx_word' id='word_1_308' title='bbox 1540 3891 1685 3947; x_wconf 87' lang='lat' dir='ltr'><strong>idem</strong></span> <span class='ocrx_word' id='word_1_309' title='bbox 1730 3897 1984 3966; x_wconf 85' lang='lat' dir='ltr'><strong>respectu</strong></span> <span class='ocrx_word' id='word_1_310' title='bbox 2010 3889 2258 3964; x_wconf 88' lang='lat' dir='ltr'><strong>ejusdem</strong></span> <span class='ocrx_word' id='word_1_311' title='bbox 2298 3888 2454 3948; x_wconf 84' lang='lat' dir='ltr'><strong>sitin</strong></span> <span class='ocrx_word' id='word_1_312' title='bbox 2492 3905 2607 3963; x_wconf 89' lang='lat' dir='ltr'><strong>po-</strong></span> 
     </span>
     <span class='ocr_line' id='line_1_38' title="bbox 584 3977 2611 4058; baseline 0.002 -26"><span class='ocrx_word' id='word_1_313' title='bbox 584 3977 760 4034; x_wconf 57' lang='lat' dir='ltr'><strong>tentia</strong></span> <span class='ocrx_word' id='word_1_314' title='bbox 782 3978 922 4039; x_wconf 83' lang='lat' dir='ltr'><strong>etin</strong></span> <span class='ocrx_word' id='word_1_315' title='bbox 948 3985 1098 4039; x_wconf 81' lang='lat' dir='ltr'><strong>actu.</strong></span> <span class='ocrx_word' id='word_1_316' title='bbox 1122 3979 1214 4042; x_wconf 88' lang='lat' dir='ltr'><strong>Sic</strong></span> <span class='ocrx_word' id='word_1_317' title='bbox 1236 3979 1404 4058; x_wconf 81' lang='lat' dir='ltr'><strong>igitur</strong></span> <span class='ocrx_word' id='word_1_318' title='bbox 1422 3979 1757 4058; x_wconf 79' lang='lat' dir='ltr'><strong>impossibile</strong></span> <span class='ocrx_word' id='word_1_319' title='bbox 1778 3979 2017 4050; x_wconf 82' lang='lat' dir='ltr'><strong>videtur,</strong></span> <span class='ocrx_word' id='word_1_320' title='bbox 2045 3978 2193 4057; x_wconf 85' lang='lat' dir='ltr'><strong>quod</strong></span> <span class='ocrx_word' id='word_1_321' title='bbox 2212 3979 2270 4039; x_wconf 90' lang='lat' dir='ltr'><strong>in</strong></span> <span class='ocrx_word' id='word_1_322' title='bbox 2297 3993 2403 4037; x_wconf 78' lang='lat' dir='ltr'><strong>una</strong></span> <span class='ocrx_word' id='word_1_323' title='bbox 2432 3979 2611 4036; x_wconf 78' lang='lat' dir='ltr'><strong>subs-</strong></span> 
     </span>
    </p>
   </div>
   <div class='ocr_carea' id='block_1_9' title="bbox 2806 3929 2809 4066">
    <p class='ocr_par' dir='ltr' id='par_1_9' title="bbox 2806 3909 2809 4066">
     <span class='ocr_line' id='line_1_39' title="bbox 2806 3929 2809 4066; baseline 0 -150"><span class='ocrx_word' id='word_1_324' title='bbox 2806 3929 2809 4066; x_wconf 37' lang='lat' dir='ltr'>s</span> 
     </span>
    </p>
   </div>
   <div class='ocr_carea' id='block_1_10' title="bbox 2804 4249 2806 4260">
    <p class='ocr_par' dir='ltr' id='par_1_10' title="bbox 2804 4249 2806 4260">
     <span class='ocr_line' id='line_1_40' title="bbox 2804 4249 2806 4260; baseline 0 0"><span class='ocrx_word' id='word_1_325' title='bbox 2804 4249 2806 4260; x_wconf 66' lang='grc' dir='ltr'><strong>ι</strong></span> 
     </span>
    </p>
   </div>
  </div>
 </body>
</html>
