2850 4517
659 391 663 397 -
747 368 796 418 ι.
823 387 908 403 -
931 371 1335 418 σοΜΡκΝυωΜ
1387 374 1751 422 'maome-111³
1830 423 1835 428 .
2143 356 2255 430 Ι65

1041 573 1326 642 CAPUT
1377 575 1453 644 0.·

553 714 732 789 Quod
758 715 926 777 Deus
953 720 1238 794 operatur
1259 715 1461 779 omnia
1480 723 1735 817 propter
1758 720 1955 799 finem.

337 847 588 916 Quoniam
611 853 796 904 autem
822 863 990 920 supra
1011 856 1292 905 ostensum
1319 857 1422 919 est,
1458 851 1603 924 quod
1634 853 1782 908 Deus
1809 870 1899 909 res
1922 841 2100 912 inesse
2124 872 2253 927 pro·-

280 935 412 992 duxit
433 954 536 994 non
573 953 670 1010 per
697 936 1082 993 necessitatem
1112 944 1326 994 naturae
1358 939 1455 994 sed
1482 955 1591 1011 ⁸per
1616 939 1957 998 intellectum
1982 950 2037 999 et
2057 946 2255 1002 volun-

281 1031 442 1092 tatem,
468 1043 628 1083 omne
651 1032 836 1082 autem
871 1026 980 1082 tale
1004 1043 1172 1098 agens
1196 1028 1310 1098 agit
1340 1035 1562 1101 propter
1588 1030 1783 1102 finem3
1814 1034 2084 1104 operativi
2110 1037 2255 1092 euim

277 1113 558 1172 intellectus
596 1115 719 1171 finis
755 1114 1082 1188 principium
1113 1121 1234 1170 est:
1265 1132 1487 1172 necesse
1517 1124 1602 1173 est
1648 1117 1813 1189 igitur
1856 1123 2039 1178 omnia
2068 1141 2193 1195 quae
2222 1143 2255 1182 a

275 1201 370 1258 Deo
401 1214 520 1262 sunt
552 1204 717 1271 facta,
755 1209 977 1276 propter
1011 1204 1174 1260 finem
1221 1220 1361 1276 esse.
1405 1205 1615 1273 Adhuc,
1662 1209 1948 1280 productio
2000 1227 2183 1268 rerum
2222 1230 2255 1269 a

275 1291 370 1347 Deo
413 1294 616 1370 optime
663 1293 812 1349 facta
849 1297 953 1349 est.
998 1291 1204 1366 Optimi
1247 1295 1394 1372 enim
1450 1301 1535 1351 est
1580 1297 1785 1368 optime
1817 1298 2009 1372 'facere
2048 1317 2254 1356 unum-

275 1379 502 1456 quodque
543 1400 558 1438 ε
599 1381 793 1438 melius
835 1387 921 1437 est
957 1388 1141 1438 autem
1187 1382 1304 1438 fieri
1344 1383 1553 1456 aliquid
1591 1393 1814 1458 propter
1857 1387 2040 1456 finem,
2086 1406 2253 1462 quam

273 1468 454 1544 absque
486 1471 611 1528 finis
645 1471 989 1528 intentione:
1021 1487 1090 1527 ex
1120 1471 1227 1526 fine
1265 1472 1412 1529 enim
1453 1479 1537 1529 est
1575 1475 1717 1530 ratio
1746 1475 1873 1530 boni
1916 1477 1971 1531 in
2013 1477 2098 1533 his
2128 1495 2275 1556 quae-
2310 1507 2317 1512 ·

272 1557 405 1616 fiunt.
447 1562 586 1618 Sunt
629 1561 798 1633 igitur
835 1576 924 1616 res
953 1575 985 1616 a
1024 1561 1138 1615 Deo
1175 1559 1339 1618 factae
1377 1569 1599 1635 propter
1647 1563 1829 1620 finem.
1870 1565 2043 1641 Hujus
2085 1569 2254 1623 etiam

269 1646 458 1718 signum
485 1655 714 1724 apparet
752 1650 808 1705 in
848 1649 952 1718 his,
996 1665 1121 1722 quae
1159 1665 1192 1706 a
1219 1658 1418 1706 natura
1466 1657 1721 1722 aguntur,
1751 1670 1984 1726 quorum
2034 1655 2165 1714 nihil
2196 1655 2252 1710 in

269 1753 444 1796 vanum
469 1746 575 1808 est,
603 1740 698 1796 sed
722 1747 946 1813 propter
975 1741 1138 1796 finem
1164 1740 1609 1814 unumquodque.
1642 1743 2037 1806 Inoonveuiens
2066 1753 2253 1801 autem

267 1827 426 1885 dicere
466 1835 574 1897 est,
619 1829 792 1899 magis
828 1828 1080 1884 ordinata
1107 1845 1228 1885 esse
1269 1845 1394 1902 quae
1423 1830 1561 1886 fiunt
1598 1847 1631 1887 a
1673 1840 1891 1896 natura,
1932 1849 2097 1906 quam
2134 1835 2253 1906 ipsa

268 1913 520 1974 institutio
550 1922 764 1972 naturae
800 1931 833 1971 a
861 1917 1034 1986 primo
1073 1922 1289 1986 agente,
1319 1933 1446 1972 cum
1482 1923 1631 1974 totus
1662 1919 1797 1975 ordo
1822 1927 2034 1978 naturae
2058 1923 2255 1978 exinde

267 2005 548 2064 derivetur.
579 2003 926 2062 Manifestum
953 2012 1035 2060 est
1057 2003 1227 2075 igitur
1247 2019 1336 2060 res
1364 2021 1396 2060 a
1425 2006 1539 2061 Deo
1566 2006 1859 2078 productas
1887 2023 2007 2064 esse
2035 2016 2256 2082 propter

269 2091 427 2152 linem.

1011 2264 1316 2366 CAPUT
1360 2265 1468 2334 CI.

454 2405 638 2488 Quod
671 2405 932 2472 ultimus
968 2408 1116 2488 finis
1145 2407 1407 2470 omnium
1434 2410 1521 2471 est
1548 2403 1759 2472 divina
1786 2403 2046 2476 bonitas·

328 2541 546 2614 Oportet
575 2547 762 2600 autem
802 2539 1052 2597 ultimum
1077 2540 1238 2596 finem
1280 2555 1464 2595 rerum
1491 2539 1735 2598 divinam
1762 2542 2069 2600 bonitatem
2108 2552 2249 2603 esse.

267 2623 446 2688 Rerum
469 2633 620 2690 enim
647 2616 918 2688 factarum
955 2630 1024 2686 ab
1054 2629 1237 2704 aliquo
1274 2636 1472 2702 agente
1500 2647 1597 2703 per
1632 2631 1993 2697 voluntatem,
2028 2633 2253 2689 ultimus

270 2719 374 2776 finis
401 2730 480 2779 est
505 2721 654 2796 quod
684 2728 767 2777 est
790 2719 964 2792 primo
993 2723 1050 2775 et
1089 2732 1190 2791 per
1227 2735 1286 2774 se
1322 2718 1554 2775 volitum
1584 2719 1657 2774 ab
1684 2728 1901 2791 agento,
1934 2728 1991 2777 et
2028 2729 2253 2794 propter

267 2805 356 2865 hoo
380 2813 490 2882 agit
523 2823 696 2882 agens
723 2824 880 2865 omne
923 2806 1070 2880 quod
1113 2807 1244 2876 agit.
1273 2807 1517 2860 Primum
1563 2814 1749 2862 autem
1788 2809 2023 2864 volitum
2050 2809 2255 2866 divinae

270 2897 546 2958 voluntatis
573 2906 658 2956 est
685 2899 804 2970 ejus
835 2897 1072 2960 bonitas,
1103 2900 1161 2947 ut
1198 2909 1266 2948 ex
1303 2889 1673 2962 superioribus
1698 2898 1871 2963 patet.
1900 2895 2137 2950 Neoesse
2170 2904 2256 2952 est

268 2984 414 3058 igitur
434 2989 680 3046 omnium
704 3003 885 3044 rerum
913 2985 1186 3042 factarum
1213 2997 1246 3038 a
1271 2981 1384 3036 Deo
1414 2979 1666 3055 ultim-um
1695 2980 1859 3036 finem
1880 2980 2123 3038 divinam
2153 2982 2257 3038 bo—

269 3075 475 3134 nitatem
515 3093 662 3136 esse.
685 3078 844 3144 Item,
877 3073 1002 3130 finis
1027 3070 1395 3145 generationis
1423 3069 1851 3144 uniuscujusque
1872 3069 1953 3126 rei
1981 3079 2255 3142 generatae

269 3174 341 3221 est
379 3167 550 3224 forma
594 3166 860 3238 ejusdem,
890 3163 998 3224 hao
1022 3161 1167 3218 enim
1196 3161 1396 3234 adepta
1430 3159 1710 3232 generatio
1747 3159 2004 3232 quiescit.
2044 3161 2255 3218 Unum-

271 3257 504 3330 quodque
531 3256 680 3312 enim
707 3261 1048 3326 generatum,
1080 3251 1198 3307 sive
1234 3266 1330 3322 per
1362 3257 1560 3316 artem,
1590 3249 1707 3307 sive
1736 3265 1832 3320 per
1857 3255 2129 3321 naturam,
2160 3265 2255 3308 se-

268 3343 486 3402 eundum
509 3359 670 3402 suam
701 3341 934 3398 formam
958 3339 1230 3398 similatur
1258 3338 1443 3412 aliquo
1475 3337 1637 3394 modo
1674 3337 1857 3410 agenti
1894 3354 1907 3392 ι
1941 3353 2065 3394 uam
2095 3356 2254 3397 omne

271 3446 418 3503 egens
444 3435 560 3506 agit
589 3431 904 3505 aliqualiter
941 3429 1045 3486 sibi
1080 3427 1278 3484 simile.
1308 3429 1516 3483 Domus
1558 3427 1703 3482 enim
1729 3443 1854 3499 quae
1882 3434 1967 3483 est
1996 3427 2051 3482 in
2078 3438 2256 3486 mate·—

267 3518 356 3589 ria,
386 3523 634 3596 procedit
661 3536 694 3579 a
730 3521 894 3576 domo
925 3535 1052 3593 quae
1089 3524 1173 3573 est
1205 3517 1260 3572 in
1299 3522 1485 3572 mente
1524 3515 1773 3572 artificis,
1812 3518 1872 3571 In
1914 3517 2257 3574 naturalibus

270 3610 419 3668 etiam
458 3613 624 3670 homo
665 3615 893 3684 generat
934 3606 1209 3664 hominem
1252 3621 1266 3662 ε
1310 3612 1366 3660 et
1391 3605 1438 3660 si
1479 3604 1686 3679 aliquid
1738 3606 1810 3660 sit
1858 3604 2123 3677 genitum,
2169 3606 2257 3662 vel

269 3696 458 3758 facturn
483 3701 785 3759 secundum
813 3705 1086 3764 naturam,
1116 3694 1260 3768 quod
1291 3710 1396 3751 non
1435 3687 1509 3749 sit
1536 3694 1713 3750 simile
1743 3693 2023 3766 generanti
2056 3709 2258 3750 secun-

269 3787 386 3847 dum
417 3791 674 3864 speciem,
703 3788 977 3846 similatur
1013 3792 1195 3843 tamen
1233 3783 1347 3841 suis
1375 3784 1664 3856 agentibus
1706 3785 1848 3840 sicut
1876 3781 2257 3856 imperfectum

271 3878 520 3950 perfecto.
561 3881 642 3938 Ex
667 3879 774 3936 hoo
810 3879 958 3936 enim
983 3875 1272 3948 contingit,
1311 3875 1459 3949 quod
1496 3880 1817 3944 generatum
1858 3872 2141 3946 generanti
2166 3889 2259 3930 se*
2340 3937 2343 3940 ,

269 3969 494 4026 cundum
520 3970 756 4044 speeiem
787 3983 896 4026 non
924 3965 1215 4048 similatur,
1247 3965 1377 4036 quia
1414 3961 1487 4019 ad
1522 3964 1639 4036 ejus
1676 3963 1975 4036 perfectam
2000 3955 2259 4020 similitu-

342 4099 356 4108 «
376 4053 394 4084 ’
766 4086 819 4136 S.
850 4085 1004 4136 Tuon.
1040 4085 1124 4139 Ao.
1159 4081 1420 4130 Oruscuu.
1452 4101 1513 4116 —
1541 4077 1579 4144 Ι,
1602 4073 1722 4144 ‘'5-
1754 4066 1759 4072 ’
