2850 4517
512 351 636 414 506
992 369 1044 412 s.
1091 367 1324 410 ⁹1·quAE
1364 366 1691 416 Aoumms
1730 366 2038 410 opuscum
2092 386 2097 392 -

515 489 575 539 ut
601 483 829 540 adorent
847 495 974 538 eum
994 495 1184 538 omnes
1208 481 1386 552 angeli
1413 481 1533 548 Dei,
1563 496 1727 553 quem
1753 487 1929 536 totum
1954 479 2164 542 dimisit
2190 494 2290 553 per
2324 496 2519 537 sacra-

515 577 760 628 mentum
809 577 868 626 et
907 576 1257 643 potestatem,
1302 571 1461 627 Petro
1494 574 1552 626 et
1576 568 1838 626 Ecclesiae
1876 569 2014 640 ejus,
2053 588 2077 620 ²>
2116 568 2189 624 Et
2228 568 2519 643 chrysost.

513 659 648 716 dicit
673 660 744 718 ad
770 659 1020 717 consulta
1048 658 1425 731 Bulgarorum,
1456 674 1527 715 ex
1552 672 1784 732 persona
1812 647 2020 714 Christi
2044 655 2274 729 loquens
2303 673 2317 710 ε
2353 677 2380 710 α
2414 658 2525 714 Ter

515 755 570 804 te
599 748 896 821 interrog03
915 764 983 806 an
1011 764 1179 814 ames,
1213 764 1286 806 an
1311 763 1485 814 ameS‚
1503 763 1572 805 an
1603 747 1819 820 diligas,
1850 746 1981 819 quia
2010 751 2095 802 ter
2123 761 2215 802 me
2246 746 2518 818 trepidus,

513 843 570 893 et
595 834 823 894 timidus
858 837 1092 910 negasti.
1128 838 1288 894 Nunc
1324 824 1512 894 autem
1551 835 1831 903 reductu5‚
1858 851 1929 900 ne
1954 835 2183 892 credant
2227 839 2282 892 te
2318 833 2526 893 fratres

512 927 770 998 gratiam,
796 932 853 982 et
879 925 1119 982 clavium
1142 926 1531 983 auctoritatem
1558 923 1826 992 amisisse,
1853 924 1983 999 quia
2011 939 2169 983 amas
2190 939 2297 992 me,
2326 939 2519 981 coram

513 1013 648 1085 ipsis
688 1013 745 1071 id
774 1013 878 1071 tibi
901 1016 1016 1088 jam
1044 1014 1306 1071 confirmo
1342 1013 1487 1088 quod
1520 1028 1703 1071 meum
1729 1017 1815 1069 est
1852 1011 2093 1085 plenum.
2130 1031 2156 1064 n
2182 1011 2301 1068 Hoc
2346 1013 2520 1070 etiam

515 1103 752 1161 trahitur
776 1103 1108 1161 auctoritate
1127 1104 1442 1178 Scripturae.
1460 1100 1601 1160 Nam
1622 1101 1887 1158 Dominus
1905 1100 2099 1158 Matth.
2129 1116 2253 1166 xvi,
2287 1102 2523 1158 univer-

514 1191 704 1248 saliter
728 1193 888 1249 Petro
912 1192 1051 1248 dixit
1085 1208 1098 1248 :
1127 1191 1491 1264 Quodcumque
1530 1189 1935 1262 solveriossuper
1961 1196 2187 1257 terram,
2214 1188 2323 1245 erit
2368 1190 2523 1246 solu-

518 1285 652 1346 tum,
683 1287 735 1338 et
759 1279 822 1336 in
847 1279 1008 1337 coelis.

562 1449 740 1524 Quod
763 1450 832 1512 in
857 1449 1056 1512 eadem
1074 1452 1374 1528 potestate
1401 1465 1535 1528 quae
1557 1447 1785 1510 collata
1812 1450 1899 1510 est
1922 1447 2109 1509 Petro
2137 1463 2175 1509 a
2204 1445 2472 1512 Christo.

582 1589 903 1647 Ostenditur
924 1588 1112 1656 etiam,
1145 1589 1293 1662 quod
1323 1590 1515 1645 Petrus
1549 1589 1623 1644 sit
1650 1588 1853 1646 Christi
1900 1588 2168 1656 Vientina,
2208 1594 2267 1643 et
2309 1589 2522 1646 Roma-

515 1693 618 1736 nus
656 1677 904 1735 Pontifex
948 1678 1093 1734 Petri
1142 1693 1443 1746 successor,
1469 1678 1526 1733 in
1572 1678 1764 1734 eadem
1807 1683 2082 1750 potestate
2118 1676 2169 1733 ei
2216 1692 2250 1733 a
2303 1678 2521 1736 Christo

513 1767 733 1826 collata.
758 1766 905 1823 Dicit
929 1767 1076 1823 enim
1099 1769 1285 1824 Canon
1313 1765 1529 1824 concilii
1560 1765 2050 1823 Chalcedonensis:
2082 1785 2108 1819 ι
2138 1765 2193 1822 Si
2212 1766 2339 1840 quis
2368 1768 2521 1841 epie-

513 1872 682 1930 copus
704 1854 1039 1930 praedicatur
1059 1855 1294 1922 infamis,
1326 1855 1555 1911 liberam
1585 1853 1786 1912 habeat
1832 1855 2164 1912 sententiam
2208 1854 2521 1928 appellandi

512 1945 891 2003 beatissimum
933 1945 1246 2018 episcopum
1293 1943 1538 2017 antiquae
1581 1944 1788 2012 Romae,
1821 1943 1951 2016 quia
1992 1942 2258 2000 habemus
2297 1943 2521 2004 Petrum

512 2039 729 2107 petram
757 2031 1047 2104 refugii‚ut
1072 2032 1177 2105 ipsi
1202 2031 1302 2088 soli
1330 2031 1501 2088 libera
1532 2037 1821 2104 potestate,
1842 2031 1961 2087 loco
1976 2032 2184 2098 Dei,sit
2203 2032 2297 2104 jus
2321 2032 2523 2090 decer-

513 2121 677 2178 nendi
708 2121 949 2195 episcopi
993 2120 1268 2178 criminati
1310 2119 1613 2186 infamiam,
1644 2118 1939 2177 secundum
1988 2120 2174 2176 claves
2216 2135 2253 2178 u
2296 2119 2523 2178 domino

517 2208 621 2266 sibi
650 2210 830 2266 datas,
867 2228 892 2262 ιν
922 2209 991 2264 Ει
1017 2209 1195 2266 infra:
1226 2229 1252 2262 α
1275 2208 1553 2266 Et‘omnia
1583 2207 1655 2268 ab
1680 2223 1745 2264 eo
1775 2206 2002 2270 definita
2031 2207 2103 2265 ab
2128 2224 2195 2265 eo
2229 2214 2521 2267 teneantur

513 2303 775 2371 tauquam
807 2312 841 2353 a
877 2298 1096 2355 Vicario
1139 2296 1423 2370 apostolici
1455 2297 1656 2353 throni.
1694 2315 1721 2350 ι)
1750 2297 1891 2354 Item
1932 2296 2167 2370 Cyrinus
2212 2297 2522 2354 Hierosoli-

513 2385 752 2442 mitanus
777 2386 1116 2452 Fauian-cha,
1148 2386 1283 2442 dicit
1309 2402 1376 2444 ex
1407 2401 1637 2458 persona
1666 2385 1869 2444 Christi
1908 2385 2132 2460 loquens
2163 2402 2179 2441 z
2206 2404 2235 2438 α
2267 2385 2349 2440 Tu
2389 2401 2523 2444 cum

512 2473 639 2538 fine,
666 2478 724 2527 et
751 2488 853 2543 ego
881 2474 1000 2529 sine
1029 2475 1154 2540 fine,
1184 2489 1311 2529 cum
1338 2473 1611 2542 omnibuS,
1639 2491 1778 2548 quos
1819 2473 1937 2532 loco
1978 2473 2053 2528 tui
2096 2487 2313 2544 ponam,
2346 2473 2517 2544 plene

511 2565 568 2617 et
585 2559 827 2631 perfecte
851 2566 1193 2617 sacramento
1220 2568 1277 2618 et
1305 2563 1639 2622 auctoritate
1682 2579 1809 2620 cum
1850 2561 1931 2622 eis
1973 2576 2065 2618 ero
2106 2561 2253 2618 sicut
2290 2575 2417 2616 sum
2456 2569 2521 2620 et

513 2652 716 2704 tecum.
745 2668 772 2702 »
797 2648 866 2708 Et
894 2649 1128 2724 Cyrinus
1173 2651 1229 2707 in
1276 2649 1416 2707 libro
1452 2650 1853 2710 'thesaurorum
1897 2651 2051 2716 dicit,
2078 2649 2226 2722 quod
2267 2651 2517 2722 Apostoli

509 2735 565 2791 in
590 2736 902 2810 Evangeliis
929 2747 984 2797 et
1011 2739 1269 2812 Epistolis
1306 2741 1715 2796 affirmaverunt
1752 2741 1806 2795 in
1847 2739 1994 2796 omui
2021 2739 2272 2795 doctrina
2294 2740 2518 2796 Petrum

510 2841 632 2883 esse
661 2826 778 2882 loco
819 2827 941 2898 Dei,
970 2832 1026 2883 et
1075 2828 1195 2900 ejus
1231 2827 1552 2894 Ecclesiam,
1584 2828 1762 2886 eidem
1801 2828 1999 2886 dantes
2043 2827 2223 2886 locum
2266 2827 2322 2883 in
2368 2828 2519 2884 omni

508 2914 750 2988 capitulo
779 2924 834 2972 et
861 2931 1141 2990 synagoga
1167 2915 1224 2970 in
1245 2917 1393 2972 omni
1422 2915 1688 2973 electione
1714 2921 1768 2972 et
1802 2916 2186 2972 affirmatione.
2217 2916 2285 2972 Et
2323 2915 2465 2973 infra
2498 2935 2512 2972 ε

512 3024 538 3056 α
571 3005 689 3071 Cui,
718 3023 744 3056 »
770 3004 978 3060 scilicet
1000 3005 1181 3072 Petro,
1201 3024 1228 3057 α
1261 3021 1453 3061 omnes
1475 3006 1599 3077 jure
1628 3005 1814 3061 divino
1842 3011 2009 3077 caput
2030 3005 2293 3061 inclinant
2322 3010 2376 3059 et
2397 3004 2515 3076 pri-

507 3091 686 3148 mates
716 3093 904 3149 mundi
933 3099 1197 3167 tanquam
1235 3093 1341 3167 ipsi
1369 3094 1591 3155 domino
1630 3095 1756 3150 Jesu
1797 3094 2077 3151 obediant.
2109 3113 2135 3146 n
2161 3095 2231 3150 Et
2276 3091 2515 3167 Chryso.

510 3181 646 3236 dicit
687 3197 754 3236 ex
795 3196 1026 3253 persona
1067 3181 1162 3238 filii
1192 3181 1424 3255 loquens
1455 3200 1470 3239 z
1496 3183 1660 3240 Pasce
1700 3200 1817 3239 oves
1860 3199 2021 3250 meas,
2052 3182 2108 3238 id
2148 3187 2234 3240 est
2263 3200 2277 3238 :
2309 3203 2336 3235 α
2366 3183 2519 3240 Loco

509 3267 620 3325 mei
643 3270 970 3341 praepositus
997 3273 1116 3326 esto
1143 3270 1396 3328 fratrum.
1429 3291 1455 3324 »

665 3434 844 3509 Quod
869 3435 953 3498 ad
976 3453 1109 3500 eum
1132 3437 1394 3517 pertinet
1419 3435 1835 3515 determinare,
1864 3454 2001 3519 quoe
2027 3441 2175 3500 sunt
2198 3435 2363 3515 fidei.

581 3575 905 3634 Ostenditur
941 3577 1130 3645 etiam,
1168 3580 1317 3651 quod
1348 3580 1420 3636 ad
1461 3580 1671 3638 dictum
1722 3579 2042 3638 Pontificem
2071 3579 2359 3652 ,pertineat
2388 3593 2523 3652 quae

512 3662 638 3719 fidei
663 3671 792 3720 sunt
815 3664 1202 3722 determinare.
1218 3666 1365 3723 Dicit
1392 3668 1540 3724 enim
1561 3667 1797 3743 Cyrillus
1824 3669 1879 3724 in
1906 3666 2047 3724 libro
2072 3666 2483 3724 'thesaurorum
2501 3707 2517 3722 .

512 3769 540 3803 α
568 3751 643 3808 Ut
671 3752 913 3810 membra
938 3770 1258 3812 maneamus
1283 3755 1341 3812 in
1363 3758 1547 3830 capite
1586 3761 1791 3826 nostro,
1814 3755 2131 3829 Apostolico
2174 3754 2373 3812 throno
2398 3755 2525 3810 Ro·-

511 3851 795 3896 manorum
823 3843 1166 3911 Pontificum,
1198 3859 1232 3901 a
1257 3861 1370 3918 quo
1396 3854 1645 3903 nostrum
1672 3854 1755 3904 est
1794 3861 2043 3918 quaerere
2088 3843 2225 3917 quid
2265 3842 2521 3910 credere,

513 3930 570 3977 et
589 3925 720 3994 quid
749 3935 934 3985 tenere
961 3931 1242 3989 debemus.
1278 3953 1305 3987 ι
1334 3935 1475 3992 Item
1499 3934 1767 3992 Maximus
1794 3934 1851 3991 in
1881 3932 2115 4006 epistola
2139 3929 2527 3991 Orientalibus
