2850 4517
628 364 847 407 111.·-
886 362 963 405 nn
1006 361 1359 407 remouens
1404 362 1786 419 emmanue,
1832 364 1962 408 mc.
2181 349 2302 411 265

290 497 441 551 nem,
466 480 611 537 sicut
634 478 691 535 in
716 408 1054 551 juramento,
1082 483 1139 534 et
1163 476 1219 533 in
1246 475 1350 534 boc
1371 476 1695 544 confitemur
1723 478 1866 550 quod
1893 477 2069 559 prima
2101 481 2304 536 veritas

290 587 401 628 non
430 575 515 626 est
544 567 647 624 nisi
693 567 748 624 in
795 568 952 623 Deo:
985 567 1039 623 in
1082 563 1187 621 hoc
1234 560 1420 621 autem
1461 565 1522 621 fit
1561 554 1868 621 reverentia
1898 568 2031 622 Deo.
2061 568 2260 625 Unde
2247 585 2302 624 ιιι

294 661 414 731 lege
440 655 774 731 praecipitur‚
803 656 1068 721 Deut.1v,
1096 654 1242 727 quod
1268 670 1373 709 non
1397 655 1635 726 juretur,
1669 653 1772 712 nisi
1801 671 1894 725 per
1923 656 2136 711 Deum:
2169 672 2302 713 con-

291 748 523 806 trarium
553 745 761 803 faciunt
801 744 894 817 qui
926 742 1089 800 aliter
1119 744 1326 813 jurant·
1358 742 1535 798 Exod.
1565 746 1716 799 'xxm
1747 759 1759 796 ι
1790 742 1916 800 Non
1952 744 2171 816 jurabis
2208 762 2305 802 no-

290 837 446 894 mina
472 837 691 901 deorum
717 839 1041 889 exterorum.
1084 830 1153 887 Et
1182 830 1435 905 quamvis
1463 830 1757 905 aliquando
1779 832 1995 904 juretur
2023 850 2118 907 per
2146 850 2307 891 crea-

293 933 468 992 turas,
503 930 687 979 tamen
717 921 998 977 sciendum
1027 916 1174 993 quod
1206 920 1258 974 in
1284 918 1538 993 omnibus
1563 918 1649 975 his
1687 935 1791 975 non
1819 921 2039 991 juratur
2070 922 2174 979 nisi
2212 939 2307 997 per

290 1012 490 1075 Deum.
522 1012 658 1068 Cum
686 1010 830 1066 enim
855 1010 1013 1082 juras
1048 1024 1147 1080 ρει·
1174 1006 1413 1063 animam
1440 1014 1610 1075 tuam,
1651 1005 1737 1065 vel
1769 1016 1932 1081 caput
1959 998 2133 1080 tuum,
2163 1012 2306 1067 idem

294 1108 379 1156 est
405 1100 549 1172 quod
576 1115 699 1155 eam
724 1097 967 1169 obligare
994 1110 1173 1169 poenae
1196 1094 1508 1167 infligendae
1537 1111 1571 1152 a
1598 1095 1735 1151 Deo·
1760 1087 1953 1169 Apost.
1996 1114 2061 1156 ιι.
2089 1100 2214 1155 Cor.
2243 1116 2262 1156 1
2289 1118 2302 1155 ι

299 1188 502 1245 Testem
530 1188 698 1243 Deum
722 1186 901 1253 invoco
932 1184 991 1240 in
1017 1184 1255 1253 animam
1282 1182 1472 1240 meam.
1501 1184 1661 1249 item,
1687 1200 1812 1241 cum
1835 1186 1994 1258 juras
2021 1202 2118 1259 per
2138 1188 2310 1245 Evan-

294 1275 517 1349 gelium,
543 1275 699 1347 juras
734 1289 831 1347 ρει·
858 1273 1035 1328 D'eum
1081 1269 1178 1344 qui
1219 1272 1371 1327 dedit
1408 1271 1784 1342 Evangelium,
1831 1278 1888 1329 et
1925 1273 2050 1331 ideo
2079 1282 2308 1347 peccant

281 1365 389 1437 ‚qui
412 1366 598 1435 jurant
627 1378 725 1436 ρει·
757 1362 931 1417 Deum
955 1360 1028 1415 de
1065 1359 1233 1425 facili,
1265 1369 1362 1416 aut
1397 1376 1496 1433 ρει·
1521 1360 1896 1433 Evangelium.
1927 1363 2177 1420 Secundo
2209 1380 2308 1421 su-

295 1451 467 1505 mitur
492 1449 563 1505 ad
585 1442 1097 1506 sanctificationem.
1119 1446 1436 1517 'Baptismus
1457 1446 1602 1501 enim
1623 1447 1955 1507 sanctificat.
1986 1449 2233 1523 Apostol.
2264 1466 2305 1506 ι.

294 1538 542 1596 Corinth.
569 1553 629 1594 tv
656 1554 673 1594 e
698 1536 800 1592 Sed
817 1534 989 1592 abluti
1005 1535 1148 1599 estis,
1170 1534 1261 1589 sed
1280 1534 1602 1606 sanctificati
1616 1536 1760 1601 estis,
1775 1536 1868 1592 sed
1878 1536 2166 1609 justificati
2184 1538 2311 1597 estis

293 1627 357 1683 in
380 1626 589 1683 nomine
613 1624 837 1683 Domini
875 1623 1049 1680 nostri
1074 1622 1203 1679 Iesu
1232 1622 1461 1682 Christi.
1493 1624 1609 1680 Hoc
1637 1630 1822 1681 autem
1861 1642 1970 1681 non
1999 1625 2164 1684 habet
2191 1628 2310 1685 vir-

294 1723 476 1771 tutem
518 1714 623 1771 nisi
668 1713 726 1771 in
771 1712 1117 1769 invocatione
1144 1711 1454 1767 Trinitatis.
1499 1712 1642 1767 Jere.
1693 1728 1795 1769 xiv
1844 1730 1858 1775 ι
1905 1712 1986 1771 Tn
2033 1704 2210 1771 autem
2250 1706 2312 1771 in
2393 1717 2400 1721 “

294 1803 449 1860 nobis
474 1802 817 1869 es,'Domine,
838 1807 890 1858 et
910 1816 1099 1857 nomen
1124 1806 1363 1856 sanctum
1389 1806 1542 1858 tuum
1570 1800 1870 1858 invocatum
1898 1809 1974 1858 est
2001 1819 2162 1876 super
2189 1821 2307 1860 nos.
2380 1869 2383 1874 ¹

293 1892 506 1957 Tertio,
532 1890 767 1947 sumitur
792 1890 859 1945 ad
886 1888 1189 1947 adversarii
1226 1888 1620 1961 expulsionem,
1655 1889 1796 1945 unde
1821 1897 1948 1945 ante
1974 1889 2307 1963 baptismum

294 1979 719 2039 abrenuntiatur
756 1976 971 2034 diabolo
994 1977 1101 2034 lea.
1126 1992 1205 2033 tv.
1238 1974 1623 2032 Tantummodo
1647 1976 1920 2044 invocetur
1942 1994 2132 2035 nomen
2159 1987 2308 2036 tuum

292 2086 460 2143 super
481 2084 596 2135 nos,
621 2066 778 2139 aufer
805 2054 1149 2139 opprobrium
1170 2071 1434 2121 nostrum.
1467 2065 1534 2120 Et
1566 2064 1688 2121 ideo
1716 2064 1764 2121 si
1789 2065 1934 2121 redis
1959 2066 2028 2123 ad
2059 2076 2306 2142 peccata,

235 2158 244 2164 '
296 2174 497 2214 nomen
531 2156 631 2212 Dei
664 2155 983 2212 sumitur-in
1021 2170 1245 2213 vanum.
1286 2152 1512 2225 Quarto,
1555 2153 1792 2209 sumitur
1821 2154 1888 2214 ad
1918 2156 2164 2227 ejusdem
2209 2172 2308 2213 no·

296 2246 466 2303 minis
488 2244 881 2301 consessionem
904 2246 1099 2315 Apost.
1128 2242 1269 2302 Rom
1296 2257 1339 2299 x
1368 2260 1380 2295 ε
1417 2241 1682 2308 Οιιοιηοάο
1709 2242 2049 2310 invocabunt,
2073 2244 2134 2300 in
2160 2261 2309 2318 quem

294 2350 413 2391 non
451 2332 830 2390 crediderunt?
876 2330 944 2389 Et
992 2330 1193 2386 ite-rum
1226 2347 1240 2385 z
1282 2330 1468 2387 Omnis
1511 2331 1655 2387 enim
1705 2330 2015 2407 quicumque
2044 2332 2308 2390 invocat-it

293 2439 489 2481 nomen
513 2420 750 2488 Domini,
778 2421 956 2477 salvus
978 2418 1105 2475 erit.
1132 2418 1468 2476 confitemur
1494 2425 1681 2477 autem
1708 2421 1886 2494 primo
1909 2437 2004 2479 ore
2031 2422 2101 2479 ad
2129 2422 2310 2485 maui-

294 2510 609 2569 festandum
657 2510 889 2583 gloriam
925 2507 1063 2564 Dei.
1098 2508 1205 2565 Isa.
1249 2523 1399 2566 xum
1442 2526 1458 2565 ε
1493 2508 1679 2565 Omnis
1724 2510 1819 2587 qui
1865 2510 2076 2570 invocat
2121 2500 2304 2569 nomen

294 2616 493 2665 meum,
524 2600 585 2655 in
605 2598 831 2671 oloriam
852 2613 1023 2653 meam
1053 2596 1232 2652 creavi
1258 2612 1418 2664 eum3
1451 2613 1581 2670 ergo
1609 2598 1656 2653 si
1699 2597 1840 2655 dicis
1878 2598 2085 2673 aliquid
2115 2608 2300 2657 contra

294 2688 531 2761 gloriam
556 2687 676 2755 Dei,
716 2686 951 2743 assumis
986 2692 1181 2741 nomen
1219 2685 1319 2740 Dei
1360 2686 1413 2759 in
1454 2700 1676 2741 vanum.
1707 2686 2039 2744 Confitemur
2065 2680 2304 2745 secundo

295 2792 486 2848 opere,
514 2791 641 2833 cum
667 2790 732 2833 ea
759 2789 1049 2847 operamur
1075 2787 1202 2846 quae
1225 2771 1454 2845 gloriam
1480 2773 1579 2829 Dei
1607 2774 1981 2831 manifestant.
2009 2776 2203 2833 Matth.
2228 2792 2299 2832 v:

302 2860 537 2921 Videant
562 2878 726 2934 opera
743 2865 923 2917 vestra
967 2857 1123 2925 bona,
1164 2866 1213 2915 et
1250 2858 1548 2931 glorificent
1584 2866 1798 2932 patrem
1832 2867 2066 2919 vestrum
2108 2863 2202 2934 qui
2243 2863 2304 2920 in

293 2948 439 3005 coelis
452 2954 547 3005 est.
561 2946 905 3004 Contrarium
921 2946 1129 3003 faciunt
1143 2945 1387 3018 quidam,
1404 2945 1682 3017 dequibus
1693 2946 1829 3002 dicit
1842 2948 2034 3019 Apost.
2052 2947 2212 3005 Rom.
2228 2964 2270 3007 ιι
2288 2966 2300 3004 :

293 3036 508 3095 Nomen
535 3035 639 3092 Dei
666 3051 771 3107 per
793 3051 883 3089 vos
910 3034 1301 3105 blewphematm·
1338 3032 1486 3089 inter
1523 3040 1716 3106 yentes.
1758 3033 1977 3106 Quinto,
2010 3038 2305 3095 assumitur

293 3122 368 3177 ad
400 3120 790 3177 defensionem.
811 3119 1069 3179 Proverb.
1092 3132 1245 3175 xvnr
1273 3136 1285 3174 ι
1314 3117 1512 3175 Turris
1537 3118 1838 3191 fortissima
1853 3137 2043 3180 nomen
2065 3123 2302 3192 Domini,

294 3209 369 3265 ad
396 3209 569 3280 ipsam
594 3207 773 3264 currit
791 3208 991 3279 justus,
1017 3214 1075 3263 et·
1095 3206 1442 3265 exaltabitur.
1475 3208 1642 3264 Marci
1667 3208 1788 3266 ulti.
1827 3224 1840 3265 ε
1869 3210 1938 3267 ln
1966 3211 2176 3269 nomine
2191 3229 2302 3270 meo

294 3295 563 3353 doemonia
588 3294 819 3367 ejicient.
844 3300 1080 3351 Actuum
1102 3310 1160 3351 ιν
1188 3312 1201 3350 :
1227 3294 1355 3353 Non
1377 3302 1455 3353 est
1477 3295 1627 3351 alind
1651 3314 1840 3354 nomen
1859 3298 1954 3355 sub
1971 3302 2091 3358 coeio
2117 3302 2300 3359 datum

293 3383 614 3447 hominibus.
641 3382 705 3439 in
730 3391 831 3456 quo
864 3389 1107 3455 oporteat
1132 3399 1228 3440 nos
1250 3385 1420 3466 saluos
1443 3383 1590 3455 fieri.
1614 3386 1797 3453 Sexto,
1824 3388 2059 3445 sumitur
2085 3391 2154 3447 ad
2181 3406 2301 3464 ope·

296 3473 376 3529 ris
397 3470 841 3544 completionem.
871 3474 1063 3545 Apost.
1094 3470 1370 3527 Colossen.
1405 3484 1518 3528 m':
1549 3473 1713 3529 Omne
1739 3475 2092 3548 quodcumque
2117 3477 2304 3548 facitis

294 3561 355 3617 in
384 3560 562 3625 verbo,
600 3565 696 3615 ant
736 3575 912 3631 opere,
936 3558 1119 3615 omnia
1145 3559 1207 3615 in
1233 3559 1444 3615 nomine
1471 3560 1694 3616 Domini
1731 3562 1906 3619 nostri
1930 3562 2057 3620 Iesu
2097 3564 2308 3622 Christi

293 3648 480 3721 facite.
510 3647 653 3703 Psal.
686 3662 873 3703 cxxm
902 3664 915 3701 x
942 3646 1296 3719 Adjutorium
1323 3654 1569 3703 nostrum
1597 3648 1656 3703 in
1697 3650 1910 3706 nomine
1932 3650 2171 3710 Domini.
2197 3652 2304 3710 Sed

294 3738 432 3811 quia
474 3735 770 3809 aliquando
810 3734 1011 3808 aliquis
1047 3730 1339 3791 indiscrete
1390 3734 1602 3809 incipit,
1651 3736 1794 3792 sicut
1838 3739 2040 3794 accidit
2085 3739 2139 3809 iu
2177 3746 2306 3798 voto

292 3825 445 3898 quod
468 3812 581 3880 ιιοιι
608 3824 961 3898 adimpletur,
994 3832 1125 3881 tunc
1159 3820 1328 3879 etiam
1356 3822 1409 3877 in
1439 3837 1639 3880 vanum
1680 3838 1876 3882 nomen
1898 3826 2115 3883 Domini
2143 3844 2306 3887 assu-

290 3914 486 3973 mitur.
516 3912 673 3969 Unde
696 3912 1017 3971 Ecclesiast.
1062 3926 1169 3971 ινι
1202 3908 1264 3968 Si
1282 3910 1415 3986 quid
1447 3908 1641 3992 vovisti
1666 3912 1800 3983 Deo,
1821 3930 1898 3972 -ne
1921 3915 2150 3974 moreris
2173 3922 2304 3979 rede
