2850 4517
672 362 738 407 x.
772 379 851 391 —
878 361 1122 407 comma
1164 358 1446 407 annonas
1489 335 1848 407 eaAEcomm
2147 343 2266 405 463

272 476 477 534 dicatur
498 491 665 535 causa
687 476 831 545 Filii,
861 478 947 535 vel
972 477 1205 552 Spiritus
1236 478 1434 547 sancti,
1461 478 1558 535 sed
1587 477 1764 535 solum
1796 473 2143 551 principium,
2167 473 2258 531 vel

274 572 473 621 auctor.
503 564 571 621 Et
594 565 699 622 hoc
727 572 949 640 propter
974 565 1099 625 tria.
1128 566 1307 625 Primo
1326 565 1571 644 quidem,
1604 557 1735 640 quia
1757 566 1920 623 Pater
1948 580 2055 621 non
2079 568 2266 637 posset

273 652 494 727 intelligi
522 670 688 713 causa
725 654 848 713 Filii
882 672 979 730 per
1022 657 1243 714 modum
1288 671 1472 714 causae
1516 654 1780 722 formalis,
1805 652 1893 711 vel
1943 651 2260 719 materialiS,
2318 709 2326 715 ,

274 742 352 798 vel
375 742 568 811 finalis,
586 745 687 800 sed
710 743 882 800 solum
912 760 1009 818 per
1038 744 1260 802 modum
1282 758 1466 802 causae
1485 742 1831 817 originantis,
1845 758 1972 817 quae
1990 747 2076 799 est
2098 752 2265 797 causa

272 831 520 889 efficiens.
542 834 697 890 Hanc
721 826 906 890 autem
930 849 1145 907 semper
1168 834 1477 891 invenimus
1505 835 1808 891 secundum
1827 831 2123 890 essentiam
2145 842 2267 886 esse

271 919 533 978 diversam
559 920 631 978 ab
651 934 737 989 eo,
765 924 921 994 cujus
946 929 1031 978 est
1064 938 1251 979 causa.
1284 921 1355 979 Et
1397 922 1522 979 ideo
1565 936 1632 978 ne
1661 921 1830 979 Filius
1864 918 2267 992 intelligeretur

271 1024 381 1065 esse
408 1009 637 1065 alterius
672 1011 928 1067 essentiae
964 1026 996 1067 a
1037 1012 1217 1077 Patre,
1256 1027 1362 1067 non
1402 1011 1787 1068 consuevimus
1827 1010 2012 1066 dicere
2051 1008 2268 1063 Patrem

270 1111 381 1153 esse
406 1114 632 1156 causam
657 1097 800 1169 Filii,
832 1100 929 1155 sed
965 1101 1136 1171 magis
1168 1100 1369 1156 utimur
1403 1099 1512 1156 illis
1559 1098 1888 1166 nominibuS,
1919 1110 2044 1171 quae
2091 1092 2270 1165 signi-

270 1183 425 1241 ficant
456 1186 723 1258 originem
760 1202 888 1243 cum
928 1187 1168 1261 quadam
1200 1186 1792 1256 consubstantialitate,
1824 1186 1968 1241 sicut
1999 1182 2140 1248 sons,
2169 1196 2272 1237 ca-

271 1282 378 1350 put,
403 1274 591 1332 atalia
617 1276 947 1348 hujusmodi.
969 1275 1237 1341 Secundo,
1252 1291 1383 1349 quia
1395 1292 1565 1333 causa
1574 1274 1723 1349 apud
1754 1289 1850 1330 nos
1877 1268 2273 1342 correspondet

270 1361 523 1419 effectui·
558 1362 703 1420 unde
727 1364 943 1422 Patrem
970 1380 1076 1421 non
1106 1364 1341 1420 dicimus
1368 1379 1491 1421 esse
1513 1378 1759 1431 causam,
1781 1378 1851 1419 ne
1879 1360 2079 1435 aliquis
2103 1356 2271 1414 intel-

270 1446 395 1521 ligat
416 1451 614 1508 Filium
646 1468 765 1509 esse
792 1452 1019 1510 factum.
1048 1436 1190 1509 Nam
1223 1458 1278 1508 et
1321 1452 1465 1525 apud
1501 1450 1856 1524 philosophos
1889 1449 2066 1522 prima
2098 1460 2271 1503 causa

270 1536 408 1593 Deus
434 1540 795 1600 nominatur.-
825 1557 986 1598 omne
1010 1548 1197 1600 autem
1223 1547 1510 1599 causatum
1535 1540 1641 1597 sub
1669 1538 2028 1622 universitate
2044 1539 2274 1592 creatu·
2376 1548 2380 1552 ·

271 1639 446 1683 rarum
472 1629 955 1702 comprehenditur
982 1630 1127 1703 apud
1153 1645 1267 1695 eoa,
1296 1638 1351 1685 et
1374 1629 1499 1686 ideo
1527 1629 1572 1683 si
1603 1628 1774 1685 Filius
1795 1640 2017 1683 causam
2053 1623 2272 1679 dicatur

268 1712 479 1781 habere,
510 1724 693 1788 posset
741 1715 971 1789 intelligi
1012 1716 1158 1790 quod
1200 1714 1305 1771 sub
1351 1714 1708 1771 universitate
1757 1719 2129 1775 causatorum,
2180 1707 2268 1766 vel

270 1812 641 1862 creaturarum
687 1803 1259 1876 comprehenderetur.
1299 1804 1504 1869 Tertio,
1539 1803 1668 1875 quia
1702 1801 1771 1858 de
1796 1790 2002 1857 divinis
2046 1814 2156 1855 non
2198 1795 2268 1853 de

269 1890 411 1948 sacili
454 1892 620 1949 debet
665 1891 829 1948 homo
869 1891 1030 1949 aliter
1072 1891 1241 1964 loqui,
1274 1906 1444 1964 quam
1479 1905 1634 1947 sacra
1676 1884 1958 1963 Scriptura
1990 1887 2271 1960 loquatur.

266 1978 546 2051 Scriptura
570 1972 943 2038 autem‘sacra
971 1981 1188 2037 Patrem
1218 1978 1464 2036 nominat
1494 1978 1823 2050 principium
1852 1976 1998 2044 Filii,
2027 1980 2088 2031 ut
2118 1978 2272 2046 patet

265 2066 457 2124 Joann.
490 2070 666 2141 primo
693 2085 816 2143 cap.
848 2069 957 2127 :In
978 2067 1254 2143 principio
1294 2074 1415 2125 erat
1461 2066 1710 2126 Verbum.
1742 2066 2035 2138 Nunquam
2084 2070 2272 2120 autem

268 2154 399 2213 dicit
419 2158 638 2214 Patrem
668 2174 788 2215 esse
812 2173 1055 2225 causam,
1089 2156 1173 2214 vel
1198 2156 1394 2213 Filium
1418 2164 1727 2214 causatum.
1752 2154 1908 2213 Unde
1936 2168 2061 2210 cum
2101 2166 2271 2209 causa

267 2242 387 2315 plus
439 2245 589 2302 dicat
630 2262 796 2320 quam
838 2246 1185 2320 principium,
1236 2261 1343 2302 non
1392 2246 1774 2319 praesumimus
1815 2249 2029 2316 patrem
2083 2240 2274 2297 dicere

268 2346 508 2401 causam,
531 2350 633 2392 nec
662 2334 831 2391 filium
856 2344 1163 2393 causatum.
1185 2326 1345 2391 Nihil
1363 2342 1547 2391 autem
1576 2333 1644 2391 ad
1671 2333 1935 2405 originem
1966 2329 2266 2403 pertinens,

269 2435 301 2476 a
327 2421 439 2477 Deo
474 2422 690 2496 proprie
728 2422 931 2480 dicitur
974 2424 1031 2480 in
1073 2424 1295 2493 divinis,
1326 2424 1472 2480 sicut
1518 2418 1622 2479 hoc
1668 2416 1884 2487 nomen,
1915 2418 2270 2501 principium,

270 2507 405 2577 Quia
430 2512 575 2567 enim
598 2527 663 2568 ea
691 2528 817 2585 quae
848 2520 979 2569 sunt
1018 2512 1076 2570 in
1104 2513 1237 2579 Deo,
1263 2511 1834 2586 incomprehensibilia
1867 2515 2017 2577 sunt,
2047 2498 2103 2564 et
2130 2506 2276 2563 defi-

270 2596 368 2653 niri
394 2616 425 2655 a
458 2599 612 2655 nobis
651 2616 756 2655 uon
787 2602 1021 2674 possint,
1044 2602 1460 2658 convenientius
1489 2601 1694 2658 utimur
1725 2601 1781 2657 in
1824 2600 1938 2654 Deo
1962 2594 2274 2653 nominibus

268 2686 646 2744 communibus
668 2702 834 2759 quam
864 2688 1117 2761 propriis,
1145 2696 1368 2760 propter
1397 2687 1543 2761 quod
1575 2688 1810 2744 maxime
1851 2678 2134 2757 proprium
2171 2699 2277 2741 no-

270 2790 395 2832 men·
418 2776 539 2849 ejus
566 2774 771 2832 dicitur
792 2790 914 2833 esse
942 2775 1036 2849 qui
1062 2781 1165 2842 est,
1188 2774 1338 2848 quod
1370 2780 1457 2831 est
1481 2772 2005 2838 communissimum,
2037 2779 2096 2827 ut
2121 2776 2274 2845 patet

268 2862 399 2920 Exo.
429 2880 519 2923 111.
546 2863 699 2921 Sicut
735 2862 881 2920 enim
918 2878 1084 2921 causa
1116 2871 1201 2920 est
1233 2862 1597 2929 communius,
1623 2877 1790 2937 quam
1815 2861 2165 2922 elementum,
2196 2859 2276 2915 ita

272 2959 325 3008 et
364 2951 693 3026 principium
734 2967 899 3025 quam
945 2967 1133 3009 causa.
1178 2952 1392 3008 Dicitur
1437 2952 1584 3008 enim
1629 2958 1895 3025 punctum
1944 2938 2274 3023 principium

273 3039 446 3119 lineae.
473 3041 571 3099 sed
599 3056 707 3098 non
735 3056 923 3107 causa,
950 3048 1007 3098 et
1055 3040 1177 3098 ideo
1216 3038 1730 3098 convenientissime
1768 3037 1983 3100 nomine
2017 3032 2272 3109 principii

274 3130 477 3186 utimur
498 3146 553 3187 ιιι
583 3130 804 3186 divinis.
815 3130 946 3187 Ne‘c
971 3127 1704 3201 tamenintelligendumest,
1737 3127 1884 3201 quod
1923 3124 2102 3183 sancti
2127 3139 2279 3197 prae-

273 3216 401 3275 dicti
441 3218 536 3293 qui
573 3216 793 3277 nomine
822 3234 1007 3277 causae
1034 3224 1090 3274 et
1130 3217 1343 3275 causati
1389 3222 1621 3273 utuntur
1665 3215 1721 3276 in
1765 3214 1968 3273 divinis
1999 3211 2268 3287 personis,

273 3304 556 3365 intendant
584 3306 961 3365 diversitatem
999 3314 1213 3367 naturae
1253 3306 1530 3375 inducere,
1557 3310 1654 3363 aut
1690 3292 1862 3363 filium
1895 3319 2023 3389 esse·
2048 3310 2278 3359 creatu-

272 3407 409 3450 ram.
438 3393 544 3453 Sed
568 3408 667 3470 per
703 3392 809 3451 hoc
835 3392 1025 3452 volunt
1060 3394 1348 3452 ostendere
1372 3393 1546 3451 solam
1587 3392 1851 3465 originem
1893 3380 2274 3465 personarum,

274 3482 411 3539 sicut
440 3498 541 3540 nos
575 3482 793 3539 nomine
822 3481 1096 3559 principii.
1124 3481 1283 3543 Unde
1316 3482 1455 3542 dicit
1467 3478 1712 3556 Gregor.
1741 3482 2036 3555 Nysenus:
2070 3498 2097 3527 α
2125 3478 2279 3534 Cau-

276 3583 388 3626 sam
412 3580 597 3629 autem
624 3570 1019 3643 causatumque
1046 3570 1311 3637 dicentes,
1344 3587 1452 3627 non
1485 3578 1737 3629 naturam
1777 3585 1872 3643 per
1899 3567 2018 3626 haec
2053 3558 2275 3623 nomina
2348 3639 2354 3644 ᾖ

276 3658 659 3729 significamus.
696 3679 723 3713 n
754 3660 943 3735 Neque
985 3657 1129 3716 enim
1171 3659 1293 3717 haec
1328 3660 1548 3718 nomina
1587 3660 1706 3717 loco
1747 3658 2020 3724 essentiae,
2049 3653 2135 3713 vel
2165 3670 2276 3712 na-

278 3754 413 3807 turae
440 3749 652 3806 ratione
688 3750 902 3815 damus,
928 3747 1025 3805 sed
1062 3746 1299 3822 qualiter
1343 3748 1486 3807 inter
1527 3764 1589 3807 se
1629 3747 1832 3806 habent
1877 3744 2266 3816 differentiam,

277 3836 730 3912 demonstramus,
759 3846 819 3895 ut
846 3836 1065 3896 scilicet⁴
1095 3837 1265 3894 filium
1308 3853 1412 3894 non
1453 3836 1756 3910 ingenitum
1802 3852 1942 3901 esse,
1970 3850 2147 3908 neque
2173 3848 2278 3906 pa-

281 3928 417 3983 trem
458 3940 554 4011 per
586 3924 991 4001 generationem
1034 3925 1275 4001 aliquam>
1314 3926 1750 3989 demonstramus
1791 3923 1863 3981 ab
1903 3924 2107 3999 aliquo.
2135 3920 2276 3983 Item
