2850 4517
791 401 861 444 x.
891 416 972 430 —
997 401 1238 444 con-rna
1277 401 1559 446 nnnonns
1600 402 1959 446 cnfflconuu
2254 385 2371 445 507

375 517 583 573 directa
607 515 742 573 dicit
773 533 788 571 z
821 535 849 570 α
879 515 1082 573 Omnes
1109 515 1245 572 fines
1285 515 1441 575 orbis,
1470 515 1565 590 qui
1592 515 1872 573 dominum
1905 516 2119 572 sincere
2144 531 2372 588 recepe-

267 645 282 656 .
374 612 520 671 runt,
550 611 606 661 et
647 605 849 677 ubique
896 612 1170 660 terrarum
1207 605 1463 662 catholici
1508 621 1693 662 veram
1732 606 1895 660 fldem
1926 605 2273 661 ,confitentes
2318 605 2375 659 in
2416 635 2422 640 ·

374 688 666 751 ecclesiam
689 695 1061 752 Romanorum
1105 700 1370 766 tanquam
1404 693 1460 749 in
1506 693 1677 749 solem
1718 693 2035 766 respiciunt,
2068 702 2125 750 et
2165 710 2232 750 ex
2254 694 2395 765 ipsa·

375 783 556 839 lumen
579 783 866 840 catholicae
892 789 949 838 et
977 782 1292 856 apostolicas
1318 783 1445 847 fidei
1471 783 1761 856 recipiunt,
1782 799 1881 839 nec
1908 783 2206 838 immerito.
2234 783 2375 838 Nam

375 873 566 929 Petrus
591 871 788 943 legitur
808 872 984 944 primo
1007 871 1306 944 perfectam
1327 871 1493 926 fidem
1515 887 1637 949 esse
1654 860 1952 938 confessus,
1972 871 2193 928 domino
2212 886 2373 926 reve-

375 960 542 1028 lante,
573 975 700 1016 cum
722 959 864 1016 dixit
888 959 1082 1017 Matth.
1114 975 1216 1015 xvt
1243 975 1256 1014 :
1297 959 1378 1016 Tu
1403 976 1457 1015 es
1486 959 1731 1017 Christus
1757 959 1903 1032 filius
1926 959 2029 1016 Dei
2056 959 2189 1016 vivi.
2219 958 2372 1016 Unde

374 1055 432 1105 et
458 1047 606 1105 idem
628 1049 880 1105 dominus
907 1047 1044 1105 dicit
1071 1065 1088 1104 z
1112 1049 1231 1120 qu
1256 1064 1362 1120 pro
1404 1055 1455 1104 te
1483 1049 1689 1122 rogavi,
1716 1049 1894 1115 Petra,
1916 1055 1979 1104 ut
2016 1065 2123 1105 non
2164 1047 2371 1120 deficiat

377 1138 504 1210 fides
531 1145 646 1195 tua.
677 1157 704 1191 n

445 1228 604 1284 Patet
647 1227 835 1290 etiam,
867 1226 1014 1299 quod
1061 1227 1178 1298 ipse
1222 1226 1549 1300 patriarchis
1589 1225 1850 1300 praelatus
1894 1227 2114 1293 existat,
2156 1242 2225 1282 ex
2271 1225 2371 1280 hoc
2454 1231 2463 1240 ·

377 1316 523 1390 quod
551 1315 786 1389 Cyrillus
808 1315 965 1381 dicit,
993 1316 1141 1388 quod
1171 1316 1360 1389 ipsiuS,
1379 1315 1591 1372 scilicet
1622 1315 1907 1389 apostolici
1958 1315 2135 1371 throni
2164 1315 2373 1372 Roma-

377 1419 570 1461 norum
613 1403 954 1472 Pontificum,
987 1402 1156 1460 solius
1199 1412 1284 1460 est
1330 1403 1747 1478 reprehendere,
1778 1403 2070 1474 corrigere,
2109 1407 2371 1468 statuere,

377 1491 606 1559 solvere,
635 1492 939 1565 disponere,
969 1498 1026 1549 et
1065 1492 1184 1549 loco
1224 1491 1370 1549 illius
1410 1492 1583 1564 ligare
1621 1492 1719 1566 qui
1765 1491 1944 1565 ipsum
1964 1490 2283 1548 aedificavit.
2308 1489 2377 1544 Et

378 1579 570 1653 Chrys.
609 1595 774 1654 super
819 1584 943 1638 Act.
985 1581 1388 1654 Apostolorum,
1432 1579 1569 1636 dicit
1614 1580 1759 1652 quod
1812 1581 2006 1636 Petrus
2054 1587 2137 1638 est
2188 1583 2375 1634 vertex

377 1670 756 1726 sanctissimus
805 1669 954 1724 beati
997 1667 1278 1739 apostolici
1325 1667 1526 1734 throni,
1556 1673 1745 1739 pastor
1790 1667 1983 1722 bonus.
2031 1667 2169 1722 Item
2210 1667 2375 1722 etiam

379 1755 484 1810 hoc
513 1759 665 1828 patet
683 1769 752 1808 ex
776 1754 1106 1810 auctoritate
1134 1753 1352 1808 Domini
1371 1753 1625 1820 dicentiS,
1644 1752 1775 1808 Luc.
1806 1767 1966 1808 xxu:
1986 1751 2067 1808 Tu
2092 1751 2375 1824 aliquando

381 1859 682 1908 conversus,
708 1841 968 1912 confirma
993 1841 1198 1914 fratres
1228 1849 1361 1898 tuos.

449 1931 769 1988 Ostenditur
789 1933 976 1998 etiam,
1009 1932 1152 2005 quod
1183 1931 1404 1987 subesse
1427 1931 1674 1988 Romano
1699 1927 1970 2002 Pontifici,
1988 1927 2063 1984 sit
2082 1928 2153 1984 de
2181 1943 2375 1984 neces-

378 2019 542 2076 sitate
569 2019 941 2076 salutiS.Dicit
969 2021 1116 2076 enim
1143 2018 1379 2094 Cyrillus
1400 2019 1461 2074 in
1486 2017 1623 2074 libro
1649 2017 2085 2074 Thesaurorum:
2112 2035 2139 2070 α
2157 2018 2372 2088 ltaque,

379 2107 596 2174 fratreS,
627 2109 673 2164 si
703 2108 978 2165 Christum
1002 2109 1303 2174 imitamur,
1327 2113 1390 2163 ut
1421 2107 1594 2180 ipsius
1620 2122 1750 2163 oves
1786 2121 1977 2161 vocem
2024 2105 2145 2178 ejus
2180 2105 2376 2161 audia-

381 2213 520 2262 mus,
548 2203 830 2254 manentes
858 2198 912 2252 in
931 2197 1175 2254 Ecclesia
1201 2197 1369 2264 Petri,
1394 2205 1453 2252 et
1481 2212 1587 2252 non
1615 2194 1868 2251 inflemur
1891 2200 2055 2250 vento
2083 2193 2371 2266 superbiae,

381 2301 448 2340 ne
475 2285 616 2342 forte
643 2291 923 2344 tortuosus
946 2303 1170 2360 serpens
1199 2295 1421 2360 propter
1448 2291 1693 2342 nostram
1716 2285 2122 2341 contentionem
2146 2298 2244 2340 nos
2272 2283 2377 2354 eji-

379 2373 510 2440 ciat,
536 2383 598 2430 ut
621 2375 792 2432 Evam
821 2375 952 2432 olim
979 2377 1047 2432 de
1077 2375 1352 2448 paradiso.
1386 2395 1414 2428 1>
1444 2375 1512 2431 Et
1540 2375 1807 2432 Maximus
1837 2375 1891 2428 in
1910 2370 2154 2445 Epistola
2176 2371 2377 2427 Orien-

382 2461 580 2518 talibus
608 2463 819 2521 directa
847 2464 983 2521 dicit
1015 2481 1030 2520 ι
1063 2484 1090 2517 α
1117 2464 1512 2530 coadunatam,
1540 2470 1597 2519 et
1632 2463 1917 2519 fundatam
1962 2475 2126 2533 super
2165 2465 2377 2534 petram

379 2549 734 2605 confessionis
762 2553 908 2607 Petri
933 2551 1168 2608 dicimus
1192 2552 1557 2608 universalem
1574 2551 1895 2617 Ecclesiam,
1916 2547 2213 2604 secundum
2239 2547 2379 2602 defi-

369 2636 638 2708 nitionem
663 2636 964 2694 Salvatoris
990 2639 1043 2692 in
1063 2655 1172 2711 qua
1193 2640 1501 2694 necessario
1523 2639 1716 2694 salutis
1740 2639 2046 2694 animarum
2068 2642 2376 2692 nostrarum

305 2784 309 2788 ,
378 2734 461 2783 est
490 2712 796 2794 remanere,
824 2733 880 2781 et
905 2725 957 2781 ei
983 2732 1069 2781 est
1097 2725 1338 2793 obedire,
1371 2741 1529 2782 suam
1552 2729 1835 2782 servantes
1862 2723 2027 2779 fidem
2058 2729 2118 2778 et
2160 2723 2378 2780 confes-

378 2814 608 2869 sionem.
639 2831 667 2865 n

445 2903 599 2959 Sicut
628 2909 812 2958 autem
841 2901 1091 2973 praedicti
1119 2906 1366 2957 errantes
1393 2907 1588 2958 contra
1634 2901 1902 2957 unitatem
1944 2899 2189 2973 corporis
2223 2917 2377 2973 mys-

381 2992 477 3048 tici
503 2998 754 3064 peccant,
779 2991 1011 3049 Romani
1038 2991 1318 3048 Pontificis
1343 2997 1674 3064 potestatem
1695 2991 1993 3065 plenariam
2021 2989 2374 3060 abnegantes,

377 3081 459 3137 sic
486 3090 678 3137 contra
702 3079 1000 3154 puritatem
1024 3080 1166 3136 sacri
1209 3082 1453 3153 corporis
1500 3079 1701 3137 Christi
1744 3080 2084 3152 delinquunt,
2108 3078 2373 3145 dicenteS,

345 3165 350 3168 ’
377 3186 451 3226 ex
470 3185 661 3243 azymo
685 3185 824 3240 pane
849 3184 1046 3242 corpus
1069 3169 1269 3226 Christi
1291 3170 1600 3225 consecrari
1631 3184 1735 3223 non
1763 3183 1939 3239 posse,
1964 3167 2105 3240 quod
2132 3166 2191 3222 in
2215 3167 2377 3225 Grae-

377 3274 568 3316 corum
595 3259 882 3314 doctorum
918 3258 1340 3314 auctoritatibus
1379 3257 1736 3330 improbatur.
1765 3257 1915 3313 Dicit-
1956 3258 2100 3312 enim
2142 3256 2372 3329 Chryso.

379 3362 543 3420 super
569 3346 700 3401 illud
725 3346 1000 3418 Evangelii
1021 3364 1033 3401 ε
1054 3347 1248 3404 Prima
1270 3347 1357 3404 die
1378 3363 1688 3418 azymorum
1705 3362 1725 3403 .·
1756 3365 1781 3398 α
1806 3347 2042 3402 Primam
2066 3345 2213 3401 diem
2241 3343 2376 3400 dicit

377 3437 524 3492 diem
551 3435 720 3504 lovis,
748 3434 804 3491 in
832 3450 940 3508 quo
969 3434 1467 3507 incipiebant‘legis
1494 3434 1733 3491 cultores
1759 3433 1962 3507 pascha
1986 3433 2282 3499 celebrare,
2314 3431 2372 3488 id
2469 3481 2473 3485 ⁴

378 3533 482 3592 est,
502 3539 695 3598 azyma
723 3523 1026 3590 comedere,
1047 3523 1192 3578 omni
1209 3523 1432 3595 expulso
1452 3523 1737 3579 fermento.
1761 3523 2023 3578 Dominus
2050 3517 2181 3593 ergo
2204 3521 2377 3576 mittit

379 3612 677 3686 discipulos
698 3611 787 3667 die
810 3612 977 3678 lovis,
1006 3627 1170 3684 quam
1195 3611 1330 3668 dicit
1359 3613 1693 3684 evangelista
1719 3613 1949 3685 primam
1975 3611 2121 3667 diem
2150 3625 2378 3685 azymo-

381 3719 499 3758 rum
526 3702 580 3756 in
611 3717 719 3774 qua
745 3701 812 3756 ad
845 3715 1099 3773 vesperas
1135 3699 1385 3757 Salvator
1416 3701 1658 3757 comedit
1698 3701 1900 3774 pascha
1931 3717 1945 3755 ε
1974 3701 2029 3755 in
2069 3715 2179 3773 quo
2230 3699 2376 3754 facto

381 3791 544 3846 etiam
577 3806 674 3862 per
705 3789 885 3845 omnia
915 3789 1256 3862 apertissime
1287 3789 1685 3846 demonstravit
1726 3806 1756 3845 a
1802 3785 2065 3862 principio
2098 3799 2226 3845 ‘suae
2262 3788 2377 3843 cir-

380 3877 676 3932 cumsionis
701 3893 874 3948 usque
904 3877 973 3932 ad
1002 3885 1305 3932 extremum
1333 3876 1480 3932 diem
1504 3876 1739 3949 paschae,
1775 3875 1919 3948 quod
1949 3891 2055 3932 non
2094 3881 2213 3930 erat
2240 3891 2378 3930 con·

363 3964 584 4023 'trarius
606 3965 916 4022 divinarum
945 3965 1144 4037 legum.
1180 3983 1206 4020 »
1245 3965 1404 4022 Patet
1447 3973 1651 4035 autem,
1680 3964 1827 4038 quod
1862 3969 2009 4020 esset
2042 3963 2375 4032 contrarius,
