<?xml version="1.0" encoding="UTF-8"?>
<!DOCTYPE html PUBLIC "-//W3C//DTD XHTML 1.0 Transitional//EN"
    "http://www.w3.org/TR/xhtml1/DTD/xhtml1-transitional.dtd">
<html xmlns="http://www.w3.org/1999/xhtml" xml:lang="en" lang="en">
 <head>
  <title>
</title>
<meta http-equiv="Content-Type" content="text/html;charset=utf-8" />
  <meta name='ocr-system' content='tesseract 3.04.00' />
  <meta name='ocr-capabilities' content='ocr_page ocr_carea ocr_par ocr_line ocrx_word'/>
</head>
<body>
  <div class='ocr_page' id='page_1' title='image "./sthomaquinatisd02thomgoog_0255.png"; bbox 0 0 2850 4517; ppageno 0'>
   <div class='ocr_carea' id='block_1_1' title="bbox 739 334 2338 407">
    <p class='ocr_par' dir='ltr' id='par_1_1' title="bbox 739 334 2338 407">
     <span class='ocr_line' id='line_1_1' title="bbox 739 334 2338 407; baseline 0.009 -24"><span class='ocrx_word' id='word_1_1' title='bbox 739 338 808 383; x_wconf 87' lang='lat'><strong>11.</strong></span> <span class='ocrx_word' id='word_1_2' title='bbox 852 354 935 367; x_wconf 94' lang='lat'><strong>—</strong></span> <span class='ocrx_word' id='word_1_3' title='bbox 972 338 1354 385; x_wconf 64' lang='lat' dir='ltr'><strong>nucum-1⁸10</strong></span> <span class='ocrx_word' id='word_1_4' title='bbox 1395 342 1637 386; x_wconf 53' lang='lat' dir='ltr'><strong>comas</strong></span> <span class='ocrx_word' id='word_1_5' title='bbox 1677 343 1932 407; x_wconf 73' lang='lat' dir='ltr'><strong>eaAEeos</strong></span> <span class='ocrx_word' id='word_1_6' title='bbox 2221 334 2338 399; x_wconf 85' lang='lat'><strong>241</strong></span> 
     </span>
    </p>
   </div>
   <div class='ocr_carea' id='block_1_2' title="bbox 325 449 2342 1330">
    <p class='ocr_par' dir='ltr' id='par_1_2' title="bbox 325 449 2342 1330">
     <span class='ocr_line' id='line_1_2' title="bbox 328 449 2339 539; baseline 0.002 -22"><span class='ocrx_word' id='word_1_7' title='bbox 328 457 727 517; x_wconf 79' lang='lat' dir='ltr'><strong>habitationem</strong></span> <span class='ocrx_word' id='word_1_8' title='bbox 758 454 1060 523; x_wconf 84' lang='lat' dir='ltr'><strong>eoelestem‚</strong></span> <span class='ocrx_word' id='word_1_9' title='bbox 1090 449 1191 529; x_wconf 81' lang='lat' dir='ltr'><strong>per</strong></span> <span class='ocrx_word' id='word_1_10' title='bbox 1216 455 1362 530; x_wconf 90' lang='lat' dir='ltr'><strong>quod</strong></span> <span class='ocrx_word' id='word_1_11' title='bbox 1386 458 1556 515; x_wconf 86' lang='lat' dir='ltr'><strong>etiam</strong></span> <span class='ocrx_word' id='word_1_12' title='bbox 1586 458 1803 516; x_wconf 84' lang='lat' dir='ltr'><strong>videtur</strong></span> <span class='ocrx_word' id='word_1_13' title='bbox 1840 460 2163 535; x_wconf 81' lang='lat' dir='ltr'><strong>intelligere,</strong></span> <span class='ocrx_word' id='word_1_14' title='bbox 2195 464 2339 539; x_wconf 89' lang='lat' dir='ltr'><strong>quod</strong></span> 
     </span>
     <span class='ocr_line' id='line_1_3' title="bbox 326 543 2342 626; baseline 0.002 -21"><span class='ocrx_word' id='word_1_15' title='bbox 326 549 425 605; x_wconf 89' lang='lat' dir='ltr'><strong>illa</strong></span> <span class='ocrx_word' id='word_1_16' title='bbox 478 547 675 604; x_wconf 89' lang='lat' dir='ltr'><strong>domus</strong></span> <span class='ocrx_word' id='word_1_17' title='bbox 716 543 979 611; x_wconf 88' lang='lat' dir='ltr'><strong>coelestis‚</strong></span> <span class='ocrx_word' id='word_1_18' title='bbox 1019 559 1187 618; x_wconf 90' lang='lat' dir='ltr'><strong>quam</strong></span> <span class='ocrx_word' id='word_1_19' title='bbox 1232 560 1398 619; x_wconf 87' lang='lat' dir='ltr'><strong>supra</strong></span> <span class='ocrx_word' id='word_1_20' title='bbox 1448 545 1684 616; x_wconf 88' lang='lat' dir='ltr'><strong>dixerat,</strong></span> <span class='ocrx_word' id='word_1_21' title='bbox 1740 564 1845 605; x_wconf 89' lang='lat' dir='ltr'><strong>non</strong></span> <span class='ocrx_word' id='word_1_22' title='bbox 1888 558 1973 607; x_wconf 90' lang='lat' dir='ltr'><strong>est</strong></span> <span class='ocrx_word' id='word_1_23' title='bbox 2019 551 2228 626; x_wconf 89' lang='lat' dir='ltr'><strong>aliquid</strong></span> <span class='ocrx_word' id='word_1_24' title='bbox 2273 555 2342 609; x_wconf 91' lang='lat' dir='ltr'><strong>ab</strong></span> 
     </span>
     <span class='ocr_line' id='line_1_4' title="bbox 325 631 2340 707; baseline 0.002 -13"><span class='ocrx_word' id='word_1_25' title='bbox 325 637 549 694; x_wconf 89' lang='lat' dir='ltr'><strong>homine</strong></span> <span class='ocrx_word' id='word_1_26' title='bbox 570 641 909 707; x_wconf 79' lang='lat' dir='ltr'><strong>separatum,</strong></span> <span class='ocrx_word' id='word_1_27' title='bbox 940 632 1038 689; x_wconf 86' lang='lat' dir='ltr'><strong>sed</strong></span> <span class='ocrx_word' id='word_1_28' title='bbox 1077 631 1286 705; x_wconf 87' lang='lat' dir='ltr'><strong>aliquid</strong></span> <span class='ocrx_word' id='word_1_29' title='bbox 1318 631 1528 689; x_wconf 88' lang='lat' dir='ltr'><strong>homini</strong></span> <span class='ocrx_word' id='word_1_30' title='bbox 1558 635 1856 695; x_wconf 79' lang='lat' dir='ltr'><strong>inbaerens.</strong></span> <span class='ocrx_word' id='word_1_31' title='bbox 1873 640 1992 696; x_wconf 90' lang='lat' dir='ltr'><strong>Non</strong></span> <span class='ocrx_word' id='word_1_32' title='bbox 2024 642 2169 697; x_wconf 90' lang='lat' dir='ltr'><strong>enim</strong></span> <span class='ocrx_word' id='word_1_33' title='bbox 2197 643 2340 701; x_wconf 87' lang='lat' dir='ltr'><strong>dici-</strong></span> 
     </span>
     <span class='ocr_line' id='line_1_5' title="bbox 328 720 2342 804; baseline 0.002 -21"><span class='ocrx_word' id='word_1_34' title='bbox 328 736 421 784; x_wconf 91' lang='lat' dir='ltr'><strong>tur</strong></span> <span class='ocrx_word' id='word_1_35' title='bbox 450 726 610 781; x_wconf 92' lang='lat' dir='ltr'><strong>homo</strong></span> <span class='ocrx_word' id='word_1_36' title='bbox 650 721 877 779; x_wconf 90' lang='lat' dir='ltr'><strong>induere</strong></span> <span class='ocrx_word' id='word_1_37' title='bbox 911 720 1153 789; x_wconf 86' lang='lat' dir='ltr'><strong>domum,</strong></span> <span class='ocrx_word' id='word_1_38' title='bbox 1189 721 1284 777; x_wconf 88' lang='lat' dir='ltr'><strong>sed</strong></span> <span class='ocrx_word' id='word_1_39' title='bbox 1331 723 1740 793; x_wconf 90' lang='lat' dir='ltr'><strong>vestimentum,</strong></span> <span class='ocrx_word' id='word_1_40' title='bbox 1768 727 1866 782; x_wconf 86' lang='lat' dir='ltr'><strong>sed</strong></span> <span class='ocrx_word' id='word_1_41' title='bbox 1913 728 2114 785; x_wconf 83' lang='lat' dir='ltr'><strong>dicitur</strong></span> <span class='ocrx_word' id='word_1_42' title='bbox 2142 730 2342 804; x_wconf 84' lang='lat' dir='ltr'><strong>aliquis</strong></span> 
     </span>
     <span class='ocr_line' id='line_1_6' title="bbox 326 809 2342 893; baseline 0.002 -22"><span class='ocrx_word' id='word_1_43' title='bbox 326 815 639 871; x_wconf 88' lang='lat' dir='ltr'><strong>inhabitare</strong></span> <span class='ocrx_word' id='word_1_44' title='bbox 674 811 921 867; x_wconf 90' lang='lat' dir='ltr'><strong>domum.</strong></span> <span class='ocrx_word' id='word_1_45' title='bbox 954 810 1091 866; x_wconf 87' lang='lat' dir='ltr'><strong>Cum</strong></span> <span class='ocrx_word' id='word_1_46' title='bbox 1130 826 1261 882; x_wconf 85' lang='lat' dir='ltr'><strong>ergo</strong></span> <span class='ocrx_word' id='word_1_47' title='bbox 1300 809 1418 867; x_wconf 84' lang='lat' dir='ltr'><strong>haee</strong></span> <span class='ocrx_word' id='word_1_48' title='bbox 1447 812 1554 867; x_wconf 92' lang='lat' dir='ltr'><strong>duo</strong></span> <span class='ocrx_word' id='word_1_49' title='bbox 1583 815 1864 886; x_wconf 82' lang='lat' dir='ltr'><strong>conjungit</strong></span> <span class='ocrx_word' id='word_1_50' title='bbox 1905 816 2112 886; x_wconf 83' lang='lat' dir='ltr'><strong>dicens,</strong></span> <span class='ocrx_word' id='word_1_51' title='bbox 2144 836 2342 893; x_wconf 89' lang='lat' dir='ltr'><strong>super-</strong></span> 
     </span>
     <span class='ocr_line' id='line_1_7' title="bbox 329 898 2340 977; baseline 0.003 -17"><span class='ocrx_word' id='word_1_52' title='bbox 329 904 483 961; x_wconf 82' lang='lat' dir='ltr'>indui</span> <span class='ocrx_word' id='word_1_53' title='bbox 512 900 927 966; x_wconf 76' lang='lat' dir='ltr'><strong>habitationem,</strong></span> <span class='ocrx_word' id='word_1_54' title='bbox 957 898 1198 955; x_wconf 83' lang='lat' dir='ltr'><strong>ostendit</strong></span> <span class='ocrx_word' id='word_1_55' title='bbox 1240 900 1386 972; x_wconf 89' lang='lat' dir='ltr'><strong>quod</strong></span> <span class='ocrx_word' id='word_1_56' title='bbox 1436 900 1491 956; x_wconf 90' lang='lat' dir='ltr'><strong>id</strong></span> <span class='ocrx_word' id='word_1_57' title='bbox 1520 902 1666 974; x_wconf 89' lang='lat' dir='ltr'><strong>quod</strong></span> <span class='ocrx_word' id='word_1_58' title='bbox 1708 912 1793 959; x_wconf 89' lang='lat' dir='ltr'><strong>est</strong></span> <span class='ocrx_word' id='word_1_59' title='bbox 1835 905 2010 977; x_wconf 91' lang='lat' dir='ltr'><strong>primo</strong></span> <span class='ocrx_word' id='word_1_60' title='bbox 2056 908 2340 970; x_wconf 77' lang='lat' dir='ltr'><strong>desidera-¹</strong></span> 
     </span>
     <span class='ocr_line' id='line_1_8' title="bbox 328 987 2341 1066; baseline 0.002 -17"><span class='ocrx_word' id='word_1_61' title='bbox 328 998 468 1059; x_wconf 85' lang='lat' dir='ltr'><strong>tum,</strong></span> <span class='ocrx_word' id='word_1_62' title='bbox 495 996 579 1047; x_wconf 81' lang='lat' dir='ltr'><strong>est</strong></span> <span class='ocrx_word' id='word_1_63' title='bbox 608 988 817 1063; x_wconf 90' lang='lat' dir='ltr'><strong>aliquid</strong></span> <span class='ocrx_word' id='word_1_64' title='bbox 840 987 1132 1055; x_wconf 85' lang='lat' dir='ltr'><strong>inhaereus,</strong></span> <span class='ocrx_word' id='word_1_65' title='bbox 1160 988 1291 1060; x_wconf 85' lang='lat' dir='ltr'><strong>quia</strong></span> <span class='ocrx_word' id='word_1_66' title='bbox 1326 987 1592 1058; x_wconf 76' lang='lat' dir='ltr'><strong>induitur,</strong></span> <span class='ocrx_word' id='word_1_67' title='bbox 1623 998 1680 1047; x_wconf 86' lang='lat' dir='ltr'><strong>et</strong></span> <span class='ocrx_word' id='word_1_68' title='bbox 1707 990 1792 1047; x_wconf 83' lang='lat' dir='ltr'><strong>est</strong></span> <span class='ocrx_word' id='word_1_69' title='bbox 1817 994 2024 1066; x_wconf 89' lang='lat' dir='ltr'><strong>aliquid</strong></span> <span class='ocrx_word' id='word_1_70' title='bbox 2054 998 2341 1054; x_wconf 82' lang='lat' dir='ltr'><strong>continens</strong></span> 
     </span>
     <span class='ocr_line' id='line_1_9' title="bbox 327 1076 2336 1155; baseline 0.002 -17"><span class='ocrx_word' id='word_1_71' title='bbox 327 1087 386 1153; x_wconf 88' lang='lat' dir='ltr'><strong>et</strong></span> <span class='ocrx_word' id='word_1_72' title='bbox 411 1080 697 1145; x_wconf 75' lang='lat' dir='ltr'><strong>exceden3‚</strong></span> <span class='ocrx_word' id='word_1_73' title='bbox 726 1077 859 1151; x_wconf 87' lang='lat' dir='ltr'><strong>quia</strong></span> <span class='ocrx_word' id='word_1_74' title='bbox 889 1076 1245 1132; x_wconf 79' lang='lat' dir='ltr'><strong>inhabitatur.</strong></span> <span class='ocrx_word' id='word_1_75' title='bbox 1278 1076 1418 1147; x_wconf 84' lang='lat' dir='ltr'><strong>Quid</strong></span> <span class='ocrx_word' id='word_1_76' title='bbox 1450 1084 1636 1135; x_wconf 88' lang='lat' dir='ltr'><strong>autem</strong></span> <span class='ocrx_word' id='word_1_77' title='bbox 1673 1079 1747 1136; x_wconf 85' lang='lat' dir='ltr'><strong>sit</strong></span> <span class='ocrx_word' id='word_1_78' title='bbox 1777 1079 1909 1138; x_wconf 92' lang='lat' dir='ltr'><strong>illud</strong></span> <span class='ocrx_word' id='word_1_79' title='bbox 1939 1083 2336 1155; x_wconf 78' lang='lat' dir='ltr'><strong>desideratum,</strong></span> 
     </span>
     <span class='ocr_line' id='line_1_10' title="bbox 325 1164 2334 1245; baseline 0.001 -17"><span class='ocrx_word' id='word_1_80' title='bbox 325 1170 541 1245; x_wconf 86' lang='lat' dir='ltr'><strong>patebit</strong></span> <span class='ocrx_word' id='word_1_81' title='bbox 568 1185 635 1224; x_wconf 84' lang='lat' dir='ltr'><strong>ex</strong></span> <span class='ocrx_word' id='word_1_82' title='bbox 675 1164 1051 1240; x_wconf 61' lang='lat' dir='ltr'><strong>sequentibus„</strong></span> <span class='ocrx_word' id='word_1_83' title='bbox 1081 1165 1187 1236; x_wconf 78' lang='lat' dir='ltr'><strong>sed</strong></span> <span class='ocrx_word' id='word_1_84' title='bbox 1230 1166 1363 1237; x_wconf 90' lang='lat' dir='ltr'><strong>quia</strong></span> <span class='ocrx_word' id='word_1_85' title='bbox 1396 1181 1512 1225; x_wconf 79' lang='lat' dir='ltr'><strong>non</strong></span> <span class='ocrx_word' id='word_1_86' title='bbox 1541 1166 1864 1239; x_wconf 82' lang='lat' dir='ltr'><strong>simpliciter</strong></span> <span class='ocrx_word' id='word_1_87' title='bbox 1905 1170 2119 1229; x_wconf 80' lang='lat' dir='ltr'><strong>dixerat</strong></span> <span class='ocrx_word' id='word_1_88' title='bbox 2165 1174 2334 1243; x_wconf 87' lang='lat' dir='ltr'><strong>indui,</strong></span> 
     </span>
     <span class='ocr_line' id='line_1_11' title="bbox 325 1251 2338 1330; baseline 0.001 -14"><span class='ocrx_word' id='word_1_89' title='bbox 325 1260 426 1316; x_wconf 91' lang='lat' dir='ltr'><strong>sed</strong></span> <span class='ocrx_word' id='word_1_90' title='bbox 470 1256 807 1330; x_wconf 82' lang='lat' dir='ltr'><strong>superindui,</strong></span> <span class='ocrx_word' id='word_1_91' title='bbox 848 1254 1120 1323; x_wconf 83' lang='lat' dir='ltr'><strong>rationem</strong></span> <span class='ocrx_word' id='word_1_92' title='bbox 1159 1252 1243 1308; x_wconf 89' lang='lat' dir='ltr'><strong>sui</strong></span> <span class='ocrx_word' id='word_1_93' title='bbox 1286 1251 1419 1309; x_wconf 87' lang='lat' dir='ltr'><strong>dicti</strong></span> <span class='ocrx_word' id='word_1_94' title='bbox 1455 1255 1676 1329; x_wconf 85' lang='lat' dir='ltr'><strong>exponit</strong></span> <span class='ocrx_word' id='word_1_95' title='bbox 1718 1257 1956 1315; x_wconf 85' lang='lat' dir='ltr'><strong>subdens</strong></span> <span class='ocrx_word' id='word_1_96' title='bbox 2002 1278 2014 1315; x_wconf 91' lang='lat'><strong>:</strong></span> <span class='ocrx_word' id='word_1_97' title='bbox 2051 1262 2105 1317; x_wconf 87' lang='lat' dir='ltr'><strong>Si</strong></span> <span class='ocrx_word' id='word_1_98' title='bbox 2157 1270 2338 1319; x_wconf 88' lang='lat' dir='ltr'><strong>tamen</strong></span> 
     </span>
    </p>
   </div>
   <div class='ocr_carea' id='block_1_3' title="bbox 221 1340 2341 1417">
    <p class='ocr_par' dir='ltr' id='par_1_3' title="bbox 221 1340 2341 1417">
     <span class='ocr_line' id='line_1_12' title="bbox 221 1340 2341 1417; baseline 0.001 -13"><span class='ocrx_word' id='word_1_99' title='bbox 221 1387 225 1392; x_wconf 88' lang='lat'><em>-</em></span> <span class='ocrx_word' id='word_1_100' title='bbox 324 1346 537 1411; x_wconf 83' lang='lat' dir='ltr'><strong>vestiti,</strong></span> <span class='ocrx_word' id='word_1_101' title='bbox 568 1349 625 1401; x_wconf 92' lang='lat' dir='ltr'><strong>et</strong></span> <span class='ocrx_word' id='word_1_102' title='bbox 643 1359 753 1400; x_wconf 90' lang='lat' dir='ltr'><strong>non</strong></span> <span class='ocrx_word' id='word_1_103' title='bbox 786 1342 916 1398; x_wconf 91' lang='lat' dir='ltr'><strong>nudi</strong></span> <span class='ocrx_word' id='word_1_104' title='bbox 944 1340 1307 1411; x_wconf 79' lang='lat' dir='ltr'><strong>inveniamur,</strong></span> <span class='ocrx_word' id='word_1_105' title='bbox 1338 1343 1499 1417; x_wconf 84' lang='lat' dir='ltr'><strong>quasi</strong></span> <span class='ocrx_word' id='word_1_106' title='bbox 1528 1342 1679 1400; x_wconf 84' lang='lat' dir='ltr'><strong>dicat</strong></span> <span class='ocrx_word' id='word_1_107' title='bbox 1707 1362 1720 1400; x_wconf 90' lang='lat'>:</span> <span class='ocrx_word' id='word_1_108' title='bbox 1748 1346 1800 1402; x_wconf 88' lang='lat' dir='ltr'><strong>si·</strong></span> <span class='ocrx_word' id='word_1_109' title='bbox 1824 1348 2008 1404; x_wconf 90' lang='lat' dir='ltr'><strong>anima</strong></span> <span class='ocrx_word' id='word_1_110' title='bbox 2035 1350 2116 1405; x_wconf 85' lang='lat' dir='ltr'><strong>sie</strong></span> <span class='ocrx_word' id='word_1_111' title='bbox 2141 1349 2341 1407; x_wconf 90' lang='lat' dir='ltr'><strong>indue-</strong></span> 
     </span>
    </p>
   </div>
   <div class='ocr_carea' id='block_1_4' title="bbox 321 1430 2396 3988">
    <p class='ocr_par' dir='ltr' id='par_1_4' title="bbox 321 1430 2396 3988">
     <span class='ocr_line' id='line_1_13' title="bbox 326 1430 2340 1503; baseline 0.001 -11"><span class='ocrx_word' id='word_1_112' title='bbox 326 1443 484 1492; x_wconf 85' lang='lat' dir='ltr'><strong>retur</strong></span> <span class='ocrx_word' id='word_1_113' title='bbox 523 1432 865 1491; x_wconf 84' lang='lat' dir='ltr'><strong>habitatione</strong></span> <span class='ocrx_word' id='word_1_114' title='bbox 898 1430 1311 1503; x_wconf 39' lang='lat' dir='ltr'><strong>ooelesti,·quod</strong></span> <span class='ocrx_word' id='word_1_115' title='bbox 1351 1446 1460 1488; x_wconf 90' lang='lat' dir='ltr'><strong>non</strong></span> <span class='ocrx_word' id='word_1_116' title='bbox 1502 1439 1796 1490; x_wconf 85' lang='lat' dir='ltr'><strong>exueretur</strong></span> <span class='ocrx_word' id='word_1_117' title='bbox 1836 1435 2179 1495; x_wconf 81' lang='lat' dir='ltr'><strong>habitatione</strong></span> <span class='ocrx_word' id='word_1_118' title='bbox 2223 1448 2340 1497; x_wconf 87' lang='lat' dir='ltr'><strong>ter-</strong></span> 
     </span>
     <span class='ocr_line' id='line_1_14' title="bbox 326 1518 2338 1598; baseline 0.002 -17"><span class='ocrx_word' id='word_1_119' title='bbox 326 1541 481 1592; x_wconf 89' lang='lat' dir='ltr'><strong>rena,</strong></span> <span class='ocrx_word' id='word_1_120' title='bbox 514 1522 736 1596; x_wconf 88' lang='lat' dir='ltr'><strong>adoptio</strong></span> <span class='ocrx_word' id='word_1_121' title='bbox 774 1519 922 1591; x_wconf 81' lang='lat' dir='ltr'><strong>illius</strong></span> <span class='ocrx_word' id='word_1_122' title='bbox 958 1518 1313 1580; x_wconf 82' lang='lat' dir='ltr'><strong>habitationis</strong></span> <span class='ocrx_word' id='word_1_123' title='bbox 1336 1520 1580 1590; x_wconf 74' lang='lat' dir='ltr'><strong>coelestis</strong></span> <span class='ocrx_word' id='word_1_124' title='bbox 1607 1530 1752 1588; x_wconf 88' lang='lat' dir='ltr'><strong>esset</strong></span> <span class='ocrx_word' id='word_1_125' title='bbox 1786 1527 2204 1598; x_wconf 89' lang='lat' dir='ltr'><strong>superinduitio.</strong></span> <span class='ocrx_word' id='word_1_126' title='bbox 2233 1529 2338 1586; x_wconf 85' lang='lat' dir='ltr'><strong>Sed</strong></span> 
     </span>
     <span class='ocr_line' id='line_1_15' title="bbox 325 1607 2340 1691; baseline 0.002 -22"><span class='ocrx_word' id='word_1_127' title='bbox 325 1614 461 1689; x_wconf 89' lang='lat' dir='ltr'><strong>quia</strong></span> <span class='ocrx_word' id='word_1_128' title='bbox 496 1618 711 1685; x_wconf 84' lang='lat' dir='ltr'><strong>oportet</strong></span> <span class='ocrx_word' id='word_1_129' title='bbox 739 1609 886 1685; x_wconf 90' lang='lat' dir='ltr'><strong>quod</strong></span> <span class='ocrx_word' id='word_1_130' title='bbox 917 1614 1151 1665; x_wconf 80' lang='lat' dir='ltr'><strong>exuatur</strong></span> <span class='ocrx_word' id='word_1_131' title='bbox 1191 1607 1531 1667; x_wconf 85' lang='lat' dir='ltr'><strong>habitatione</strong></span> <span class='ocrx_word' id='word_1_132' title='bbox 1561 1617 1778 1669; x_wconf 88' lang='lat' dir='ltr'><strong>terrena</strong></span> <span class='ocrx_word' id='word_1_133' title='bbox 1821 1615 1892 1670; x_wconf 90' lang='lat' dir='ltr'><strong>ad</strong></span> <span class='ocrx_word' id='word_1_134' title='bbox 1935 1614 2038 1672; x_wconf 87' lang='lat' dir='ltr'><strong>hoe</strong></span> <span class='ocrx_word' id='word_1_135' title='bbox 2078 1617 2224 1691; x_wconf 88' lang='lat' dir='ltr'><strong>quod</strong></span> <span class='ocrx_word' id='word_1_136' title='bbox 2249 1618 2340 1674; x_wconf 87' lang='lat' dir='ltr'><strong>in-</strong></span> 
     </span>
     <span class='ocr_line' id='line_1_16' title="bbox 324 1696 2396 1775; baseline 0.001 -15"><span class='ocrx_word' id='word_1_137' title='bbox 324 1704 533 1760; x_wconf 89' lang='lat' dir='ltr'><strong>duatur</strong></span> <span class='ocrx_word' id='word_1_138' title='bbox 574 1700 803 1763; x_wconf 84' lang='lat' dir='ltr'><strong>coelesti‚</strong></span> <span class='ocrx_word' id='word_1_139' title='bbox 838 1714 947 1754; x_wconf 90' lang='lat' dir='ltr'><strong>non</strong></span> <span class='ocrx_word' id='word_1_140' title='bbox 970 1703 1154 1772; x_wconf 84' lang='lat' dir='ltr'><strong>potest</strong></span> <span class='ocrx_word' id='word_1_141' title='bbox 1194 1696 1303 1753; x_wconf 86' lang='lat' dir='ltr'><strong>diei</strong></span> <span class='ocrx_word' id='word_1_142' title='bbox 1330 1698 1732 1771; x_wconf 84' lang='lat' dir='ltr'><strong>superinduitio</strong></span> <span class='ocrx_word' id='word_1_143' title='bbox 1774 1701 2115 1775; x_wconf 83' lang='lat' dir='ltr'><strong>simpliciter.</strong></span> <span class='ocrx_word' id='word_1_144' title='bbox 2152 1707 2340 1763; x_wconf 84' lang='lat' dir='ltr'><strong>Posset</strong></span> <span class='ocrx_word' id='word_1_145' title='bbox 2392 1732 2396 1736; x_wconf 92' lang='lat'>·</span> 
     </span>
     <span class='ocr_line' id='line_1_17' title="bbox 326 1786 2340 1865; baseline -0 -15"><span class='ocrx_word' id='word_1_146' title='bbox 326 1808 463 1865; x_wconf 85' lang='lat' dir='ltr'><strong>ergo</strong></span> <span class='ocrx_word' id='word_1_147' title='bbox 492 1790 691 1863; x_wconf 89' lang='lat' dir='ltr'><strong>aliquis</strong></span> <span class='ocrx_word' id='word_1_148' title='bbox 716 1787 803 1856; x_wconf 54' lang='lat' dir='ltr'><strong>,ab</strong></span> <span class='ocrx_word' id='word_1_149' title='bbox 828 1791 998 1860; x_wconf 80' lang='lat' dir='ltr'><strong>ApoS.</strong></span> <span class='ocrx_word' id='word_1_150' title='bbox 1024 1801 1271 1862; x_wconf 84' lang='lat' dir='ltr'><strong>quaerere</strong></span> <span class='ocrx_word' id='word_1_151' title='bbox 1299 1803 1313 1843; x_wconf 90' lang='lat'>:</span> <span class='ocrx_word' id='word_1_152' title='bbox 1345 1786 1529 1856; x_wconf 81' lang='lat' dir='ltr'><strong>Quare</strong></span> <span class='ocrx_word' id='word_1_153' title='bbox 1569 1805 1711 1861; x_wconf 84' lang='lat' dir='ltr'><strong>ergo·</strong></span> <span class='ocrx_word' id='word_1_154' title='bbox 1741 1790 1928 1847; x_wconf 84' lang='lat' dir='ltr'><strong>dixisti</strong></span> <span class='ocrx_word' id='word_1_155' title='bbox 1959 1810 1972 1847; x_wconf 88' lang='lat'>:</span> <span class='ocrx_word' id='word_1_156' title='bbox 2011 1792 2340 1865; x_wconf 77' lang='lat' dir='ltr'><strong>Superindui</strong></span> 
     </span>
     <span class='ocr_line' id='line_1_18' title="bbox 324 1874 2340 1955; baseline 0 -17"><span class='ocrx_word' id='word_1_157' title='bbox 324 1880 641 1955; x_wconf 78' lang='lat' dir='ltr'><strong>cupientes?</strong></span> <span class='ocrx_word' id='word_1_158' title='bbox 669 1878 761 1935; x_wconf 88' lang='lat' dir='ltr'><strong>Ad</strong></span> <span class='ocrx_word' id='word_1_159' title='bbox 790 1876 936 1951; x_wconf 89' lang='lat' dir='ltr'><strong>quod</strong></span> <span class='ocrx_word' id='word_1_160' title='bbox 976 1874 1273 1948; x_wconf 84' lang='lat' dir='ltr'><strong>respondet</strong></span> <span class='ocrx_word' id='word_1_161' title='bbox 1306 1875 1497 1933; x_wconf 80' lang='lat' dir='ltr'><strong>dicens</strong></span> <span class='ocrx_word' id='word_1_162' title='bbox 1527 1878 1708 1933; x_wconf 84' lang='lat' dir='ltr'><strong>:Nam</strong></span> <span class='ocrx_word' id='word_1_163' title='bbox 1731 1888 1786 1934; x_wconf 91' lang='lat' dir='ltr'><strong>et</strong></span> <span class='ocrx_word' id='word_1_164' title='bbox 1815 1880 1909 1953; x_wconf 88' lang='lat' dir='ltr'><strong>qui</strong></span> <span class='ocrx_word' id='word_1_165' title='bbox 1947 1896 2138 1938; x_wconf 86' lang='lat' dir='ltr'><strong>sumus</strong></span> <span class='ocrx_word' id='word_1_166' title='bbox 2163 1884 2216 1937; x_wconf 88' lang='lat' dir='ltr'><strong>in</strong></span> <span class='ocrx_word' id='word_1_167' title='bbox 2247 1889 2340 1940; x_wconf 85' lang='lat' dir='ltr'><strong>ta-</strong></span> 
     </span>
     <span class='ocr_line' id='line_1_19' title="bbox 322 1963 2339 2045; baseline 0 -15"><span class='ocrx_word' id='word_1_168' title='bbox 322 1968 629 2030; x_wconf 87' lang='lat' dir='ltr'><strong>bernaculo</strong></span> <span class='ocrx_word' id='word_1_169' title='bbox 674 1967 799 2033; x_wconf 86' lang='lat' dir='ltr'><strong>isto,</strong></span> <span class='ocrx_word' id='word_1_170' title='bbox 846 1965 902 2021; x_wconf 91' lang='lat' dir='ltr'><strong>id</strong></span> <span class='ocrx_word' id='word_1_171' title='bbox 939 1972 1043 2031; x_wconf 88' lang='lat' dir='ltr'><strong>est,</strong></span> <span class='ocrx_word' id='word_1_172' title='bbox 1088 1964 1184 2036; x_wconf 89' lang='lat' dir='ltr'><strong>qui</strong></span> <span class='ocrx_word' id='word_1_173' title='bbox 1232 1963 1514 2020; x_wconf 87' lang='lat' dir='ltr'><strong>induimur</strong></span> <span class='ocrx_word' id='word_1_174' title='bbox 1560 1971 1778 2025; x_wconf 85' lang='lat' dir='ltr'><strong>terreno</strong></span> <span class='ocrx_word' id='word_1_175' title='bbox 1818 1968 2132 2027; x_wconf 82' lang='lat' dir='ltr'><strong>habitaculo</strong></span> <span class='ocrx_word' id='word_1_176' title='bbox 2179 1974 2339 2045; x_wconf 86' lang='lat' dir='ltr'><strong>quasi</strong></span> 
     </span>
     <span class='ocr_line' id='line_1_20' title="bbox 324 2051 2338 2132; baseline 0 -17"><span class='ocrx_word' id='word_1_177' title='bbox 324 2057 670 2123; x_wconf 87' lang='lat' dir='ltr'><strong>transitorio,</strong></span> <span class='ocrx_word' id='word_1_178' title='bbox 712 2069 819 2111; x_wconf 90' lang='lat' dir='ltr'><strong>non</strong></span> <span class='ocrx_word' id='word_1_179' title='bbox 860 2053 1021 2110; x_wconf 90' lang='lat' dir='ltr'><strong>domo</strong></span> <span class='ocrx_word' id='word_1_180' title='bbox 1062 2051 1222 2127; x_wconf 90' lang='lat' dir='ltr'><strong>quasi</strong></span> <span class='ocrx_word' id='word_1_181' title='bbox 1265 2059 1637 2125; x_wconf 87' lang='lat' dir='ltr'><strong>permanente,</strong></span> <span class='ocrx_word' id='word_1_182' title='bbox 1679 2054 2089 2129; x_wconf 79' lang='lat' dir='ltr'><strong>ingemiscimus</strong></span> <span class='ocrx_word' id='word_1_183' title='bbox 2124 2062 2338 2132; x_wconf 86' lang='lat' dir='ltr'><strong>gravati</strong></span> 
     </span>
     <span class='ocr_line' id='line_1_21' title="bbox 326 2134 2341 2224; baseline 0 -19"><span class='ocrx_word' id='word_1_184' title='bbox 326 2148 489 2224; x_wconf 87' lang='lat' dir='ltr'><strong>quasi</strong></span> <span class='ocrx_word' id='word_1_185' title='bbox 518 2146 704 2219; x_wconf 88' lang='lat' dir='ltr'><strong>aliquo</strong></span> <span class='ocrx_word' id='word_1_186' title='bbox 751 2142 1036 2202; x_wconf 80' lang='lat' dir='ltr'><strong>accidente</strong></span> <span class='ocrx_word' id='word_1_187' title='bbox 1061 2147 1254 2198; x_wconf 86' lang='lat' dir='ltr'><strong>eontra</strong></span> <span class='ocrx_word' id='word_1_188' title='bbox 1296 2140 1630 2199; x_wconf 85' lang='lat' dir='ltr'><strong>desiderium</strong></span> <span class='ocrx_word' id='word_1_189' title='bbox 1659 2134 1924 2213; x_wconf 84' lang='lat' dir='ltr'><strong>nostrum,</strong></span> <span class='ocrx_word' id='word_1_190' title='bbox 1965 2162 2031 2202; x_wconf 90' lang='lat' dir='ltr'><strong>eo</strong></span> <span class='ocrx_word' id='word_1_191' title='bbox 2067 2149 2220 2221; x_wconf 89' lang='lat' dir='ltr'><strong>quod</strong></span> <span class='ocrx_word' id='word_1_192' title='bbox 2249 2166 2341 2205; x_wconf 86' lang='lat' dir='ltr'><strong>se-</strong></span> 
     </span>
     <span class='ocr_line' id='line_1_22' title="bbox 326 2229 2338 2311; baseline -0.001 -17"><span class='ocrx_word' id='word_1_193' title='bbox 326 2236 571 2294; x_wconf 87' lang='lat' dir='ltr'><strong>cundum</strong></span> <span class='ocrx_word' id='word_1_194' title='bbox 612 2231 859 2289; x_wconf 89' lang='lat' dir='ltr'><strong>naturale</strong></span> <span class='ocrx_word' id='word_1_195' title='bbox 900 2229 1234 2287; x_wconf 88' lang='lat' dir='ltr'><strong>desiderium</strong></span> <span class='ocrx_word' id='word_1_196' title='bbox 1272 2237 1535 2292; x_wconf 74' lang='lat' dir='ltr'><strong>,nostrum</strong></span> <span class='ocrx_word' id='word_1_197' title='bbox 1577 2231 1830 2289; x_wconf 89' lang='lat' dir='ltr'><strong>volumus</strong></span> <span class='ocrx_word' id='word_1_198' title='bbox 1872 2234 2134 2307; x_wconf 83' lang='lat' dir='ltr'><strong>expoliari</strong></span> <span class='ocrx_word' id='word_1_199' title='bbox 2181 2238 2338 2311; x_wconf 85' lang='lat' dir='ltr'><strong>quasi</strong></span> 
     </span>
     <span class='ocr_line' id='line_1_23' title="bbox 328 2316 2338 2401; baseline 0 -18"><span class='ocrx_word' id='word_1_200' title='bbox 328 2320 685 2384; x_wconf 85' lang='lat' dir='ltr'><strong>tabernaculo</strong></span> <span class='ocrx_word' id='word_1_201' title='bbox 706 2330 942 2386; x_wconf 87' lang='lat' dir='ltr'><strong>terreno,</strong></span> <span class='ocrx_word' id='word_1_202' title='bbox 970 2318 1065 2375; x_wconf 89' lang='lat' dir='ltr'><strong>sed</strong></span> <span class='ocrx_word' id='word_1_203' title='bbox 1092 2316 1452 2391; x_wconf 84' lang='lat' dir='ltr'><strong>supervestiri</strong></span> <span class='ocrx_word' id='word_1_204' title='bbox 1471 2318 1704 2389; x_wconf 85' lang='lat' dir='ltr'><strong>eoelesti,</strong></span> <span class='ocrx_word' id='word_1_205' title='bbox 1725 2328 1784 2377; x_wconf 89' lang='lat' dir='ltr'><strong>ut</strong></span> <span class='ocrx_word' id='word_1_206' title='bbox 1809 2321 2168 2398; x_wconf 84' lang='lat' dir='ltr'><strong>absorbeatur</strong></span> <span class='ocrx_word' id='word_1_207' title='bbox 2192 2328 2338 2401; x_wconf 91' lang='lat' dir='ltr'><strong>quod</strong></span> 
     </span>
     <span class='ocr_line' id='line_1_24' title="bbox 327 2406 2342 2477; baseline 0 -6"><span class='ocrx_word' id='word_1_208' title='bbox 327 2412 564 2471; x_wconf 82' lang='lat' dir='ltr'><strong>mortale</strong></span> <span class='ocrx_word' id='word_1_209' title='bbox 608 2416 693 2467; x_wconf 85' lang='lat' dir='ltr'><strong>est</strong></span> <span class='ocrx_word' id='word_1_210' title='bbox 735 2425 768 2465; x_wconf 92' lang='lat' dir='ltr'><strong>a</strong></span> <span class='ocrx_word' id='word_1_211' title='bbox 803 2408 941 2475; x_wconf 89' lang='lat' dir='ltr'><strong>vita,</strong></span> <span class='ocrx_word' id='word_1_212' title='bbox 971 2406 1028 2475; x_wconf 83' lang='lat' dir='ltr'><strong>id</strong></span> <span class='ocrx_word' id='word_1_213' title='bbox 1064 2413 1166 2477; x_wconf 81' lang='lat' dir='ltr'><strong>est,</strong></span> <span class='ocrx_word' id='word_1_214' title='bbox 1188 2408 1262 2475; x_wconf 77' lang='lat' dir='ltr'><strong>[ut</strong></span> <span class='ocrx_word' id='word_1_215' title='bbox 1298 2406 1369 2464; x_wconf 87' lang='lat' dir='ltr'><strong>ad</strong></span> <span class='ocrx_word' id='word_1_216' title='bbox 1406 2406 1581 2465; x_wconf 88' lang='lat' dir='ltr'><strong>vitam</strong></span> <span class='ocrx_word' id='word_1_217' title='bbox 1610 2410 1978 2469; x_wconf 82' lang='lat' dir='ltr'><strong>immortalem</strong></span> <span class='ocrx_word' id='word_1_218' title='bbox 2007 2414 2124 2471; x_wconf 87' lang='lat' dir='ltr'><strong>sine</strong></span> <span class='ocrx_word' id='word_1_219' title='bbox 2148 2418 2342 2472; x_wconf 86' lang='lat' dir='ltr'><strong>mortis</strong></span> 
     </span>
     <span class='ocr_line' id='line_1_25' title="bbox 328 2497 2340 2578; baseline 0.002 -20"><span class='ocrx_word' id='word_1_220' title='bbox 328 2507 495 2576; x_wconf 83' lang='lat' dir='ltr'><strong>gustu</strong></span> <span class='ocrx_word' id='word_1_221' title='bbox 529 2505 863 2556; x_wconf 86' lang='lat' dir='ltr'><strong>transeatur.</strong></span> <span class='ocrx_word' id='word_1_222' title='bbox 889 2498 1081 2552; x_wconf 84' lang='lat' dir='ltr'><strong>Posset</strong></span> <span class='ocrx_word' id='word_1_223' title='bbox 1110 2502 1295 2553; x_wconf 87' lang='lat' dir='ltr'><strong>autem</strong></span> <span class='ocrx_word' id='word_1_224' title='bbox 1328 2497 1528 2555; x_wconf 85' lang='lat' dir='ltr'><strong>iterum</strong></span> <span class='ocrx_word' id='word_1_225' title='bbox 1553 2498 1752 2571; x_wconf 78' lang='lat' dir='ltr'><strong>aliqu1s</strong></span> <span class='ocrx_word' id='word_1_226' title='bbox 1780 2517 2028 2573; x_wconf 84' lang='lat' dir='ltr'><strong>quaerere</strong></span> <span class='ocrx_word' id='word_1_227' title='bbox 2060 2501 2133 2560; x_wconf 89' lang='lat' dir='ltr'><strong>ab</strong></span> <span class='ocrx_word' id='word_1_228' title='bbox 2161 2507 2340 2578; x_wconf 80' lang='lat' dir='ltr'><strong>Apos-</strong></span> 
     </span>
     <span class='ocr_line' id='line_1_26' title="bbox 328 2583 2340 2662; baseline 0 -13"><span class='ocrx_word' id='word_1_229' title='bbox 328 2590 465 2659; x_wconf 89' lang='lat' dir='ltr'><strong>tolo,</strong></span> <span class='ocrx_word' id='word_1_230' title='bbox 499 2590 628 2661; x_wconf 89' lang='lat' dir='ltr'><strong>quia</strong></span> <span class='ocrx_word' id='word_1_231' title='bbox 667 2583 1068 2643; x_wconf 86' lang='lat' dir='ltr'><strong>rationabiliter</strong></span> <span class='ocrx_word' id='word_1_232' title='bbox 1095 2591 1343 2658; x_wconf 91' lang='lat' dir='ltr'><strong>apparet,</strong></span> <span class='ocrx_word' id='word_1_233' title='bbox 1376 2586 1524 2658; x_wconf 88' lang='lat' dir='ltr'><strong>quod</strong></span> <span class='ocrx_word' id='word_1_234' title='bbox 1554 2586 1806 2643; x_wconf 87' lang='lat' dir='ltr'><strong>nolumus</strong></span> <span class='ocrx_word' id='word_1_235' title='bbox 1831 2590 2094 2662; x_wconf 83' lang='lat' dir='ltr'><strong>expoliari</strong></span> <span class='ocrx_word' id='word_1_236' title='bbox 2125 2600 2340 2650; x_wconf 87' lang='lat' dir='ltr'><strong>terrena</strong></span> 
     </span>
     <span class='ocr_line' id='line_1_27' title="bbox 328 2672 2342 2749; baseline 0 -12"><span class='ocrx_word' id='word_1_237' title='bbox 328 2678 750 2741; x_wconf 88' lang='lat' dir='ltr'><strong>inhabitatione,</strong></span> <span class='ocrx_word' id='word_1_238' title='bbox 782 2689 907 2748; x_wconf 81' lang='lat' dir='ltr'><strong>quae</strong></span> <span class='ocrx_word' id='word_1_239' title='bbox 944 2681 1027 2729; x_wconf 92' lang='lat' dir='ltr'><strong>est</strong></span> <span class='ocrx_word' id='word_1_240' title='bbox 1059 2672 1213 2729; x_wconf 88' lang='lat' dir='ltr'><strong>nobis</strong></span> <span class='ocrx_word' id='word_1_241' title='bbox 1256 2672 1543 2739; x_wconf 60' lang='lat' dir='ltr'><strong>naturam,</strong></span> <span class='ocrx_word' id='word_1_242' title='bbox 1586 2681 1642 2728; x_wconf 92' lang='lat' dir='ltr'><strong>et</strong></span> <span class='ocrx_word' id='word_1_243' title='bbox 1679 2675 1760 2731; x_wconf 82' lang='lat' dir='ltr'><strong>sic</strong></span> <span class='ocrx_word' id='word_1_244' title='bbox 1791 2692 1893 2732; x_wconf 88' lang='lat' dir='ltr'><strong>nec</strong></span> <span class='ocrx_word' id='word_1_245' title='bbox 1932 2679 2077 2749; x_wconf 90' lang='lat' dir='ltr'><strong>quod</strong></span> <span class='ocrx_word' id='word_1_246' title='bbox 2122 2678 2342 2737; x_wconf 88' lang='lat' dir='ltr'><strong>habita-</strong></span> 
     </span>
     <span class='ocr_line' id='line_1_28' title="bbox 328 2760 2341 2838; baseline -0 -13"><span class='ocrx_word' id='word_1_247' title='bbox 328 2768 544 2826; x_wconf 87' lang='lat' dir='ltr'><strong>tionem</strong></span> <span class='ocrx_word' id='word_1_248' title='bbox 566 2764 844 2825; x_wconf 85' lang='lat' dir='ltr'><strong>eoelestem</strong></span> <span class='ocrx_word' id='word_1_249' title='bbox 871 2762 1024 2818; x_wconf 87' lang='lat' dir='ltr'><strong>indui</strong></span> <span class='ocrx_word' id='word_1_250' title='bbox 1048 2762 1352 2835; x_wconf 86' lang='lat' dir='ltr'><strong>cupiamus.</strong></span> <span class='ocrx_word' id='word_1_251' title='bbox 1384 2760 1469 2818; x_wconf 82' lang='lat' dir='ltr'><strong>Ad</strong></span> <span class='ocrx_word' id='word_1_252' title='bbox 1500 2760 1604 2816; x_wconf 86' lang='lat' dir='ltr'><strong>hoe</strong></span> <span class='ocrx_word' id='word_1_253' title='bbox 1627 2763 1908 2835; x_wconf 88' lang='lat' dir='ltr'><strong>respondit</strong></span> <span class='ocrx_word' id='word_1_254' title='bbox 1932 2766 2170 2822; x_wconf 88' lang='lat' dir='ltr'><strong>subdens</strong></span> <span class='ocrx_word' id='word_1_255' title='bbox 2199 2786 2212 2823; x_wconf 74' lang='grc' dir='ltr'>ε</span> <span class='ocrx_word' id='word_1_256' title='bbox 2237 2764 2341 2838; x_wconf 81' lang='lat' dir='ltr'><strong>Qui</strong></span> 
     </span>
     <span class='ocr_line' id='line_1_29' title="bbox 330 2848 2342 2921; baseline -0.001 -8"><span class='ocrx_word' id='word_1_257' title='bbox 330 2864 521 2914; x_wconf 88' lang='lat' dir='ltr'><strong>autem</strong></span> <span class='ocrx_word' id='word_1_258' title='bbox 550 2854 606 2909; x_wconf 90' lang='lat' dir='ltr'><strong>in</strong></span> <span class='ocrx_word' id='word_1_259' title='bbox 642 2849 799 2907; x_wconf 87' lang='lat' dir='ltr'><strong>nobis</strong></span> <span class='ocrx_word' id='word_1_260' title='bbox 833 2849 1000 2906; x_wconf 83' lang='lat' dir='ltr'><strong>efficit</strong></span> <span class='ocrx_word' id='word_1_261' title='bbox 1042 2850 1145 2906; x_wconf 87' lang='lat' dir='ltr'><strong>hoo</strong></span> <span class='ocrx_word' id='word_1_262' title='bbox 1187 2850 1367 2921; x_wconf 90' lang='lat' dir='ltr'><strong>ipsum</strong></span> <span class='ocrx_word' id='word_1_263' title='bbox 1394 2854 1458 2903; x_wconf 91' lang='lat' dir='ltr'><strong>ut</strong></span> <span class='ocrx_word' id='word_1_264' title='bbox 1494 2848 1869 2906; x_wconf 85' lang='lat' dir='ltr'><strong>desideremus</strong></span> <span class='ocrx_word' id='word_1_265' title='bbox 1896 2852 2164 2921; x_wconf 84' lang='lat' dir='ltr'><strong>eoelestia,</strong></span> <span class='ocrx_word' id='word_1_266' title='bbox 2197 2856 2342 2911; x_wconf 85' lang='lat' dir='ltr'><strong>Deus</strong></span> 
     </span>
     <span class='ocr_line' id='line_1_30' title="bbox 330 2936 2342 3015; baseline -0 -13"><span class='ocrx_word' id='word_1_267' title='bbox 330 2952 439 3003; x_wconf 87' lang='lat' dir='ltr'><strong>est.</strong></span> <span class='ocrx_word' id='word_1_268' title='bbox 466 2944 533 2998; x_wconf 88' lang='lat' dir='ltr'><strong>Et</strong></span> <span class='ocrx_word' id='word_1_269' title='bbox 558 2940 830 3015; x_wconf 89' lang='lat' dir='ltr'><strong>quomodo</strong></span> <span class='ocrx_word' id='word_1_270' title='bbox 854 2940 911 2995; x_wconf 90' lang='lat' dir='ltr'><strong>in</strong></span> <span class='ocrx_word' id='word_1_271' title='bbox 934 2938 1092 2995; x_wconf 90' lang='lat' dir='ltr'><strong>nobis</strong></span> <span class='ocrx_word' id='word_1_272' title='bbox 1115 2938 1219 2994; x_wconf 86' lang='lat' dir='ltr'><strong>hoc</strong></span> <span class='ocrx_word' id='word_1_273' title='bbox 1243 2936 1445 2993; x_wconf 88' lang='lat' dir='ltr'><strong>efficiat</strong></span> <span class='ocrx_word' id='word_1_274' title='bbox 1469 2936 1708 2997; x_wconf 86' lang='lat' dir='ltr'><strong>ostendit</strong></span> <span class='ocrx_word' id='word_1_275' title='bbox 1737 2937 1980 2996; x_wconf 86' lang='lat' dir='ltr'><strong>subdens</strong></span> <span class='ocrx_word' id='word_1_276' title='bbox 2010 2958 2023 2995; x_wconf 74' lang='grc' dir='ltr'><strong>ε</strong></span> <span class='ocrx_word' id='word_1_277' title='bbox 2056 2941 2161 3011; x_wconf 90' lang='lat' dir='ltr'><strong>Qui</strong></span> <span class='ocrx_word' id='word_1_278' title='bbox 2191 2944 2342 3001; x_wconf 86' lang='lat' dir='ltr'><strong>dedit</strong></span> 
     </span>
     <span class='ocr_line' id='line_1_31' title="bbox 331 3026 2343 3105; baseline 0 -16"><span class='ocrx_word' id='word_1_279' title='bbox 331 3032 493 3090; x_wconf 90' lang='lat' dir='ltr'><strong>nobis</strong></span> <span class='ocrx_word' id='word_1_280' title='bbox 530 3030 730 3105; x_wconf 84' lang='lat' dir='ltr'><strong>pignus</strong></span> <span class='ocrx_word' id='word_1_281' title='bbox 768 3028 1015 3102; x_wconf 76' lang='lat' dir='ltr'><strong>spiritus·</strong></span> <span class='ocrx_word' id='word_1_282' title='bbox 1049 3028 1149 3083; x_wconf 84' lang='lat' dir='ltr'><strong>Per</strong></span> <span class='ocrx_word' id='word_1_283' title='bbox 1196 3026 1452 3099; x_wconf 87' lang='lat' dir='ltr'><strong>spiritum</strong></span> <span class='ocrx_word' id='word_1_284' title='bbox 1499 3026 1646 3081; x_wconf 88' lang='lat' dir='ltr'><strong>enim</strong></span> <span class='ocrx_word' id='word_1_285' title='bbox 1673 3033 1928 3083; x_wconf 85' lang='lat' dir='ltr'><strong>sanetum</strong></span> <span class='ocrx_word' id='word_1_286' title='bbox 1965 3046 2130 3102; x_wconf 87' lang='lat' dir='ltr'><strong>quem</strong></span> <span class='ocrx_word' id='word_1_287' title='bbox 2177 3047 2343 3089; x_wconf 86' lang='lat' dir='ltr'><strong>acee-</strong></span> 
     </span>
     <span class='ocr_line' id='line_1_32' title="bbox 330 3114 2343 3198; baseline -0.001 -20"><span class='ocrx_word' id='word_1_288' title='bbox 330 3122 517 3198; x_wconf 86' lang='lat' dir='ltr'><strong>pimus</strong></span> <span class='ocrx_word' id='word_1_289' title='bbox 552 3136 585 3177; x_wconf 87' lang='lat' dir='ltr'><strong>a</strong></span> <span class='ocrx_word' id='word_1_290' title='bbox 621 3120 757 3189; x_wconf 91' lang='lat' dir='ltr'><strong>Deo,</strong></span> <span class='ocrx_word' id='word_1_291' title='bbox 787 3131 978 3174; x_wconf 88' lang='lat' dir='ltr'><strong>sumus</strong></span> <span class='ocrx_word' id='word_1_292' title='bbox 1017 3114 1087 3172; x_wconf 92' lang='lat' dir='ltr'><strong>de</strong></span> <span class='ocrx_word' id='word_1_293' title='bbox 1121 3115 1334 3173; x_wconf 87' lang='lat' dir='ltr'><strong>coelesti</strong></span> <span class='ocrx_word' id='word_1_294' title='bbox 1361 3114 1718 3171; x_wconf 81' lang='lat' dir='ltr'><strong>habitatione</strong></span> <span class='ocrx_word' id='word_1_295' title='bbox 1746 3115 2100 3188; x_wconf 87' lang='lat' dir='ltr'><strong>adipiscenda</strong></span> <span class='ocrx_word' id='word_1_296' title='bbox 2121 3122 2260 3179; x_wconf 88' lang='lat' dir='ltr'><strong>certi</strong></span> <span class='ocrx_word' id='word_1_297' title='bbox 2287 3128 2343 3178; x_wconf 90' lang='lat' dir='ltr'><strong>et</strong></span> 
     </span>
     <span class='ocr_line' id='line_1_33' title="bbox 328 3204 2342 3283; baseline -0 -16"><span class='ocrx_word' id='word_1_298' title='bbox 328 3209 577 3275; x_wconf 87' lang='lat' dir='ltr'><strong>solliciti,</strong></span> <span class='ocrx_word' id='word_1_299' title='bbox 610 3210 755 3264; x_wconf 88' lang='lat' dir='ltr'><strong>sicut</strong></span> <span class='ocrx_word' id='word_1_300' title='bbox 796 3222 891 3279; x_wconf 88' lang='lat' dir='ltr'><strong>per</strong></span> <span class='ocrx_word' id='word_1_301' title='bbox 918 3206 1116 3279; x_wconf 81' lang='lat' dir='ltr'><strong>pignus</strong></span> <span class='ocrx_word' id='word_1_302' title='bbox 1156 3205 1225 3261; x_wconf 90' lang='lat' dir='ltr'><strong>de</strong></span> <span class='ocrx_word' id='word_1_303' title='bbox 1273 3205 1462 3261; x_wconf 90' lang='lat' dir='ltr'><strong>debito</strong></span> <span class='ocrx_word' id='word_1_304' title='bbox 1508 3204 1900 3278; x_wconf 86' lang='lat' dir='ltr'><strong>recuperande.</strong></span> <span class='ocrx_word' id='word_1_305' title='bbox 1945 3206 2028 3263; x_wconf 85' lang='lat' dir='ltr'><strong>Ex</strong></span> <span class='ocrx_word' id='word_1_306' title='bbox 2067 3208 2172 3266; x_wconf 86' lang='lat' dir='ltr'><strong>hae</strong></span> <span class='ocrx_word' id='word_1_307' title='bbox 2213 3226 2342 3283; x_wconf 85' lang='lat' dir='ltr'><strong>ergo</strong></span> 
     </span>
     <span class='ocr_line' id='line_1_34' title="bbox 325 3292 2344 3371; baseline -0 -14"><span class='ocrx_word' id='word_1_308' title='bbox 325 3298 667 3358; x_wconf 84' lang='lat' dir='ltr'><strong>certitudine</strong></span> <span class='ocrx_word' id='word_1_309' title='bbox 687 3296 745 3352; x_wconf 89' lang='lat' dir='ltr'><strong>in</strong></span> <span class='ocrx_word' id='word_1_310' title='bbox 764 3294 1097 3351; x_wconf 88' lang='lat' dir='ltr'><strong>desiderium</strong></span> <span class='ocrx_word' id='word_1_311' title='bbox 1125 3292 1367 3350; x_wconf 83' lang='lat' dir='ltr'><strong>coe-lestis</strong></span> <span class='ocrx_word' id='word_1_312' title='bbox 1390 3293 1748 3351; x_wconf 87' lang='lat' dir='ltr'><strong>habitationis</strong></span> <span class='ocrx_word' id='word_1_313' title='bbox 1771 3294 2084 3352; x_wconf 83' lang='lat' dir='ltr'><strong>elevamur:</strong></span> <span class='ocrx_word' id='word_1_314' title='bbox 2111 3299 2192 3354; x_wconf 88' lang='lat' dir='ltr'><strong>sic</strong></span> <span class='ocrx_word' id='word_1_315' title='bbox 2213 3315 2344 3371; x_wconf 84' lang='lat' dir='ltr'><strong>ergo</strong></span> 
     </span>
     <span class='ocr_line' id='line_1_35' title="bbox 326 3382 2344 3448; baseline -0.001 -1"><span class='ocrx_word' id='word_1_316' title='bbox 326 3392 390 3448; x_wconf 89' lang='lat' dir='ltr'><strong>in</strong></span> <span class='ocrx_word' id='word_1_317' title='bbox 422 3387 577 3443; x_wconf 86' lang='lat' dir='ltr'><strong>nobis</strong></span> <span class='ocrx_word' id='word_1_318' title='bbox 604 3386 714 3443; x_wconf 91' lang='lat' dir='ltr'><strong>duo</strong></span> <span class='ocrx_word' id='word_1_319' title='bbox 736 3392 865 3441; x_wconf 86' lang='lat' dir='ltr'><strong>sunt</strong></span> <span class='ocrx_word' id='word_1_320' title='bbox 904 3383 1199 3439; x_wconf 89' lang='lat' dir='ltr'><strong>desideria.</strong></span> <span class='ocrx_word' id='word_1_321' title='bbox 1228 3382 1411 3440; x_wconf 88' lang='lat' dir='ltr'><strong>Unum</strong></span> <span class='ocrx_word' id='word_1_322' title='bbox 1442 3390 1654 3441; x_wconf 73' lang='lat' dir='ltr'><strong>naturas</strong></span> <span class='ocrx_word' id='word_1_323' title='bbox 1693 3382 1762 3439; x_wconf 90' lang='lat' dir='ltr'><strong>de</strong></span> <span class='ocrx_word' id='word_1_324' title='bbox 1801 3390 2020 3441; x_wconf 89' lang='lat' dir='ltr'><strong>terrena</strong></span> <span class='ocrx_word' id='word_1_325' title='bbox 2057 3385 2344 3444; x_wconf 87' lang='lat' dir='ltr'><strong>inhabita-</strong></span> 
     </span>
     <span class='ocr_line' id='line_1_36' title="bbox 325 3471 2344 3544; baseline -0.001 -9"><span class='ocrx_word' id='word_1_326' title='bbox 325 3480 485 3535; x_wconf 86' lang='lat' dir='ltr'><strong>tione</strong></span> <span class='ocrx_word' id='word_1_327' title='bbox 512 3472 949 3533; x_wconf 80' lang='lat' dir='ltr'><strong>non&#39;deserenda</strong></span> <span class='ocrx_word' id='word_1_328' title='bbox 978 3489 992 3527; x_wconf 74' lang='grc' dir='ltr'><strong><em>ε</em></strong></span> <span class='ocrx_word' id='word_1_329' title='bbox 1020 3471 1168 3529; x_wconf 88' lang='lat' dir='ltr'><strong>aliud</strong></span> <span class='ocrx_word' id='word_1_330' title='bbox 1195 3473 1391 3544; x_wconf 77' lang='lat' dir='ltr'><strong>gratiae</strong></span> <span class='ocrx_word' id='word_1_331' title='bbox 1419 3471 1489 3528; x_wconf 91' lang='lat' dir='ltr'><strong>de</strong></span> <span class='ocrx_word' id='word_1_332' title='bbox 1524 3472 1736 3529; x_wconf 84' lang='lat' dir='ltr'><strong>eoelesti</strong></span> <span class='ocrx_word' id='word_1_333' title='bbox 1775 3472 2117 3531; x_wconf 86' lang='lat' dir='ltr'><strong>habitatione</strong></span> <span class='ocrx_word' id='word_1_334' title='bbox 2146 3492 2344 3533; x_wconf 89' lang='lat' dir='ltr'><strong>conse-</strong></span> 
     </span>
     <span class='ocr_line' id='line_1_37' title="bbox 326 3560 2343 3643; baseline 0 -21"><span class='ocrx_word' id='word_1_335' title='bbox 326 3565 577 3643; x_wconf 79' lang='lat' dir='ltr'><strong>quenda.</strong></span> <span class='ocrx_word' id='word_1_336' title='bbox 620 3564 727 3621; x_wconf 88' lang='lat' dir='ltr'><strong>Sed</strong></span> <span class='ocrx_word' id='word_1_337' title='bbox 755 3563 875 3619; x_wconf 84' lang='lat' dir='ltr'><strong>haeo</strong></span> <span class='ocrx_word' id='word_1_338' title='bbox 919 3562 1029 3617; x_wconf 94' lang='lat' dir='ltr'><strong>duo</strong></span> <span class='ocrx_word' id='word_1_339' title='bbox 1071 3561 1345 3619; x_wconf 85' lang='lat' dir='ltr'><strong>desideria</strong></span> <span class='ocrx_word' id='word_1_340' title='bbox 1392 3560 1606 3634; x_wconf 89' lang='lat' dir='ltr'><strong>impleri</strong></span> <span class='ocrx_word' id='word_1_341' title='bbox 1655 3578 1764 3618; x_wconf 88' lang='lat' dir='ltr'><strong>non</strong></span> <span class='ocrx_word' id='word_1_342' title='bbox 1809 3570 2058 3635; x_wconf 81' lang='lat' dir='ltr'><strong>possunt,</strong></span> <span class='ocrx_word' id='word_1_343' title='bbox 2104 3564 2234 3636; x_wconf 89' lang='lat' dir='ltr'><strong>quia</strong></span> <span class='ocrx_word' id='word_1_344' title='bbox 2275 3568 2343 3623; x_wconf 89' lang='lat' dir='ltr'><strong>ad</strong></span> 
     </span>
     <span class='ocr_line' id='line_1_38' title="bbox 323 3649 2343 3723; baseline -0.003 -8"><span class='ocrx_word' id='word_1_345' title='bbox 323 3655 617 3715; x_wconf 83' lang='lat' dir='ltr'><strong>coelestem</strong></span> <span class='ocrx_word' id='word_1_346' title='bbox 657 3651 1057 3709; x_wconf 86' lang='lat' dir='ltr'><strong>habitationem</strong></span> <span class='ocrx_word' id='word_1_347' title='bbox 1086 3649 1370 3722; x_wconf 88' lang='lat' dir='ltr'><strong>pervenire</strong></span> <span class='ocrx_word' id='word_1_348' title='bbox 1411 3665 1523 3704; x_wconf 87' lang='lat' dir='ltr'><strong>non</strong></span> <span class='ocrx_word' id='word_1_349' title='bbox 1568 3665 1874 3723; x_wconf 87' lang='lat' dir='ltr'><strong>possumus,</strong></span> <span class='ocrx_word' id='word_1_350' title='bbox 1921 3651 2024 3707; x_wconf 84' lang='lat' dir='ltr'><strong>nisi</strong></span> <span class='ocrx_word' id='word_1_351' title='bbox 2070 3657 2343 3709; x_wconf 85' lang='lat' dir='ltr'><strong>terrenam</strong></span> 
     </span>
     <span class='ocr_line' id='line_1_39' title="bbox 323 3736 2344 3815; baseline -0.002 -12"><span class='ocrx_word' id='word_1_352' title='bbox 323 3747 674 3803; x_wconf 86' lang='lat' dir='ltr'><strong>deseramus.</strong></span> <span class='ocrx_word' id='word_1_353' title='bbox 704 3740 864 3799; x_wconf 85' lang='lat' dir='ltr'><strong>Unde</strong></span> <span class='ocrx_word' id='word_1_354' title='bbox 905 3756 1031 3815; x_wconf 74' lang='lat' dir='ltr'><strong>eum</strong></span> <span class='ocrx_word' id='word_1_355' title='bbox 1058 3737 1299 3813; x_wconf 90' lang='lat' dir='ltr'><strong>quadam</strong></span> <span class='ocrx_word' id='word_1_356' title='bbox 1341 3736 1543 3793; x_wconf 76' lang='lat' dir='ltr'><strong>fiducia</strong></span> <span class='ocrx_word' id='word_1_357' title='bbox 1572 3738 1730 3796; x_wconf 84' lang='lat' dir='ltr'><strong>firma</strong></span> <span class='ocrx_word' id='word_1_358' title='bbox 1775 3741 1830 3793; x_wconf 83' lang='lat' dir='ltr'><strong>e&#39;t</strong></span> <span class='ocrx_word' id='word_1_359' title='bbox 1866 3739 2098 3797; x_wconf 85' lang='lat' dir='ltr'><strong>audacia</strong></span> <span class='ocrx_word' id='word_1_360' title='bbox 2127 3741 2344 3799; x_wconf 86' lang='lat' dir='ltr'><strong>deside-</strong></span> 
     </span>
     <span class='ocr_line' id='line_1_40' title="bbox 321 3825 2344 3905; baseline -0.001 -14"><span class='ocrx_word' id='word_1_361' title='bbox 321 3834 479 3892; x_wconf 88' lang='lat' dir='ltr'><strong>rium</strong></span> <span class='ocrx_word' id='word_1_362' title='bbox 514 3832 711 3904; x_wconf 85' lang='lat' dir='ltr'><strong>gratiae</strong></span> <span class='ocrx_word' id='word_1_363' title='bbox 756 3828 1099 3905; x_wconf 60' lang='lat' dir='ltr'><strong>praeferimus</strong></span> <span class='ocrx_word' id='word_1_364' title='bbox 1125 3825 1397 3884; x_wconf 89' lang='lat' dir='ltr'><strong>desiderio</strong></span> <span class='ocrx_word' id='word_1_365' title='bbox 1437 3831 1667 3892; x_wconf 84' lang='lat' dir='ltr'><strong>naturae,</strong></span> <span class='ocrx_word' id='word_1_366' title='bbox 1708 3836 1769 3883; x_wconf 91' lang='lat' dir='ltr'><strong>ut</strong></span> <span class='ocrx_word' id='word_1_367' title='bbox 1810 3827 2040 3885; x_wconf 86' lang='lat' dir='ltr'><strong>velimus</strong></span> <span class='ocrx_word' id='word_1_368' title='bbox 2072 3836 2344 3889; x_wconf 86' lang='lat' dir='ltr'><strong>terrenam</strong></span> 
     </span>
     <span class='ocr_line' id='line_1_41' title="bbox 322 3910 2346 3988; baseline -0.001 -8"><span class='ocrx_word' id='word_1_369' title='bbox 322 3920 735 3980; x_wconf 82' lang='lat' dir='ltr'><strong>habitationem</strong></span> <span class='ocrx_word' id='word_1_370' title='bbox 780 3921 1055 3985; x_wconf 86' lang='lat' dir='ltr'><strong>deserere,</strong></span> <span class='ocrx_word' id='word_1_371' title='bbox 1100 3924 1156 3973; x_wconf 90' lang='lat' dir='ltr'><strong>et</strong></span> <span class='ocrx_word' id='word_1_372' title='bbox 1195 3915 1267 3973; x_wconf 91' lang='lat' dir='ltr'><strong>ad</strong></span> <span class='ocrx_word' id='word_1_373' title='bbox 1315 3914 1595 3972; x_wconf 80' lang='lat' dir='ltr'><strong>coelestem</strong></span> <span class='ocrx_word' id='word_1_374' title='bbox 1638 3910 1922 3988; x_wconf 67' lang='lat' dir='ltr'><strong>pervenire</strong></span> <span class='ocrx_word' id='word_1_375' title='bbox 1967 3934 1980 3972; x_wconf 81' lang='lat' dir='ltr'><strong>t</strong></span> <span class='ocrx_word' id='word_1_376' title='bbox 2025 3924 2081 3976; x_wconf 91' lang='lat' dir='ltr'><strong>et</strong></span> <span class='ocrx_word' id='word_1_377' title='bbox 2121 3919 2225 3977; x_wconf 88' lang='lat' dir='ltr'><strong>hoc</strong></span> <span class='ocrx_word' id='word_1_378' title='bbox 2261 3930 2346 3979; x_wconf 87' lang='lat' dir='ltr'><strong>est</strong></span> 
     </span>
    </p>
   </div>
   <div class='ocr_carea' id='block_1_5' title="bbox 850 4027 1836 4089">
    <p class='ocr_par' dir='ltr' id='par_1_5' title="bbox 850 4027 1836 4089">
     <span class='ocr_line' id='line_1_42' title="bbox 850 4027 1836 4089; baseline -0.003 -5"><span class='ocrx_word' id='word_1_379' title='bbox 850 4027 901 4084; x_wconf 73' lang='lat' dir='ltr'><strong>S.</strong></span> <span class='ocrx_word' id='word_1_380' title='bbox 934 4036 1089 4084; x_wconf 69' lang='lat' dir='ltr'><strong>Tuon.</strong></span> <span class='ocrx_word' id='word_1_381' title='bbox 1124 4036 1209 4089; x_wconf 73' lang='lat' dir='ltr'><strong>lm.</strong></span> <span class='ocrx_word' id='word_1_382' title='bbox 1245 4034 1508 4081; x_wconf 69' lang='lat' dir='ltr'><strong>Oruseuu.</strong></span> <span class='ocrx_word' id='word_1_383' title='bbox 1540 4056 1600 4067; x_wconf 96' lang='lat'>—</span> <span class='ocrx_word' id='word_1_384' title='bbox 1630 4032 1666 4081; x_wconf 91' lang='grc' dir='ltr'><strong>Ι.</strong></span> <span class='ocrx_word' id='word_1_385' title='bbox 1690 4054 1752 4071; x_wconf 88' lang='lat'>-</span> <span class='ocrx_word' id='word_1_386' title='bbox 1777 4032 1836 4081; x_wconf 80' lang='lat'><strong>16</strong></span> 
     </span>
    </p>
   </div>
  </div>
 </body>
</html>
