<?xml version="1.0" encoding="UTF-8"?>
<!DOCTYPE html PUBLIC "-//W3C//DTD XHTML 1.0 Transitional//EN"
    "http://www.w3.org/TR/xhtml1/DTD/xhtml1-transitional.dtd">
<html xmlns="http://www.w3.org/1999/xhtml" xml:lang="en" lang="en">
 <head>
  <title>
</title>
<meta http-equiv="Content-Type" content="text/html;charset=utf-8" />
  <meta name='ocr-system' content='tesseract 3.04.00' />
  <meta name='ocr-capabilities' content='ocr_page ocr_carea ocr_par ocr_line ocrx_word'/>
</head>
<body>
  <div class='ocr_page' id='page_1' title='image "./sthomaquinatisd02thomgoog_0365.png"; bbox 0 0 2850 4517; ppageno 0'>
   <div class='ocr_carea' id='block_1_1' title="bbox 574 331 2268 394">
    <p class='ocr_par' dir='ltr' id='par_1_1' title="bbox 574 331 2268 394">
     <span class='ocr_line' id='line_1_1' title="bbox 574 331 2268 394; baseline 0.001 -4"><span class='ocrx_word' id='word_1_1' title='bbox 574 347 660 390; x_wconf 77' lang='lat' dir='ltr'><em>iv.</em></span> <span class='ocrx_word' id='word_1_2' title='bbox 687 359 768 375; x_wconf 88' lang='lat'><em>--</em></span> <span class='ocrx_word' id='word_1_3' title='bbox 794 339 872 390; x_wconf 76' lang='lat' dir='ltr'><em>bn</em></span> <span class='ocrx_word' id='word_1_4' title='bbox 913 343 1333 392; x_wconf 64' lang='lat' dir='ltr'><em>penencnoun</em></span> <span class='ocrx_word' id='word_1_5' title='bbox 1372 339 1542 392; x_wconf 70' lang='lat' dir='ltr'><em>viui</em></span> <span class='ocrx_word' id='word_1_6' title='bbox 1593 347 1966 394; x_wconf 59' lang='lat' dir='ltr'><em>ermannus</em></span> <span class='ocrx_word' id='word_1_7' title='bbox 2151 331 2268 393; x_wconf 81' lang='lat'><em>351</em></span> 
     </span>
    </p>
   </div>
   <div class='ocr_carea' id='block_1_2' title="bbox 264 461 2278 894">
    <p class='ocr_par' dir='ltr' id='par_1_2' title="bbox 264 461 2278 894">
     <span class='ocr_line' id='line_1_2' title="bbox 271 461 2278 534; baseline 0.002 -17"><span class='ocrx_word' id='word_1_8' title='bbox 271 461 435 517; x_wconf 75' lang='lat' dir='ltr'><em>fuerit</em></span> <span class='ocrx_word' id='word_1_9' title='bbox 462 461 747 534; x_wconf 86' lang='lat' dir='ltr'><em>abjectior,</em></span> <span class='ocrx_word' id='word_1_10' title='bbox 779 461 1078 519; x_wconf 74' lang='lat' dir='ltr'><em>secundum</em></span> <span class='ocrx_word' id='word_1_11' title='bbox 1109 462 1240 519; x_wconf 91' lang='lat' dir='ltr'><em>illud</em></span> <span class='ocrx_word' id='word_1_12' title='bbox 1268 464 1401 520; x_wconf 84' lang='lat' dir='ltr'><em>Luc.</em></span> <span class='ocrx_word' id='word_1_13' title='bbox 1433 479 1539 520; x_wconf 80' lang='lat' dir='ltr'><em>xiv</em></span> <span class='ocrx_word' id='word_1_14' title='bbox 1569 479 1583 518; x_wconf 69' lang='grc' dir='ltr'><strong>ε</strong></span> <span class='ocrx_word' id='word_1_15' title='bbox 1621 462 1726 530; x_wconf 74' lang='lat' dir='ltr'><em>Qui</em></span> <span class='ocrx_word' id='word_1_16' title='bbox 1751 479 1803 519; x_wconf 71' lang='lat' dir='ltr'><em>se</em></span> <span class='ocrx_word' id='word_1_17' title='bbox 1834 463 2098 532; x_wconf 73' lang='lat' dir='ltr'><em>humiliat,</em></span> <span class='ocrx_word' id='word_1_18' title='bbox 2126 467 2278 522; x_wconf 72' lang='lat' dir='ltr'><em>emal-</em></span> 
     </span>
     <span class='ocr_line' id='line_1_3' title="bbox 266 550 2275 625; baseline 0.001 -19"><span class='ocrx_word' id='word_1_19' title='bbox 266 551 499 616; x_wconf 76' lang='lat' dir='ltr'><em>tubitur,</em></span> <span class='ocrx_word' id='word_1_20' title='bbox 526 558 580 606; x_wconf 87' lang='lat' dir='ltr'><em>et</em></span> <span class='ocrx_word' id='word_1_21' title='bbox 608 550 797 606; x_wconf 83' lang='lat' dir='ltr'><em>Jacob.</em></span> <span class='ocrx_word' id='word_1_22' title='bbox 828 566 893 618; x_wconf 88' lang='lat'><em>11,</em></span> <span class='ocrx_word' id='word_1_23' title='bbox 925 551 1126 607; x_wconf 90' lang='lat' dir='ltr'><em>dicitur</em></span> <span class='ocrx_word' id='word_1_24' title='bbox 1158 569 1171 606; x_wconf 72' lang='grc' dir='ltr'><strong><em>ε</em></strong></span> <span class='ocrx_word' id='word_1_25' title='bbox 1203 551 1382 625; x_wconf 72' lang='lat' dir='ltr'><em>Eleyit</em></span> <span class='ocrx_word' id='word_1_26' title='bbox 1411 551 1553 608; x_wconf 76' lang='lat' dir='ltr'><em>Deus</em></span> <span class='ocrx_word' id='word_1_27' title='bbox 1569 561 1834 625; x_wconf 66' lang='lat' dir='ltr'><em>pauperes</em></span> <span class='ocrx_word' id='word_1_28' title='bbox 1861 551 2036 608; x_wconf 73' lang='lat' dir='ltr'><em>iri-hoc</em></span> <span class='ocrx_word' id='word_1_29' title='bbox 2057 554 2275 618; x_wconf 81' lang='lat' dir='ltr'><em>mundo,</em></span> 
     </span>
     <span class='ocr_line' id='line_1_4' title="bbox 266 636 2278 714; baseline 0.001 -20"><span class='ocrx_word' id='word_1_30' title='bbox 266 639 459 695; x_wconf 75' lang='lat' dir='ltr'><em>divites</em></span> <span class='ocrx_word' id='word_1_31' title='bbox 485 640 544 694; x_wconf 73' lang='lat' dir='ltr'><em>in</em></span> <span class='ocrx_word' id='word_1_32' title='bbox 571 640 695 712; x_wconf 68' lang='lat' dir='ltr'><em>fide,</em></span> <span class='ocrx_word' id='word_1_33' title='bbox 726 643 777 697; x_wconf 74' lang='lat' dir='ltr'><em>et</em></span> <span class='ocrx_word' id='word_1_34' title='bbox 808 636 1039 696; x_wconf 74' lang='lat' dir='ltr'><em>hoeredcs</em></span> <span class='ocrx_word' id='word_1_35' title='bbox 1060 641 1233 714; x_wconf 71' lang='lat' dir='ltr'><em>requi.</em></span> <span class='ocrx_word' id='word_1_36' title='bbox 1263 642 1371 699; x_wconf 85' lang='lat' dir='ltr'><em>Sed</em></span> <span class='ocrx_word' id='word_1_37' title='bbox 1408 642 1745 699; x_wconf 74' lang='lat' dir='ltr'><strong>mundanam</strong></span> <span class='ocrx_word' id='word_1_38' title='bbox 1770 640 2001 713; x_wconf 77' lang='lat' dir='ltr'><strong>gloriam</strong></span> <span class='ocrx_word' id='word_1_39' title='bbox 2030 641 2278 698; x_wconf 88' lang='lat' dir='ltr'><em>ambien-</em></span> 
     </span>
     <span class='ocr_line' id='line_1_5' title="bbox 268 728 2278 804; baseline 0.001 -20"><span class='ocrx_word' id='word_1_40' title='bbox 268 737 371 796; x_wconf 73' lang='lat' dir='ltr'><em>tes,</em></span> <span class='ocrx_word' id='word_1_41' title='bbox 402 728 498 786; x_wconf 82' lang='lat' dir='ltr'><em>illa</em></span> <span class='ocrx_word' id='word_1_42' title='bbox 540 735 688 786; x_wconf 79' lang='lat' dir='ltr'><em>stare</em></span> <span class='ocrx_word' id='word_1_43' title='bbox 714 737 968 803; x_wconf 81' lang='lat' dir='ltr'><em>reputant</em></span> <span class='ocrx_word' id='word_1_44' title='bbox 998 743 1121 804; x_wconf 80' lang='lat' dir='ltr'><em>quae</em></span> <span class='ocrx_word' id='word_1_45' title='bbox 1150 731 1219 786; x_wconf 86' lang='lat' dir='ltr'><em>ad</em></span> <span class='ocrx_word' id='word_1_46' title='bbox 1252 731 1484 804; x_wconf 84' lang='lat' dir='ltr'><em>gloriam</em></span> <span class='ocrx_word' id='word_1_47' title='bbox 1517 731 1813 804; x_wconf 77' lang='lat' dir='ltr'><em>pertinent,</em></span> <span class='ocrx_word' id='word_1_48' title='bbox 1845 737 2012 804; x_wconf 87' lang='lat' dir='ltr'><em>atque</em></span> <span class='ocrx_word' id='word_1_49' title='bbox 2035 729 2128 787; x_wconf 88' lang='lat' dir='ltr'><em>iiia</em></span> <span class='ocrx_word' id='word_1_50' title='bbox 2157 739 2278 787; x_wconf 83' lang='lat' dir='ltr'><em>esse</em></span> 
     </span>
     <span class='ocr_line' id='line_1_6' title="bbox 264 818 1217 894; baseline 0.002 -20"><span class='ocrx_word' id='word_1_51' title='bbox 264 818 501 892; x_wconf 78' lang='lat' dir='ltr'><em>dejecta,</em></span> <span class='ocrx_word' id='word_1_52' title='bbox 534 831 661 894; x_wconf 69' lang='lat' dir='ltr'><em>quae</em></span> <span class='ocrx_word' id='word_1_53' title='bbox 687 819 943 880; x_wconf 76' lang='lat' dir='ltr'><em>videntur</em></span> <span class='ocrx_word' id='word_1_54' title='bbox 969 819 1217 878; x_wconf 79' lang='lat' dir='ltr'><em>humilia.</em></span> 
     </span>
    </p>
   </div>
   <div class='ocr_carea' id='block_1_3' title="bbox 915 990 1564 1062">
    <p class='ocr_par' dir='ltr' id='par_1_3' title="bbox 915 990 1564 1062">
     <span class='ocr_line' id='line_1_7' title="bbox 915 990 1564 1062; baseline 0.002 -1"><span class='ocrx_word' id='word_1_55' title='bbox 915 1014 923 1020; x_wconf 87' lang='lat'><strong>·</strong></span> <span class='ocrx_word' id='word_1_56' title='bbox 984 991 1270 1061; x_wconf 77' lang='lat' dir='ltr'><strong>GAPUT</strong></span> <span class='ocrx_word' id='word_1_57' title='bbox 1312 990 1564 1062; x_wconf 86' lang='lat' dir='ltr'><strong>XXIV.</strong></span> 
     </span>
    </p>
   </div>
   <div class='ocr_carea' id='block_1_4' title="bbox 266 1116 2283 1392">
    <p class='ocr_par' dir='ltr' id='par_1_4' title="bbox 266 1116 2283 1392">
     <span class='ocr_line' id='line_1_8' title="bbox 266 1116 2283 1220; baseline -0.001 -24"><span class='ocrx_word' id='word_1_58' title='bbox 266 1129 515 1196; x_wconf 76' lang='lat' dir='ltr'><em>Salutio</em></span> <span class='ocrx_word' id='word_1_59' title='bbox 556 1131 865 1194; x_wconf 80' lang='lat' dir='ltr'><em>rationum</em></span> <span class='ocrx_word' id='word_1_60' title='bbox 911 1149 1043 1212; x_wconf 77' lang='lat' dir='ltr'><em>quae</em></span> <span class='ocrx_word' id='word_1_61' title='bbox 1086 1131 1526 1220; x_wconf 63' lang='lat' dir='ltr'><em>inducebantur</em></span> <span class='ocrx_word' id='word_1_62' title='bbox 1552 1132 1634 1195; x_wconf 84' lang='lat' dir='ltr'><em>ad</em></span> <span class='ocrx_word' id='word_1_63' title='bbox 1647 1131 2050 1212; x_wconf 76' lang='lat' dir='ltr'><em>probandum,</em></span> <span class='ocrx_word' id='word_1_64' title='bbox 2091 1116 2283 1213; x_wconf 68' lang='lat' dir='ltr'><em>qnare</em></span> 
     </span>
     <span class='ocr_line' id='line_1_9' title="bbox 347 1222 2281 1298; baseline -0.001 -14"><span class='ocrx_word' id='word_1_65' title='bbox 347 1223 615 1298; x_wconf 76' lang='lat' dir='ltr'><em>desectus</em></span> <span class='ocrx_word' id='word_1_66' title='bbox 636 1222 917 1284; x_wconf 72' lang='lat' dir='ltr'><em>solmnis</em></span> <span class='ocrx_word' id='word_1_67' title='bbox 938 1222 1361 1285; x_wconf 71' lang='lat' dir='ltr'><em>benedictionis</em></span> <span class='ocrx_word' id='word_1_68' title='bbox 1379 1223 1474 1286; x_wconf 76' lang='lat' dir='ltr'><em>ccl</em></span> <span class='ocrx_word' id='word_1_69' title='bbox 1490 1222 1952 1286; x_wconf 75' lang='lat' dir='ltr'><em>consecrationis</em></span> <span class='ocrx_word' id='word_1_70' title='bbox 1973 1237 2092 1283; x_wconf 89' lang='lat' dir='ltr'><em>non</em></span> <span class='ocrx_word' id='word_1_71' title='bbox 2115 1222 2281 1284; x_wconf 74' lang='lat' dir='ltr'><em>dero-</em></span> 
     </span>
     <span class='ocr_line' id='line_1_10' title="bbox 343 1311 2271 1392; baseline -0.002 -18"><span class='ocrx_word' id='word_1_72' title='bbox 343 1315 460 1392; x_wconf 71' lang='lat' dir='ltr'><em>aat</em></span> <span class='ocrx_word' id='word_1_73' title='bbox 484 1311 682 1374; x_wconf 76' lang='lat' dir='ltr'><em>staini</em></span> <span class='ocrx_word' id='word_1_74' title='bbox 700 1311 1089 1392; x_wconf 73' lang='lat' dir='ltr'><em>perfectionis</em></span> <span class='ocrx_word' id='word_1_75' title='bbox 1106 1312 1448 1392; x_wconf 66' lang='lat' dir='ltr'><em>presbyteri</em></span> <span class='ocrx_word' id='word_1_76' title='bbox 1467 1313 1694 1385; x_wconf 79' lang='lat' dir='ltr'><em>curati,</em></span> <span class='ocrx_word' id='word_1_77' title='bbox 1721 1312 1814 1374; x_wconf 79' lang='lat' dir='ltr'><em>vel</em></span> <span class='ocrx_word' id='word_1_78' title='bbox 1835 1311 2271 1374; x_wconf 73' lang='lat' dir='ltr'><em>archidiaconi.</em></span> 
     </span>
    </p>
   </div>
   <div class='ocr_carea' id='block_1_5' title="bbox 210 1443 2278 2588">
    <p class='ocr_par' dir='ltr' id='par_1_5' title="bbox 210 1443 2278 2588">
     <span class='ocr_line' id='line_1_11' title="bbox 336 1443 2275 1518; baseline -0.001 -18"><span class='ocrx_word' id='word_1_79' title='bbox 336 1444 573 1501; x_wconf 72' lang='lat' dir='ltr'><em>Ostenso</em></span> <span class='ocrx_word' id='word_1_80' title='bbox 617 1445 787 1517; x_wconf 86' lang='lat' dir='ltr'><em>igitur</em></span> <span class='ocrx_word' id='word_1_81' title='bbox 826 1453 992 1518; x_wconf 72' lang='lat' dir='ltr'><em>quain</em></span> <span class='ocrx_word' id='word_1_82' title='bbox 1027 1445 1236 1504; x_wconf 72' lang='lat' dir='ltr'><em>frivolae</em></span> <span class='ocrx_word' id='word_1_83' title='bbox 1276 1453 1403 1504; x_wconf 77' lang='lat' dir='ltr'><em>sunt</em></span> <span class='ocrx_word' id='word_1_84' title='bbox 1443 1445 1683 1502; x_wconf 82' lang='lat' dir='ltr'><em>rationes</em></span> <span class='ocrx_word' id='word_1_85' title='bbox 1727 1459 1864 1518; x_wconf 83' lang='lat' dir='ltr'><em>quas</em></span> <span class='ocrx_word' id='word_1_86' title='bbox 1903 1443 2168 1501; x_wconf 87' lang='lat' dir='ltr'><em>inducunt</em></span> <span class='ocrx_word' id='word_1_87' title='bbox 2205 1444 2275 1500; x_wconf 85' lang='lat' dir='ltr'><em>ad</em></span> 
     </span>
     <span class='ocr_line' id='line_1_12' title="bbox 264 1533 2276 1608; baseline -0.001 -18"><span class='ocrx_word' id='word_1_88' title='bbox 264 1533 667 1590; x_wconf 81' lang='lat' dir='ltr'><em>ostendendum</em></span> <span class='ocrx_word' id='word_1_89' title='bbox 692 1533 835 1607; x_wconf 85' lang='lat' dir='ltr'><em>quod</em></span> <span class='ocrx_word' id='word_1_90' title='bbox 858 1533 1226 1592; x_wconf 78' lang='lat' dir='ltr'><em>archidiaconi</em></span> <span class='ocrx_word' id='word_1_91' title='bbox 1252 1539 1309 1592; x_wconf 84' lang='lat' dir='ltr'><em>et</em></span> <span class='ocrx_word' id='word_1_92' title='bbox 1333 1533 1638 1608; x_wconf 78' lang='lat' dir='ltr'><em>presbyteri</em></span> <span class='ocrx_word' id='word_1_93' title='bbox 1664 1533 1841 1590; x_wconf 86' lang='lat' dir='ltr'><em>curati</em></span> <span class='ocrx_word' id='word_1_94' title='bbox 1869 1538 1997 1590; x_wconf 84' lang='lat' dir='ltr'><em>sunt</em></span> <span class='ocrx_word' id='word_1_95' title='bbox 2034 1533 2090 1589; x_wconf 90' lang='lat' dir='ltr'><em>in</em></span> <span class='ocrx_word' id='word_1_96' title='bbox 2123 1533 2276 1589; x_wconf 80' lang='lat' dir='ltr'><em>statu</em></span> 
     </span>
     <span class='ocr_line' id='line_1_13' title="bbox 264 1621 2276 1696; baseline 0.001 -20"><span class='ocrx_word' id='word_1_97' title='bbox 264 1621 599 1694; x_wconf 78' lang='lat' dir='ltr'><em>perfectiori,</em></span> <span class='ocrx_word' id='word_1_98' title='bbox 636 1635 803 1696; x_wconf 80' lang='lat' dir='ltr'><em>quam</em></span> <span class='ocrx_word' id='word_1_99' title='bbox 832 1623 1091 1694; x_wconf 80' lang='lat' dir='ltr'><em>religiosi,</em></span> <span class='ocrx_word' id='word_1_100' title='bbox 1137 1623 1532 1680; x_wconf 81' lang='lat' dir='ltr'><em>ostendendum</em></span> <span class='ocrx_word' id='word_1_101' title='bbox 1568 1632 1652 1680; x_wconf 86' lang='lat' dir='ltr'><em>est</em></span> <span class='ocrx_word' id='word_1_102' title='bbox 1694 1633 1860 1694; x_wconf 87' lang='lat' dir='ltr'><em>quam</em></span> <span class='ocrx_word' id='word_1_103' title='bbox 1905 1621 2160 1683; x_wconf 74' lang='lat' dir='ltr'><em>frivolum</em></span> <span class='ocrx_word' id='word_1_104' title='bbox 2203 1621 2276 1679; x_wconf 78' lang='lat' dir='ltr'><em>sit</em></span> 
     </span>
     <span class='ocr_line' id='line_1_14' title="bbox 263 1709 2278 1785; baseline 0 -19"><span class='ocrx_word' id='word_1_105' title='bbox 263 1711 414 1785; x_wconf 85' lang='lat' dir='ltr'><em>quod</em></span> <span class='ocrx_word' id='word_1_106' title='bbox 438 1711 703 1784; x_wconf 85' lang='lat' dir='ltr'><em>objiciunt</em></span> <span class='ocrx_word' id='word_1_107' title='bbox 732 1717 923 1768; x_wconf 86' lang='lat' dir='ltr'><em>contra</em></span> <span class='ocrx_word' id='word_1_108' title='bbox 946 1711 1052 1767; x_wconf 89' lang='lat' dir='ltr'><em>hoc</em></span> <span class='ocrx_word' id='word_1_109' title='bbox 1080 1709 1225 1784; x_wconf 87' lang='lat' dir='ltr'><em>quod</em></span> <span class='ocrx_word' id='word_1_110' title='bbox 1250 1711 1457 1768; x_wconf 86' lang='lat' dir='ltr'><em>dictum</em></span> <span class='ocrx_word' id='word_1_111' title='bbox 1486 1715 1588 1778; x_wconf 84' lang='lat' dir='ltr'><em>est,</em></span> <span class='ocrx_word' id='word_1_112' title='bbox 1622 1711 1768 1783; x_wconf 90' lang='lat' dir='ltr'><em>quod</em></span> <span class='ocrx_word' id='word_1_113' title='bbox 1798 1711 1855 1767; x_wconf 89' lang='lat' dir='ltr'><em>in</em></span> <span class='ocrx_word' id='word_1_114' title='bbox 1881 1715 2032 1767; x_wconf 82' lang='lat' dir='ltr'><em>statu</em></span> <span class='ocrx_word' id='word_1_115' title='bbox 2059 1711 2278 1784; x_wconf 80' lang='lat' dir='ltr'><em>persec-</em></span> 
     </span>
     <span class='ocr_line' id='line_1_15' title="bbox 264 1797 2277 1874; baseline -0.002 -16"><span class='ocrx_word' id='word_1_116' title='bbox 264 1801 433 1858; x_wconf 85' lang='lat' dir='ltr'><em>tionis</em></span> <span class='ocrx_word' id='word_1_117' title='bbox 462 1802 586 1874; x_wconf 83' lang='lat' dir='ltr'><em>quis</em></span> <span class='ocrx_word' id='word_1_118' title='bbox 630 1800 853 1872; x_wconf 87' lang='lat' dir='ltr'><em>ponitur</em></span> <span class='ocrx_word' id='word_1_119' title='bbox 892 1801 1003 1872; x_wconf 82' lang='lat' dir='ltr'><em>per&#39;</em></span> <span class='ocrx_word' id='word_1_120' title='bbox 1034 1799 1331 1856; x_wconf 85' lang='lat' dir='ltr'><em>solemnem</em></span> <span class='ocrx_word' id='word_1_121' title='bbox 1370 1797 1806 1856; x_wconf 83' lang='lat' dir='ltr'><em>benedictionem</em></span> <span class='ocrx_word' id='word_1_122' title='bbox 1849 1803 1942 1855; x_wconf 90' lang='lat' dir='ltr'><em>aut</em></span> <span class='ocrx_word' id='word_1_123' title='bbox 1985 1812 2277 1855; x_wconf 84' lang='lat' dir='ltr'><em>consecra-</em></span> 
     </span>
     <span class='ocr_line' id='line_1_16' title="bbox 210 1879 2277 1961; baseline 0 -16"><span class='ocrx_word' id='word_1_124' title='bbox 210 1879 217 1884; x_wconf 71' lang='grc'>’</span> <span class='ocrx_word' id='word_1_125' title='bbox 262 1891 494 1946; x_wconf 88' lang='lat' dir='ltr'><em>tionem.</em></span> <span class='ocrx_word' id='word_1_126' title='bbox 524 1889 625 1946; x_wconf 85' lang='lat' dir='ltr'><em>Ubi</em></span> <span class='ocrx_word' id='word_1_127' title='bbox 651 1889 827 1961; x_wconf 88' lang='lat' dir='ltr'><em>primo</em></span> <span class='ocrx_word' id='word_1_128' title='bbox 856 1883 1311 1944; x_wconf 73' lang='lat' dir='ltr'><em>considerandum</em></span> <span class='ocrx_word' id='word_1_129' title='bbox 1341 1893 1442 1955; x_wconf 84' lang='lat' dir='ltr'><em>est,</em></span> <span class='ocrx_word' id='word_1_130' title='bbox 1472 1887 1617 1960; x_wconf 89' lang='lat' dir='ltr'><em>quod</em></span> <span class='ocrx_word' id='word_1_131' title='bbox 1651 1887 1910 1949; x_wconf 82' lang='lat' dir='ltr'><em>solemnis</em></span> <span class='ocrx_word' id='word_1_132' title='bbox 1937 1885 2277 1945; x_wconf 83' lang='lat' dir='ltr'><em>consecratio</em></span> 
     </span>
     <span class='ocr_line' id='line_1_17' title="bbox 264 1972 2273 2048; baseline -0.002 -12"><span class='ocrx_word' id='word_1_133' title='bbox 264 1983 361 2036; x_wconf 80' lang='lat' dir='ltr'><em>aut</em></span> <span class='ocrx_word' id='word_1_134' title='bbox 387 1977 701 2034; x_wconf 74' lang='lat' dir='ltr'><em>benedictio</em></span> <span class='ocrx_word' id='word_1_135' title='bbox 724 1992 830 2032; x_wconf 88' lang='lat' dir='ltr'><em>non</em></span> <span class='ocrx_word' id='word_1_136' title='bbox 861 1977 944 2031; x_wconf 86' lang='lat' dir='ltr'><em>est</em></span> <span class='ocrx_word' id='word_1_137' title='bbox 967 1989 1134 2032; x_wconf 86' lang='lat' dir='ltr'><em>causa</em></span> <span class='ocrx_word' id='word_1_138' title='bbox 1162 1975 1309 2048; x_wconf 89' lang='lat' dir='ltr'><em>quod</em></span> <span class='ocrx_word' id='word_1_139' title='bbox 1343 1975 1507 2032; x_wconf 89' lang='lat' dir='ltr'><em>homo</em></span> <span class='ocrx_word' id='word_1_140' title='bbox 1541 1975 1613 2032; x_wconf 87' lang='lat' dir='ltr'><em>sit</em></span> <span class='ocrx_word' id='word_1_141' title='bbox 1646 1975 1701 2030; x_wconf 92' lang='lat' dir='ltr'><em>in</em></span> <span class='ocrx_word' id='word_1_142' title='bbox 1726 1979 1874 2032; x_wconf 83' lang='lat' dir='ltr'><em>statu</em></span> <span class='ocrx_word' id='word_1_143' title='bbox 1904 1972 2273 2048; x_wconf 51' lang='lat' dir='ltr'><em>perfectioni&amp;</em></span> 
     </span>
     <span class='ocr_line' id='line_1_18' title="bbox 262 2060 2278 2138; baseline -0.002 -14"><span class='ocrx_word' id='word_1_144' title='bbox 262 2067 359 2124; x_wconf 85' lang='lat' dir='ltr'><em>sed</em></span> <span class='ocrx_word' id='word_1_145' title='bbox 390 2063 671 2124; x_wconf 79' lang='lat' dir='ltr'><em>inducitur</em></span> <span class='ocrx_word' id='word_1_146' title='bbox 707 2065 863 2138; x_wconf 85' lang='lat' dir='ltr'><em>quasi</em></span> <span class='ocrx_word' id='word_1_147' title='bbox 890 2063 1124 2137; x_wconf 84' lang='lat' dir='ltr'><em>signum.</em></span> <span class='ocrx_word' id='word_1_148' title='bbox 1150 2065 1271 2121; x_wconf 89' lang='lat' dir='ltr'><em>Non</em></span> <span class='ocrx_word' id='word_1_149' title='bbox 1300 2065 1446 2120; x_wconf 89' lang='lat' dir='ltr'><em>enim</em></span> <span class='ocrx_word' id='word_1_150' title='bbox 1479 2060 1768 2120; x_wconf 83' lang='lat' dir='ltr'><em>adhibetur</em></span> <span class='ocrx_word' id='word_1_151' title='bbox 1796 2061 1902 2120; x_wconf 87' lang='lat' dir='ltr'><em>nisi</em></span> <span class='ocrx_word' id='word_1_152' title='bbox 1929 2061 2056 2132; x_wconf 81' lang='lat' dir='ltr'><em>iilis,</em></span> <span class='ocrx_word' id='word_1_153' title='bbox 2089 2063 2182 2137; x_wconf 74' lang='lat' dir='ltr'><em>qui</em></span> <span class='ocrx_word' id='word_1_154' title='bbox 2222 2063 2278 2120; x_wconf 93' lang='lat' dir='ltr'><em>in</em></span> 
     </span>
     <span class='ocr_line' id='line_1_19' title="bbox 263 2149 2278 2230; baseline -0.002 -18"><span class='ocrx_word' id='word_1_155' title='bbox 263 2155 453 2230; x_wconf 89' lang='lat' dir='ltr'><em>aliquo</em></span> <span class='ocrx_word' id='word_1_156' title='bbox 480 2157 630 2210; x_wconf 84' lang='lat' dir='ltr'><em>statu</em></span> <span class='ocrx_word' id='word_1_157' title='bbox 659 2157 935 2227; x_wconf 87' lang='lat' dir='ltr'><em>ponuntur</em></span> <span class='ocrx_word' id='word_1_158' title='bbox 967 2171 981 2208; x_wconf 90' lang='lat'>:</span> <span class='ocrx_word' id='word_1_159' title='bbox 1014 2165 1119 2210; x_wconf 86' lang='lat' dir='ltr'><em>non</em></span> <span class='ocrx_word' id='word_1_160' title='bbox 1160 2151 1382 2227; x_wconf 87' lang='lat' dir='ltr'><em>quidem</em></span> <span class='ocrx_word' id='word_1_161' title='bbox 1410 2167 1624 2226; x_wconf 88' lang='lat' dir='ltr'><em>semper</em></span> <span class='ocrx_word' id='word_1_162' title='bbox 1651 2153 1706 2207; x_wconf 91' lang='lat' dir='ltr'><em>in</em></span> <span class='ocrx_word' id='word_1_163' title='bbox 1738 2155 1887 2209; x_wconf 80' lang='lat' dir='ltr'><em>statu</em></span> <span class='ocrx_word' id='word_1_164' title='bbox 1925 2149 2278 2226; x_wconf 74' lang='lat' dir='ltr'><em>perfectionis</em></span> 
     </span>
     <span class='ocr_line' id='line_1_20' title="bbox 262 2239 2277 2317; baseline -0.001 -16"><span class='ocrx_word' id='word_1_165' title='bbox 262 2241 645 2310; x_wconf 71' lang='lat' dir='ltr'><em>existentibuS,</em></span> <span class='ocrx_word' id='word_1_166' title='bbox 696 2243 792 2299; x_wconf 80' lang='lat' dir='ltr'><em>sed</em></span> <span class='ocrx_word' id='word_1_167' title='bbox 836 2247 1041 2299; x_wconf 85' lang='lat' dir='ltr'><em>statum</em></span> <span class='ocrx_word' id='word_1_168' title='bbox 1072 2256 1472 2317; x_wconf 86' lang='lat' dir='ltr'><em>quemcumque</em></span> <span class='ocrx_word' id='word_1_169' title='bbox 1514 2241 1984 2315; x_wconf 77' lang='lat' dir='ltr'><em>adipiscentibus.&#39;</em></span> <span class='ocrx_word' id='word_1_170' title='bbox 2015 2239 2084 2298; x_wconf 83' lang='lat' dir='ltr'><em>Hi</em></span> <span class='ocrx_word' id='word_1_171' title='bbox 2131 2241 2277 2298; x_wconf 87' lang='lat' dir='ltr'><em>enim</em></span> 
     </span>
     <span class='ocr_line' id='line_1_21' title="bbox 264 2329 2277 2409; baseline -0.001 -19"><span class='ocrx_word' id='word_1_172' title='bbox 264 2335 360 2409; x_wconf 91' lang='lat' dir='ltr'><em>qui</em></span> <span class='ocrx_word' id='word_1_173' title='bbox 385 2330 735 2390; x_wconf 84' lang='lat' dir='ltr'><em>matrimonio</em></span> <span class='ocrx_word' id='word_1_174' title='bbox 755 2333 1079 2405; x_wconf 82' lang='lat' dir='ltr'><em>junguntur,</em></span> <span class='ocrx_word' id='word_1_175' title='bbox 1109 2331 1163 2388; x_wconf 92' lang='lat' dir='ltr'><em>in</em></span> <span class='ocrx_word' id='word_1_176' title='bbox 1186 2338 1335 2390; x_wconf 81' lang='lat' dir='ltr'><em>statu</em></span> <span class='ocrx_word' id='word_1_177' title='bbox 1366 2333 1548 2407; x_wconf 87' lang='lat' dir='ltr'><em>aliquo</em></span> <span class='ocrx_word' id='word_1_178' title='bbox 1573 2336 1865 2406; x_wconf 84' lang='lat' dir='ltr'><em>ponuntur,</em></span> <span class='ocrx_word' id='word_1_179' title='bbox 1895 2329 2026 2405; x_wconf 87' lang='lat' dir='ltr'><em>quia</em></span> <span class='ocrx_word' id='word_1_180' title='bbox 2054 2343 2121 2389; x_wconf 78' lang='lat' dir='ltr'><em>ex</em></span> <span class='ocrx_word' id='word_1_181' title='bbox 2149 2338 2277 2388; x_wconf 84' lang='lat' dir='ltr'><em>tunc</em></span> 
     </span>
     <span class='ocr_line' id='line_1_22' title="bbox 262 2417 2274 2496; baseline -0.001 -17"><span class='ocrx_word' id='word_1_182' title='bbox 262 2425 357 2479; x_wconf 82' lang='lat' dir='ltr'><em>vir</em></span> <span class='ocrx_word' id='word_1_183' title='bbox 382 2439 491 2478; x_wconf 80' lang='lat' dir='ltr'><em>non</em></span> <span class='ocrx_word' id='word_1_184' title='bbox 530 2421 681 2478; x_wconf 80' lang='lat' dir='ltr'><em>habet</em></span> <span class='ocrx_word' id='word_1_185' title='bbox 719 2426 1029 2494; x_wconf 73' lang='lat' dir='ltr'><em>potestatem</em></span> <span class='ocrx_word' id='word_1_186' title='bbox 1064 2421 1151 2478; x_wconf 76' lang='lat' dir='ltr'><em>sni</em></span> <span class='ocrx_word' id='word_1_187' title='bbox 1180 2419 1440 2494; x_wconf 71' lang='lat' dir='ltr'><em>corporis,</em></span> <span class='ocrx_word' id='word_1_188' title='bbox 1471 2419 1723 2478; x_wconf 85' lang='lat' dir='ltr'><em>similiter</em></span> <span class='ocrx_word' id='word_1_189' title='bbox 1759 2431 1938 2496; x_wconf 86' lang='lat' dir='ltr'><em>neque</em></span> <span class='ocrx_word' id='word_1_190' title='bbox 1964 2417 2179 2489; x_wconf 85' lang='lat' dir='ltr'><em>mulier,</em></span> <span class='ocrx_word' id='word_1_191' title='bbox 2215 2423 2274 2478; x_wconf 84' lang='lat' dir='ltr'><em>ut</em></span> 
     </span>
     <span class='ocr_line' id='line_1_23' title="bbox 264 2506 2278 2588; baseline -0.003 -19"><span class='ocrx_word' id='word_1_192' title='bbox 264 2511 490 2578; x_wconf 84' lang='lat' dir='ltr'><em>dicitur,</em></span> <span class='ocrx_word' id='word_1_193' title='bbox 536 2509 560 2566; x_wconf 95' lang='lat'>1</span> <span class='ocrx_word' id='word_1_194' title='bbox 600 2510 781 2566; x_wconf 87' lang='lat' dir='ltr'><em>Corin.</em></span> <span class='ocrx_word' id='word_1_195' title='bbox 814 2522 917 2566; x_wconf 79' lang='lat' dir='ltr'><em>vu.</em></span> <span class='ocrx_word' id='word_1_196' title='bbox 945 2509 1041 2566; x_wconf 76' lang='lat' dir='ltr'><em>Est</em></span> <span class='ocrx_word' id='word_1_197' title='bbox 1066 2510 1213 2567; x_wconf 87' lang='lat' dir='ltr'><em>enim</em></span> <span class='ocrx_word' id='word_1_198' title='bbox 1254 2510 1307 2566; x_wconf 91' lang='lat' dir='ltr'><em>in</em></span> <span class='ocrx_word' id='word_1_199' title='bbox 1340 2511 1690 2567; x_wconf 84' lang='lat' dir='ltr'><em>matrimonio</em></span> <span class='ocrx_word' id='word_1_200' title='bbox 1727 2517 1987 2588; x_wconf 81' lang='lat' dir='ltr'><em>perpetua</em></span> <span class='ocrx_word' id='word_1_201' title='bbox 2017 2506 2278 2583; x_wconf 74' lang='lat' dir='ltr'><em>obligatio</em></span> 
     </span>
    </p>
   </div>
   <div class='ocr_carea' id='block_1_6' title="bbox 264 2593 2380 2674">
    <p class='ocr_par' dir='ltr' id='par_1_6' title="bbox 264 2593 2380 2674">
     <span class='ocr_line' id='line_1_24' title="bbox 264 2593 2380 2674; baseline 0.001 -19"><span class='ocrx_word' id='word_1_202' title='bbox 264 2600 431 2656; x_wconf 86' lang='lat' dir='ltr'><em>unius</em></span> <span class='ocrx_word' id='word_1_203' title='bbox 459 2598 527 2654; x_wconf 82' lang='lat' dir='ltr'><em>ad</em></span> <span class='ocrx_word' id='word_1_204' title='bbox 570 2596 821 2664; x_wconf 86' lang='lat' dir='ltr'><em>alterum,</em></span> <span class='ocrx_word' id='word_1_205' title='bbox 868 2597 935 2654; x_wconf 92' lang='lat' dir='ltr'><em>ad</em></span> <span class='ocrx_word' id='word_1_206' title='bbox 982 2613 1146 2671; x_wconf 88' lang='lat' dir='ltr'><em>quam</em></span> <span class='ocrx_word' id='word_1_207' title='bbox 1194 2594 1611 2669; x_wconf 85' lang='lat' dir='ltr'><em>significandam</em></span> <span class='ocrx_word' id='word_1_208' title='bbox 1648 2597 1718 2654; x_wconf 85' lang='lat' dir='ltr'><em>ab</em></span> <span class='ocrx_word' id='word_1_209' title='bbox 1745 2597 1988 2654; x_wconf 80' lang='lat' dir='ltr'><em>Ecclesia</em></span> <span class='ocrx_word' id='word_1_210' title='bbox 2019 2593 2310 2674; x_wconf 63' lang='lat' dir='ltr'><em>colemnis-</em></span> <span class='ocrx_word' id='word_1_211' title='bbox 2353 2649 2380 2658; x_wconf 73' lang='grc'><em>.-</em></span> 
     </span>
    </p>
   </div>
   <div class='ocr_carea' id='block_1_7' title="bbox 262 2681 2276 3646">
    <p class='ocr_par' dir='ltr' id='par_1_7' title="bbox 262 2681 2276 3646">
     <span class='ocr_line' id='line_1_25' title="bbox 262 2681 2276 2760; baseline -0.001 -16"><span class='ocrx_word' id='word_1_212' title='bbox 262 2685 577 2744; x_wconf 87' lang='lat' dir='ltr'><em>benedictio</em></span> <span class='ocrx_word' id='word_1_213' title='bbox 606 2685 918 2760; x_wconf 82' lang='lat' dir='ltr'><em>nuptiarum</em></span> <span class='ocrx_word' id='word_1_214' title='bbox 958 2683 1265 2753; x_wconf 83' lang='lat' dir='ltr'><em>exhibetur,</em></span> <span class='ocrx_word' id='word_1_215' title='bbox 1298 2698 1403 2741; x_wconf 90' lang='lat' dir='ltr'><em>non</em></span> <span class='ocrx_word' id='word_1_216' title='bbox 1447 2691 1626 2741; x_wconf 81' lang='lat' dir='ltr'><em>tamen</em></span> <span class='ocrx_word' id='word_1_217' title='bbox 1658 2681 1713 2741; x_wconf 89' lang='lat' dir='ltr'><em>in</em></span> <span class='ocrx_word' id='word_1_218' title='bbox 1749 2689 1897 2742; x_wconf 78' lang='lat' dir='ltr'><em>statu</em></span> <span class='ocrx_word' id='word_1_219' title='bbox 1926 2683 2276 2758; x_wconf 72' lang='lat' dir='ltr'><em>perfeetionis</em></span> 
     </span>
     <span class='ocr_line' id='line_1_26' title="bbox 262 2769 2275 2854; baseline -0.001 -21"><span class='ocrx_word' id='word_1_220' title='bbox 262 2777 505 2852; x_wconf 84' lang='lat' dir='ltr'><em>ponitur,</em></span> <span class='ocrx_word' id='word_1_221' title='bbox 535 2773 711 2830; x_wconf 86' lang='lat' dir='ltr'><em>sedin</em></span> <span class='ocrx_word' id='word_1_222' title='bbox 736 2778 885 2831; x_wconf 87' lang='lat' dir='ltr'><em>statu</em></span> <span class='ocrx_word' id='word_1_223' title='bbox 917 2771 1270 2840; x_wconf 84' lang='lat' dir='ltr'><em>matrimonii,</em></span> <span class='ocrx_word' id='word_1_224' title='bbox 1302 2773 1448 2829; x_wconf 87' lang='lat' dir='ltr'><em>unde</em></span> <span class='ocrx_word' id='word_1_225' title='bbox 1477 2769 1640 2830; x_wconf 86' lang='lat' dir='ltr'><em>ethis</em></span> <span class='ocrx_word' id='word_1_226' title='bbox 1667 2773 1765 2854; x_wconf 31' lang='lat' dir='ltr'><em>qui·</em></span> <span class='ocrx_word' id='word_1_227' title='bbox 1799 2773 1854 2830; x_wconf 88' lang='lat' dir='ltr'><em>in</em></span> <span class='ocrx_word' id='word_1_228' title='bbox 1879 2779 2026 2830; x_wconf 78' lang='lat' dir='ltr'><em>statu</em></span> <span class='ocrx_word' id='word_1_229' title='bbox 2062 2772 2275 2849; x_wconf 75' lang='lat' dir='ltr'><em>perfec·</em></span> 
     </span>
     <span class='ocr_line' id='line_1_27' title="bbox 264 2861 2274 2938; baseline -0.002 -16"><span class='ocrx_word' id='word_1_230' title='bbox 264 2865 435 2922; x_wconf 75' lang='lat' dir='ltr'><em>tionis</em></span> <span class='ocrx_word' id='word_1_231' title='bbox 464 2870 735 2938; x_wconf 85' lang='lat' dir='ltr'><em>ponuntur</em></span> <span class='ocrx_word' id='word_1_232' title='bbox 772 2863 825 2918; x_wconf 90' lang='lat' dir='ltr'><em>in</em></span> <span class='ocrx_word' id='word_1_233' title='bbox 856 2863 1069 2934; x_wconf 83' lang='lat' dir='ltr'><em>signum</em></span> <span class='ocrx_word' id='word_1_234' title='bbox 1097 2867 1377 2934; x_wconf 85' lang='lat' dir='ltr'><em>perpetuae</em></span> <span class='ocrx_word' id='word_1_235' title='bbox 1406 2861 1771 2934; x_wconf 47' lang='lat' dir='ltr'><em>obligationi&amp;</em></span> <span class='ocrx_word' id='word_1_236' title='bbox 1807 2861 2066 2920; x_wconf 78' lang='lat' dir='ltr'><em>solemnis</em></span> <span class='ocrx_word' id='word_1_237' title='bbox 2101 2861 2274 2920; x_wconf 77' lang='lat' dir='ltr'><em>bene-</em></span> 
     </span>
     <span class='ocr_line' id='line_1_28' title="bbox 264 2946 2274 3024; baseline -0.002 -12"><span class='ocrx_word' id='word_1_238' title='bbox 264 2955 437 3012; x_wconf 90' lang='lat' dir='ltr'><em>dictio</em></span> <span class='ocrx_word' id='word_1_239' title='bbox 466 2955 561 3010; x_wconf 88' lang='lat' dir='ltr'><em>aut</em></span> <span class='ocrx_word' id='word_1_240' title='bbox 582 2953 923 3010; x_wconf 87' lang='lat' dir='ltr'><em>consecratio</em></span> <span class='ocrx_word' id='word_1_241' title='bbox 946 2946 1233 3007; x_wconf 86' lang='lat' dir='ltr'><em>exhibetur</em></span> <span class='ocrx_word' id='word_1_242' title='bbox 1259 2968 1273 3006; x_wconf 79' lang='lat' dir='ltr'><em>z</em></span> <span class='ocrx_word' id='word_1_243' title='bbox 1302 2951 1448 3007; x_wconf 86' lang='lat' dir='ltr'><em>sicut</em></span> <span class='ocrx_word' id='word_1_244' title='bbox 1471 2949 1638 3006; x_wconf 80' lang='lat' dir='ltr'><em>etiam</em></span> <span class='ocrx_word' id='word_1_245' title='bbox 1667 2961 1793 3008; x_wconf 87' lang='lat' dir='ltr'><em>cum</em></span> <span class='ocrx_word' id='word_1_246' title='bbox 1817 2951 2050 3008; x_wconf 84' lang='lat' dir='ltr'><em>civiliter</em></span> <span class='ocrx_word' id='word_1_247' title='bbox 2075 2947 2274 3024; x_wconf 74' lang='lat' dir='ltr'><em>aliquis</em></span> 
     </span>
     <span class='ocr_line' id='line_1_29' title="bbox 264 3037 2275 3114; baseline -0.002 -13"><span class='ocrx_word' id='word_1_248' title='bbox 264 3049 473 3102; x_wconf 82' lang='lat' dir='ltr'><em>statum</em></span> <span class='ocrx_word' id='word_1_249' title='bbox 528 3043 729 3106; x_wconf 86' lang='lat' dir='ltr'><em>mutat,</em></span> <span class='ocrx_word' id='word_1_250' title='bbox 784 3042 927 3098; x_wconf 85' lang='lat' dir='ltr'><em>sicut</em></span> <span class='ocrx_word' id='word_1_251' title='bbox 972 3052 1098 3096; x_wconf 87' lang='lat' dir='ltr'><em>cnm</em></span> <span class='ocrx_word' id='word_1_252' title='bbox 1140 3053 1331 3097; x_wconf 78' lang='lat' dir='ltr'><em>servus</em></span> <span class='ocrx_word' id='word_1_253' title='bbox 1382 3039 1804 3108; x_wconf 83' lang='lat' dir='ltr'><em>manumittitur,</em></span> <span class='ocrx_word' id='word_1_254' title='bbox 1855 3038 2054 3114; x_wconf 82' lang='lat' dir='ltr'><em>aliquis</em></span> <span class='ocrx_word' id='word_1_255' title='bbox 2095 3037 2275 3097; x_wconf 77' lang='lat' dir='ltr'><em>civilis</em></span> 
     </span>
     <span class='ocr_line' id='line_1_30' title="bbox 264 3122 2276 3196; baseline -0.002 -9"><span class='ocrx_word' id='word_1_256' title='bbox 264 3129 585 3188; x_wconf 77' lang='lat' dir='ltr'><em>solemnitas</em></span> <span class='ocrx_word' id='word_1_257' title='bbox 618 3127 921 3184; x_wconf 82' lang='lat' dir='ltr'><em>exhibetur.</em></span> <span class='ocrx_word' id='word_1_258' title='bbox 954 3127 1069 3184; x_wconf 92' lang='lat' dir='ltr'><em>Hoc</em></span> <span class='ocrx_word' id='word_1_259' title='bbox 1096 3133 1281 3186; x_wconf 60' lang='lat' dir='ltr'><em>autem</em></span> <span class='ocrx_word' id='word_1_260' title='bbox 1309 3137 1416 3184; x_wconf 89' lang='lat' dir='ltr'><em>non</em></span> <span class='ocrx_word' id='word_1_261' title='bbox 1459 3126 1650 3184; x_wconf 80' lang='lat' dir='ltr'><em>frivole</em></span> <span class='ocrx_word' id='word_1_262' title='bbox 1679 3122 1899 3196; x_wconf 81' lang='lat' dir='ltr'><em>dicitur,</em></span> <span class='ocrx_word' id='word_1_263' title='bbox 1942 3127 2039 3184; x_wconf 86' lang='lat' dir='ltr'><em>sed</em></span> <span class='ocrx_word' id='word_1_264' title='bbox 2077 3126 2276 3185; x_wconf 78' lang='lat' dir='ltr'><em>aucto-</em></span> 
     </span>
     <span class='ocr_line' id='line_1_31' title="bbox 263 3211 2273 3291; baseline -0.001 -16"><span class='ocrx_word' id='word_1_265' title='bbox 263 3217 430 3275; x_wconf 87' lang='lat' dir='ltr'><em>ritate</em></span> <span class='ocrx_word' id='word_1_266' title='bbox 465 3217 712 3291; x_wconf 74' lang='lat' dir='ltr'><em>Dionysii</em></span> <span class='ocrx_word' id='word_1_267' title='bbox 758 3215 1130 3285; x_wconf 85' lang='lat' dir='ltr'><em>confirmatur,</em></span> <span class='ocrx_word' id='word_1_268' title='bbox 1158 3215 1253 3290; x_wconf 85' lang='lat' dir='ltr'><em>qui</em></span> <span class='ocrx_word' id='word_1_269' title='bbox 1283 3215 1437 3284; x_wconf 86' lang='lat' dir='ltr'><em>dicit,</em></span> <span class='ocrx_word' id='word_1_270' title='bbox 1467 3219 1520 3272; x_wconf 85' lang='grc'><em>6.</em></span> <span class='ocrx_word' id='word_1_271' title='bbox 1567 3231 1618 3272; x_wconf 84' lang='grc' dir='ltr'><em>ο.</em></span> <span class='ocrx_word' id='word_1_272' title='bbox 1647 3213 1831 3272; x_wconf 89' lang='lat' dir='ltr'><em>Eccle.</em></span> <span class='ocrx_word' id='word_1_273' title='bbox 1879 3215 2080 3274; x_wconf 85' lang='lat' dir='ltr'><em>hierar.</em></span> <span class='ocrx_word' id='word_1_274' title='bbox 2125 3211 2273 3290; x_wconf 87' lang='lat' dir='ltr'><em>quoti</em></span> 
     </span>
     <span class='ocr_line' id='line_1_32' title="bbox 264 3303 2274 3380; baseline -0.001 -15"><span class='ocrx_word' id='word_1_275' title='bbox 264 3307 437 3365; x_wconf 85' lang='lat' dir='ltr'><em>divini</em></span> <span class='ocrx_word' id='word_1_276' title='bbox 465 3307 634 3364; x_wconf 78' lang='lat' dir='ltr'><em>duces</em></span> <span class='ocrx_word' id='word_1_277' title='bbox 656 3305 849 3375; x_wconf 87' lang='lat' dir='ltr'><em>nostri,</em></span> <span class='ocrx_word' id='word_1_278' title='bbox 877 3305 1087 3363; x_wconf 84' lang='lat' dir='ltr'><em>scilicet</em></span> <span class='ocrx_word' id='word_1_279' title='bbox 1115 3303 1381 3379; x_wconf 77' lang='lat' dir='ltr'><em>Apostoli,</em></span> <span class='ocrx_word' id='word_1_280' title='bbox 1411 3305 1873 3362; x_wconf 86' lang='lat' dir='ltr'><em>nominationibus</em></span> <span class='ocrx_word' id='word_1_281' title='bbox 1895 3306 2101 3363; x_wconf 76' lang='lat' dir='ltr'><em>sanctis</em></span> <span class='ocrx_word' id='word_1_282' title='bbox 2124 3305 2274 3380; x_wconf 80' lang='lat' dir='ltr'><em>ipsos</em></span> 
     </span>
     <span class='ocr_line' id='line_1_33' title="bbox 264 3391 2271 3468; baseline -0 -17"><span class='ocrx_word' id='word_1_283' title='bbox 264 3395 477 3468; x_wconf 85' lang='lat' dir='ltr'><em>dignati</em></span> <span class='ocrx_word' id='word_1_284' title='bbox 502 3400 649 3462; x_wconf 80' lang='lat' dir='ltr'><em>sunt,</em></span> <span class='ocrx_word' id='word_1_285' title='bbox 694 3393 922 3462; x_wconf 82' lang='lat' dir='ltr'><em>scilicet,</em></span> <span class='ocrx_word' id='word_1_286' title='bbox 964 3393 1057 3466; x_wconf 86' lang='lat' dir='ltr'><em>qui</em></span> <span class='ocrx_word' id='word_1_287' title='bbox 1087 3395 1294 3451; x_wconf 85' lang='lat' dir='ltr'><em>suntin</em></span> <span class='ocrx_word' id='word_1_288' title='bbox 1334 3399 1483 3452; x_wconf 84' lang='lat' dir='ltr'><em>statu</em></span> <span class='ocrx_word' id='word_1_289' title='bbox 1513 3393 1894 3468; x_wconf 83' lang='lat' dir='ltr'><em>perfectorum,</em></span> <span class='ocrx_word' id='word_1_290' title='bbox 1927 3391 2019 3450; x_wconf 89' lang='lat' dir='ltr'><em>alii</em></span> <span class='ocrx_word' id='word_1_291' title='bbox 2048 3393 2271 3466; x_wconf 89' lang='lat' dir='ltr'><em>quidem</em></span> 
     </span>
     <span class='ocr_line' id='line_1_34' title="bbox 264 3481 2274 3557; baseline -0 -18"><span class='ocrx_word' id='word_1_292' title='bbox 264 3483 518 3551; x_wconf 80' lang='lat' dir='ltr'><em>famulos,</em></span> <span class='ocrx_word' id='word_1_293' title='bbox 553 3481 645 3538; x_wconf 79' lang='lat' dir='ltr'><em>aiii</em></span> <span class='ocrx_word' id='word_1_294' title='bbox 676 3489 860 3540; x_wconf 88' lang='lat' dir='ltr'><em>autem</em></span> <span class='ocrx_word' id='word_1_295' title='bbox 888 3483 1037 3556; x_wconf 86' lang='lat' dir='ltr'><em>ipsos</em></span> <span class='ocrx_word' id='word_1_296' title='bbox 1075 3481 1369 3540; x_wconf 82' lang='lat' dir='ltr'><em>monachos</em></span> <span class='ocrx_word' id='word_1_297' title='bbox 1396 3481 1738 3540; x_wconf 78' lang='lat' dir='ltr'><em>nominantes</em></span> <span class='ocrx_word' id='word_1_298' title='bbox 1765 3501 1831 3540; x_wconf 84' lang='lat' dir='ltr'><em>ex</em></span> <span class='ocrx_word' id='word_1_299' title='bbox 1859 3484 1958 3540; x_wconf 88' lang='lat' dir='ltr'><em>Dei</em></span> <span class='ocrx_word' id='word_1_300' title='bbox 1987 3491 2122 3557; x_wconf 82' lang='lat' dir='ltr'><em>puro</em></span> <span class='ocrx_word' id='word_1_301' title='bbox 2153 3497 2274 3539; x_wconf 87' lang='lat' dir='ltr'><em>ser-</em></span> 
     </span>
     <span class='ocr_line' id='line_1_35' title="bbox 264 3569 2270 3646; baseline -0.001 -15"><span class='ocrx_word' id='word_1_302' title='bbox 264 3572 421 3639; x_wconf 80' lang='lat' dir='ltr'><em>vitio,</em></span> <span class='ocrx_word' id='word_1_303' title='bbox 478 3579 534 3629; x_wconf 87' lang='lat' dir='ltr'><em>et</em></span> <span class='ocrx_word' id='word_1_304' title='bbox 575 3573 861 3640; x_wconf 75' lang='lat' dir='ltr'><em>famulatu,</em></span> <span class='ocrx_word' id='word_1_305' title='bbox 918 3578 973 3628; x_wconf 86' lang='lat' dir='ltr'><em>et</em></span> <span class='ocrx_word' id='word_1_306' title='bbox 1022 3569 1358 3641; x_wconf 87' lang='lat' dir='ltr'><em>indivisibili,</em></span> <span class='ocrx_word' id='word_1_307' title='bbox 1414 3577 1472 3629; x_wconf 89' lang='lat' dir='ltr'><em>et</em></span> <span class='ocrx_word' id='word_1_308' title='bbox 1515 3573 1774 3646; x_wconf 84' lang='lat' dir='ltr'><em>singulari</em></span> <span class='ocrx_word' id='word_1_309' title='bbox 1821 3573 1955 3641; x_wconf 89' lang='lat' dir='ltr'><em>vita,</em></span> <span class='ocrx_word' id='word_1_310' title='bbox 2009 3579 2270 3645; x_wconf 84' lang='lat' dir='ltr'><em>tanquam</em></span> 
     </span>
    </p>
   </div>
   <div class='ocr_carea' id='block_1_8' title="bbox 264 3655 2306 3735">
    <p class='ocr_par' dir='ltr' id='par_1_8' title="bbox 264 3655 2306 3735">
     <span class='ocr_line' id='line_1_36' title="bbox 264 3655 2306 3735; baseline 0 -17"><span class='ocrx_word' id='word_1_311' title='bbox 264 3663 491 3718; x_wconf 88' lang='lat' dir='ltr'><em>uniente</em></span> <span class='ocrx_word' id='word_1_312' title='bbox 520 3661 669 3735; x_wconf 83' lang='lat' dir='ltr'><em>ipsos</em></span> <span class='ocrx_word' id='word_1_313' title='bbox 693 3660 1105 3718; x_wconf 87' lang='lat' dir='ltr'><em>indivisibilium</em></span> <span class='ocrx_word' id='word_1_314' title='bbox 1132 3660 1338 3718; x_wconf 80' lang='lat' dir='ltr'><em>sanctis</em></span> <span class='ocrx_word' id='word_1_315' title='bbox 1362 3661 1832 3720; x_wconf 82' lang='lat' dir='ltr'><em>convolutionibus</em></span> <span class='ocrx_word' id='word_1_316' title='bbox 1859 3659 1930 3720; x_wconf 87' lang='lat' dir='ltr'><em>ad</em></span> <span class='ocrx_word' id='word_1_317' title='bbox 1953 3659 2273 3718; x_wconf 74' lang='lat' dir='ltr'><em>deiformem</em></span> <span class='ocrx_word' id='word_1_318' title='bbox 2301 3655 2306 3660; x_wconf 72' lang='grc'><em>’</em></span> 
     </span>
    </p>
   </div>
   <div class='ocr_carea' id='block_1_9' title="bbox 264 3747 2275 4014">
    <p class='ocr_par' dir='ltr' id='par_1_9' title="bbox 264 3747 2275 4014">
     <span class='ocr_line' id='line_1_37' title="bbox 265 3747 2273 3826; baseline -0.001 -18"><span class='ocrx_word' id='word_1_319' title='bbox 265 3749 537 3808; x_wconf 87' lang='lat' dir='ltr'><em>unitatem</em></span> <span class='ocrx_word' id='word_1_320' title='bbox 581 3755 637 3807; x_wconf 89' lang='lat' dir='ltr'><em>et</em></span> <span class='ocrx_word' id='word_1_321' title='bbox 678 3747 966 3808; x_wconf 87' lang='lat' dir='ltr'><em>amabilem</em></span> <span class='ocrx_word' id='word_1_322' title='bbox 1006 3751 1120 3806; x_wconf 91' lang='lat' dir='ltr'><em>Deo</em></span> <span class='ocrx_word' id='word_1_323' title='bbox 1164 3749 1573 3826; x_wconf 76' lang='lat' dir='ltr'><em>perfectionem.</em></span> <span class='ocrx_word' id='word_1_324' title='bbox 1619 3755 1844 3826; x_wconf 91' lang='lat' dir='ltr'><em>Propter</em></span> <span class='ocrx_word' id='word_1_325' title='bbox 1871 3750 2016 3826; x_wconf 91' lang='lat' dir='ltr'><em>quod</em></span> <span class='ocrx_word' id='word_1_326' title='bbox 2046 3755 2101 3807; x_wconf 86' lang='lat' dir='ltr'><em>et</em></span> <span class='ocrx_word' id='word_1_327' title='bbox 2141 3764 2273 3825; x_wconf 84' lang='lat' dir='ltr'><em>per-</em></span> 
     </span>
     <span class='ocr_line' id='line_1_38' title="bbox 264 3837 2275 3916; baseline -0.001 -18"><span class='ocrx_word' id='word_1_328' title='bbox 264 3841 471 3899; x_wconf 79' lang='lat' dir='ltr'><em>fectam</em></span> <span class='ocrx_word' id='word_1_329' title='bbox 501 3837 634 3915; x_wconf 83' lang='lat' dir='ltr'><em>ipsis</em></span> <span class='ocrx_word' id='word_1_330' title='bbox 674 3839 899 3898; x_wconf 87' lang='lat' dir='ltr'><em>donavit</em></span> <span class='ocrx_word' id='word_1_331' title='bbox 927 3841 1163 3914; x_wconf 84' lang='lat' dir='ltr'><em>gratiam</em></span> <span class='ocrx_word' id='word_1_332' title='bbox 1203 3849 1395 3899; x_wconf 71' lang='lat' dir='ltr'><em>sancta</em></span> <span class='ocrx_word' id='word_1_333' title='bbox 1432 3837 1720 3915; x_wconf 76' lang='lat' dir='ltr'><em>legislatio,</em></span> <span class='ocrx_word' id='word_1_334' title='bbox 1768 3848 1823 3901; x_wconf 87' lang='lat' dir='ltr'><em>et</em></span> <span class='ocrx_word' id='word_1_335' title='bbox 1851 3843 2088 3916; x_wconf 88' lang='lat' dir='ltr'><em>quadam</em></span> <span class='ocrx_word' id='word_1_336' title='bbox 2125 3837 2275 3914; x_wconf 81' lang='lat' dir='ltr'><em>ipsos</em></span> 
     </span>
     <span class='ocr_line' id='line_1_39' title="bbox 266 3923 2272 4014; baseline 0.001 -27"><span class='ocrx_word' id='word_1_337' title='bbox 266 3929 496 4007; x_wconf 80' lang='lat' dir='ltr'><em>dignata</em></span> <span class='ocrx_word' id='word_1_338' title='bbox 520 3935 606 3989; x_wconf 86' lang='lat' dir='ltr'><em>est</em></span> <span class='ocrx_word' id='word_1_339' title='bbox 628 3929 1027 3990; x_wconf 78' lang='lat' dir='ltr'><em>sanctificativa</em></span> <span class='ocrx_word' id='word_1_340' title='bbox 1050 3927 1413 3991; x_wconf 88' lang='lat' dir='ltr'><em>invocatione.</em></span> <span class='ocrx_word' id='word_1_341' title='bbox 1439 3927 1544 3995; x_wconf 87' lang='lat' dir='ltr'><em>Ubi</em></span> <span class='ocrx_word' id='word_1_342' title='bbox 1567 3949 1820 4014; x_wconf 75' lang='lat' dir='ltr'><em>expresse</em></span> <span class='ocrx_word' id='word_1_343' title='bbox 1843 3931 2092 4002; x_wconf 82' lang='lat' dir='ltr'><em>habetur,</em></span> <span class='ocrx_word' id='word_1_344' title='bbox 2123 3923 2272 4010; x_wconf 83' lang='lat' dir='ltr'><em>quod</em></span> 
     </span>
    </p>
   </div>
   <div class='ocr_carea' id='block_1_10' title="bbox 2437 2669 2498 2683">
    <p class='ocr_par' dir='ltr' id='par_1_10' title="bbox 2437 2669 2498 2683">
     <span class='ocr_line' id='line_1_40' title="bbox 2437 2669 2498 2683; baseline 0 0"><span class='ocrx_word' id='word_1_345' title='bbox 2437 2669 2498 2683; x_wconf 39' lang='grc' dir='ltr'><em>’Ἣ</em></span> 
     </span>
    </p>
   </div>
  </div>
 </body>
</html>
