<?xml version="1.0" encoding="UTF-8"?>
<!DOCTYPE html PUBLIC "-//W3C//DTD XHTML 1.0 Transitional//EN"
    "http://www.w3.org/TR/xhtml1/DTD/xhtml1-transitional.dtd">
<html xmlns="http://www.w3.org/1999/xhtml" xml:lang="en" lang="en">
 <head>
  <title>
</title>
<meta http-equiv="Content-Type" content="text/html;charset=utf-8" />
  <meta name='ocr-system' content='tesseract 3.04.00' />
  <meta name='ocr-capabilities' content='ocr_page ocr_carea ocr_par ocr_line ocrx_word'/>
</head>
<body>
  <div class='ocr_page' id='page_1' title='image "./sthomaquinatisd02thomgoog_0446.png"; bbox 0 0 2850 4517; ppageno 0'>
   <div class='ocr_carea' id='block_1_1' title="bbox 522 254 2055 323">
    <p class='ocr_par' dir='ltr' id='par_1_1' title="bbox 522 254 2055 323">
     <span class='ocr_line' id='line_1_1' title="bbox 522 254 2055 323; baseline -0.002 -1"><span class='ocrx_word' id='word_1_1' title='bbox 522 254 649 323; x_wconf 77' lang='lat'>432</span> <span class='ocrx_word' id='word_1_2' title='bbox 1000 271 1057 319; x_wconf 74' lang='lat' dir='ltr'>s.</span> <span class='ocrx_word' id='word_1_3' title='bbox 1100 268 1333 317; x_wconf 67' lang='lat' dir='ltr'>mom</span> <span class='ocrx_word' id='word_1_4' title='bbox 1374 265 1700 323; x_wconf 63' lang='lat' dir='ltr'>Aoummls</span> <span class='ocrx_word' id='word_1_5' title='bbox 1740 268 2055 319; x_wconf 66' lang='lat' dir='ltr'>orusoum</span> 
     </span>
    </p>
   </div>
   <div class='ocr_carea' id='block_1_2' title="bbox 519 385 2542 1871">
    <p class='ocr_par' dir='ltr' id='par_1_2' title="bbox 519 385 2542 1871">
     <span class='ocr_line' id='line_1_2' title="bbox 520 385 2538 463; baseline -0.001 -15"><span class='ocrx_word' id='word_1_6' title='bbox 520 388 818 458; x_wconf 68' lang='lat' dir='ltr'>sensibilia,</span> <span class='ocrx_word' id='word_1_7' title='bbox 843 387 1057 446; x_wconf 81' lang='lat' dir='ltr'>seilicet</span> <span class='ocrx_word' id='word_1_8' title='bbox 1089 387 1233 463; x_wconf 85' lang='lat' dir='ltr'>ignis</span> <span class='ocrx_word' id='word_1_9' title='bbox 1259 388 1480 456; x_wconf 79' lang='lat' dir='ltr'>inferni,</span> <span class='ocrx_word' id='word_1_10' title='bbox 1511 387 1607 462; x_wconf 91' lang='lat' dir='ltr'>qui</span> <span class='ocrx_word' id='word_1_11' title='bbox 1633 387 1875 445; x_wconf 84' lang='lat' dir='ltr'>animam</span> <span class='ocrx_word' id='word_1_12' title='bbox 1902 395 1959 445; x_wconf 91' lang='lat' dir='ltr'>et</span> <span class='ocrx_word' id='word_1_13' title='bbox 1999 400 2200 461; x_wconf 84' lang='lat' dir='ltr'>corpus</span> <span class='ocrx_word' id='word_1_14' title='bbox 2240 385 2538 457; x_wconf 77' lang='lat' dir='ltr'>cruciabit,</span> 
     </span>
     <span class='ocr_line' id='line_1_3' title="bbox 522 472 2541 553; baseline 0.001 -19"><span class='ocrx_word' id='word_1_15' title='bbox 522 493 651 553; x_wconf 79' lang='lat' dir='ltr'>quae</span> <span class='ocrx_word' id='word_1_16' title='bbox 678 485 763 536; x_wconf 89' lang='lat' dir='ltr'>est</span> <span class='ocrx_word' id='word_1_17' title='bbox 785 476 1141 536; x_wconf 83' lang='lat' dir='ltr'>acerbissima</span> <span class='ocrx_word' id='word_1_18' title='bbox 1171 492 1477 552; x_wconf 86' lang='lat' dir='ltr'>poenarum,</span> <span class='ocrx_word' id='word_1_19' title='bbox 1502 478 1645 533; x_wconf 85' lang='lat' dir='ltr'>sicut</span> <span class='ocrx_word' id='word_1_20' title='bbox 1674 476 1864 534; x_wconf 85' lang='lat' dir='ltr'>dicunt</span> <span class='ocrx_word' id='word_1_21' title='bbox 1891 472 2089 546; x_wconf 84' lang='lat' dir='ltr'>saneti,</span> <span class='ocrx_word' id='word_1_22' title='bbox 2121 483 2178 533; x_wconf 91' lang='lat' dir='ltr'>et</span> <span class='ocrx_word' id='word_1_23' title='bbox 2202 483 2366 535; x_wconf 87' lang='lat' dir='ltr'>erunt</span> <span class='ocrx_word' id='word_1_24' title='bbox 2393 478 2541 536; x_wconf 87' lang='lat' dir='ltr'>sicut</span> 
     </span>
     <span class='ocr_line' id='line_1_4' title="bbox 522 566 2541 641; baseline 0 -18"><span class='ocrx_word' id='word_1_25' title='bbox 522 582 738 641; x_wconf 83' lang='lat' dir='ltr'><strong>semper</strong></span> <span class='ocrx_word' id='word_1_26' title='bbox 765 567 1082 637; x_wconf 85' lang='lat' dir='ltr'>morientes,</span> <span class='ocrx_word' id='word_1_27' title='bbox 1108 572 1165 623; x_wconf 89' lang='lat' dir='ltr'>et</span> <span class='ocrx_word' id='word_1_28' title='bbox 1192 583 1474 641; x_wconf 88' lang='lat' dir='ltr'>nunquam</span> <span class='ocrx_word' id='word_1_29' title='bbox 1509 566 1730 633; x_wconf 71' lang='lat' dir='ltr'>mortui,</span> <span class='ocrx_word' id='word_1_30' title='bbox 1762 582 1864 623; x_wconf 88' lang='lat' dir='ltr'>nec</span> <span class='ocrx_word' id='word_1_31' title='bbox 1886 566 2197 623; x_wconf 84' lang='lat' dir='ltr'>moriuntur</span> <span class='ocrx_word' id='word_1_32' title='bbox 2227 584 2242 623; x_wconf 77' lang='lat' dir='ltr'><strong><em>z</em></strong></span> <span class='ocrx_word' id='word_1_33' title='bbox 2271 566 2422 623; x_wconf 88' lang='lat' dir='ltr'>unde</span> <span class='ocrx_word' id='word_1_34' title='bbox 2447 566 2541 624; x_wconf 89' lang='lat' dir='ltr'>di-</span> 
     </span>
     <span class='ocr_line' id='line_1_5' title="bbox 520 653 2536 729; baseline 0 -18"><span class='ocrx_word' id='word_1_35' title='bbox 520 654 665 713; x_wconf 89' lang='lat' dir='ltr'>citur</span> <span class='ocrx_word' id='word_1_36' title='bbox 692 670 841 713; x_wconf 88' lang='lat' dir='ltr'>mors</span> <span class='ocrx_word' id='word_1_37' title='bbox 867 662 1076 713; x_wconf 86' lang='lat' dir='ltr'>aeterna</span> <span class='ocrx_word' id='word_1_38' title='bbox 1105 654 1235 729; x_wconf 83' lang='lat' dir='ltr'>quia</span> <span class='ocrx_word' id='word_1_39' title='bbox 1258 656 1403 713; x_wconf 82' lang='lat' dir='ltr'>siout</span> <span class='ocrx_word' id='word_1_40' title='bbox 1431 654 1671 712; x_wconf 84' lang='lat' dir='ltr'>moriens</span> <span class='ocrx_word' id='word_1_41' title='bbox 1699 659 1784 711; x_wconf 87' lang='lat' dir='ltr'>est</span> <span class='ocrx_word' id='word_1_42' title='bbox 1811 653 1867 711; x_wconf 91' lang='lat' dir='ltr'>in</span> <span class='ocrx_word' id='word_1_43' title='bbox 1898 654 2201 713; x_wconf 72' lang='lat' dir='ltr'>acerbitate</span> <span class='ocrx_word' id='word_1_44' title='bbox 2227 670 2536 729; x_wconf 86' lang='lat' dir='ltr'>poenarum,</span> 
     </span>
     <span class='ocr_line' id='line_1_6' title="bbox 523 742 2541 819; baseline 0 -19"><span class='ocrx_word' id='word_1_45' title='bbox 523 744 605 801; x_wconf 83' lang='lat' dir='ltr'>sic</span> <span class='ocrx_word' id='word_1_46' title='bbox 628 750 685 801; x_wconf 92' lang='lat' dir='ltr'>et</span> <span class='ocrx_word' id='word_1_47' title='bbox 712 743 793 801; x_wconf 84' lang='lat' dir='ltr'>ini</span> <span class='ocrx_word' id='word_1_48' title='bbox 832 744 927 819; x_wconf 85' lang='lat' dir='ltr'>qui</span> <span class='ocrx_word' id='word_1_49' title='bbox 968 751 1097 801; x_wconf 83' lang='lat' dir='ltr'>sunt</span> <span class='ocrx_word' id='word_1_50' title='bbox 1137 744 1191 800; x_wconf 89' lang='lat' dir='ltr'>in</span> <span class='ocrx_word' id='word_1_51' title='bbox 1218 744 1450 801; x_wconf 83' lang='lat' dir='ltr'>inferno.</span> <span class='ocrx_word' id='word_1_52' title='bbox 1475 742 1617 801; x_wconf 82' lang='lat' dir='ltr'>Psal.</span> <span class='ocrx_word' id='word_1_53' title='bbox 1647 759 1830 801; x_wconf 69' lang='lat' dir='ltr'>xtvm</span> <span class='ocrx_word' id='word_1_54' title='bbox 1861 762 1875 800; x_wconf 89' lang='lat'><strong>:</strong></span> <span class='ocrx_word' id='word_1_55' title='bbox 1905 743 2054 801; x_wconf 81' lang='lat' dir='ltr'>Siout</span> <span class='ocrx_word' id='word_1_56' title='bbox 2081 760 2200 801; x_wconf 73' lang='lat' dir='ltr'>oves</span> <span class='ocrx_word' id='word_1_57' title='bbox 2224 744 2285 801; x_wconf 77' lang='lat' dir='ltr'>in</span> <span class='ocrx_word' id='word_1_58' title='bbox 2321 744 2541 817; x_wconf 76' lang='lat' dir='ltr'>inferno</span> 
     </span>
     <span class='ocr_line' id='line_1_7' title="bbox 519 830 2536 907; baseline -0.001 -16"><span class='ocrx_word' id='word_1_59' title='bbox 519 832 685 907; x_wconf 72' lang='lat' dir='ltr'>positi</span> <span class='ocrx_word' id='word_1_60' title='bbox 716 840 866 901; x_wconf 78' lang='lat' dir='ltr'>sunt,</span> <span class='ocrx_word' id='word_1_61' title='bbox 888 850 1034 890; x_wconf 70' lang='lat' dir='ltr'>mors</span> <span class='ocrx_word' id='word_1_62' title='bbox 1074 832 1308 907; x_wconf 71' lang='lat' dir='ltr'>depascet</span> <span class='ocrx_word' id='word_1_63' title='bbox 1348 850 1450 889; x_wconf 80' lang='lat' dir='ltr'>eos.</span> <span class='ocrx_word' id='word_1_64' title='bbox 1492 830 1842 904; x_wconf 48' lang='lat' dir='ltr'>Quat-tofex</span> <span class='ocrx_word' id='word_1_65' title='bbox 1881 832 2270 907; x_wconf 75' lang='lat' dir='ltr'>desperatione</span> <span class='ocrx_word' id='word_1_66' title='bbox 2315 833 2536 889; x_wconf 76' lang='lat' dir='ltr'>salutis,</span> 
     </span>
     <span class='ocr_line' id='line_1_8' title="bbox 521 920 2540 997; baseline -0.001 -17"><span class='ocrx_word' id='word_1_67' title='bbox 521 923 664 980; x_wconf 88' lang='lat' dir='ltr'>Nam</span> <span class='ocrx_word' id='word_1_68' title='bbox 692 922 739 979; x_wconf 91' lang='lat' dir='ltr'>si</span> <span class='ocrx_word' id='word_1_69' title='bbox 763 922 845 979; x_wconf 87' lang='lat' dir='ltr'>eis</span> <span class='ocrx_word' id='word_1_70' title='bbox 883 922 1108 979; x_wconf 87' lang='lat' dir='ltr'>daretur</span> <span class='ocrx_word' id='word_1_71' title='bbox 1138 937 1262 997; x_wconf 86' lang='lat' dir='ltr'>spes</span> <span class='ocrx_word' id='word_1_72' title='bbox 1292 921 1632 978; x_wconf 87' lang='lat' dir='ltr'>liberationis</span> <span class='ocrx_word' id='word_1_73' title='bbox 1661 937 1692 978; x_wconf 89' lang='lat' dir='ltr'>a</span> <span class='ocrx_word' id='word_1_74' title='bbox 1735 922 1932 995; x_wconf 77' lang='lat' dir='ltr'>poeniS,</span> <span class='ocrx_word' id='word_1_75' title='bbox 1962 937 2154 979; x_wconf 87' lang='lat' dir='ltr'>eorum</span> <span class='ocrx_word' id='word_1_76' title='bbox 2193 937 2358 995; x_wconf 85' lang='lat' dir='ltr'>poena</span> <span class='ocrx_word' id='word_1_77' title='bbox 2385 920 2540 979; x_wconf 88' lang='lat' dir='ltr'>miti-</span> 
     </span>
     <span class='ocr_line' id='line_1_9' title="bbox 523 1010 2542 1085; baseline -0.001 -17"><span class='ocrx_word' id='word_1_78' title='bbox 523 1018 749 1085; x_wconf 87' lang='lat' dir='ltr'>garetur</span> <span class='ocrx_word' id='word_1_79' title='bbox 784 1028 799 1067; x_wconf 75' lang='lat'>2</span> <span class='ocrx_word' id='word_1_80' title='bbox 826 1012 922 1067; x_wconf 87' lang='lat' dir='ltr'>sed</span> <span class='ocrx_word' id='word_1_81' title='bbox 968 1028 1093 1069; x_wconf 87' lang='lat' dir='ltr'>oum</span> <span class='ocrx_word' id='word_1_82' title='bbox 1146 1010 1489 1067; x_wconf 81' lang='lat' dir='ltr'>subtrahitur</span> <span class='ocrx_word' id='word_1_83' title='bbox 1540 1011 1622 1067; x_wconf 86' lang='lat' dir='ltr'>eis</span> <span class='ocrx_word' id='word_1_84' title='bbox 1665 1010 1844 1069; x_wconf 86' lang='lat' dir='ltr'>omnis</span> <span class='ocrx_word' id='word_1_85' title='bbox 1893 1027 2040 1083; x_wconf 87' lang='lat' dir='ltr'>spes,</span> <span class='ocrx_word' id='word_1_86' title='bbox 2083 1026 2248 1085; x_wconf 86' lang='lat' dir='ltr'>poena</span> <span class='ocrx_word' id='word_1_87' title='bbox 2303 1011 2542 1067; x_wconf 85' lang='lat' dir='ltr'>efficitur</span> 
     </span>
     <span class='ocr_line' id='line_1_10' title="bbox 524 1089 2536 1174; baseline 0.001 -19"><span class='ocrx_word' id='word_1_88' title='bbox 524 1100 871 1174; x_wconf 86' lang='lat' dir='ltr'>gravissima.</span> <span class='ocrx_word' id='word_1_89' title='bbox 898 1101 1004 1157; x_wconf 87' lang='lat' dir='ltr'>Isa.</span> <span class='ocrx_word' id='word_1_90' title='bbox 1034 1116 1169 1158; x_wconf 69' lang='lat' dir='ltr'>nxvx</span> <span class='ocrx_word' id='word_1_91' title='bbox 1189 1118 1202 1155; x_wconf 90' lang='lat'><strong>:</strong></span> <span class='ocrx_word' id='word_1_92' title='bbox 1222 1099 1432 1158; x_wconf 65' lang='lat' dir='ltr'>Vei-mis</span> <span class='ocrx_word' id='word_1_93' title='bbox 1460 1089 1774 1157; x_wconf 61' lang='lat' dir='ltr'>eorum‘non</span> <span class='ocrx_word' id='word_1_94' title='bbox 1802 1098 2092 1167; x_wconf 81' lang='lat' dir='ltr'>morietur,</span> <span class='ocrx_word' id='word_1_95' title='bbox 2113 1106 2165 1157; x_wconf 84' lang='lat' dir='ltr'>et</span> <span class='ocrx_word' id='word_1_96' title='bbox 2187 1099 2329 1174; x_wconf 73' lang='lat' dir='ltr'>iynis</span> <span class='ocrx_word' id='word_1_97' title='bbox 2351 1116 2536 1157; x_wconf 75' lang='lat' dir='ltr'>eorum</span> 
     </span>
     <span class='ocr_line' id='line_1_11' title="bbox 524 1186 2539 1263; baseline -0 -18"><span class='ocrx_word' id='word_1_98' title='bbox 524 1205 632 1246; x_wconf 79' lang='lat' dir='ltr'>non</span> <span class='ocrx_word' id='word_1_99' title='bbox 654 1189 1015 1263; x_wconf 77' lang='lat' dir='ltr'>eaetinyuetur.</span> <span class='ocrx_word' id='word_1_100' title='bbox 1044 1190 1133 1247; x_wconf 85' lang='lat' dir='ltr'>Sio</span> <span class='ocrx_word' id='word_1_101' title='bbox 1160 1204 1288 1261; x_wconf 83' lang='lat' dir='ltr'>ergo</span> <span class='ocrx_word' id='word_1_102' title='bbox 1330 1194 1484 1263; x_wconf 87' lang='lat' dir='ltr'>patet</span> <span class='ocrx_word' id='word_1_103' title='bbox 1517 1188 1826 1246; x_wconf 81' lang='lat' dir='ltr'>differentia</span> <span class='ocrx_word' id='word_1_104' title='bbox 1859 1188 2004 1244; x_wconf 89' lang='lat' dir='ltr'>inter</span> <span class='ocrx_word' id='word_1_105' title='bbox 2041 1186 2182 1244; x_wconf 85' lang='lat' dir='ltr'>bene</span> <span class='ocrx_word' id='word_1_106' title='bbox 2227 1190 2444 1263; x_wconf 85' lang='lat' dir='ltr'>operari</span> <span class='ocrx_word' id='word_1_107' title='bbox 2482 1195 2539 1246; x_wconf 91' lang='lat' dir='ltr'>et</span> 
     </span>
     <span class='ocr_line' id='line_1_12' title="bbox 528 1270 2537 1353; baseline 0 -18"><span class='ocrx_word' id='word_1_108' title='bbox 528 1279 689 1351; x_wconf 89' lang='lat' dir='ltr'>male,</span> <span class='ocrx_word' id='word_1_109' title='bbox 721 1280 853 1353; x_wconf 91' lang='lat' dir='ltr'>quia</span> <span class='ocrx_word' id='word_1_110' title='bbox 872 1278 1013 1336; x_wconf 88' lang='lat' dir='ltr'>bona</span> <span class='ocrx_word' id='word_1_111' title='bbox 1039 1294 1205 1352; x_wconf 90' lang='lat' dir='ltr'>opera</span> <span class='ocrx_word' id='word_1_112' title='bbox 1230 1270 1438 1335; x_wconf 82' lang='lat' dir='ltr'>ducunt</span> <span class='ocrx_word' id='word_1_113' title='bbox 1475 1278 1546 1336; x_wconf 89' lang='lat' dir='ltr'>ad</span> <span class='ocrx_word' id='word_1_114' title='bbox 1574 1278 1767 1346; x_wconf 86' lang='lat' dir='ltr'>vitam,</span> <span class='ocrx_word' id='word_1_115' title='bbox 1795 1276 1941 1334; x_wconf 78' lang='lat' dir='ltr'>mala</span> <span class='ocrx_word' id='word_1_116' title='bbox 1983 1283 2169 1333; x_wconf 85' lang='lat' dir='ltr'>autem</span> <span class='ocrx_word' id='word_1_117' title='bbox 2213 1276 2438 1334; x_wconf 86' lang='lat' dir='ltr'>trahunt</span> <span class='ocrx_word' id='word_1_118' title='bbox 2467 1278 2537 1335; x_wconf 88' lang='lat' dir='ltr'>ad</span> 
     </span>
     <span class='ocr_line' id='line_1_13' title="bbox 526 1364 2541 1440; baseline -0.001 -16"><span class='ocrx_word' id='word_1_119' title='bbox 526 1374 759 1425; x_wconf 86' lang='lat' dir='ltr'>mortem</span> <span class='ocrx_word' id='word_1_120' title='bbox 791 1372 888 1423; x_wconf 86' lang='lat' dir='ltr'>:et</span> <span class='ocrx_word' id='word_1_121' title='bbox 921 1374 1143 1440; x_wconf 88' lang='lat' dir='ltr'>propter</span> <span class='ocrx_word' id='word_1_122' title='bbox 1186 1366 1291 1423; x_wconf 86' lang='lat' dir='ltr'>hoo</span> <span class='ocrx_word' id='word_1_123' title='bbox 1331 1366 1580 1423; x_wconf 87' lang='lat' dir='ltr'>homines</span> <span class='ocrx_word' id='word_1_124' title='bbox 1617 1366 1880 1428; x_wconf 81' lang='lat' dir='ltr'>deberent</span> <span class='ocrx_word' id='word_1_125' title='bbox 1920 1364 2234 1439; x_wconf 82' lang='lat' dir='ltr'>frequenter</span> <span class='ocrx_word' id='word_1_126' title='bbox 2274 1366 2541 1425; x_wconf 82' lang='lat' dir='ltr'>reducere</span> 
     </span>
     <span class='ocr_line' id='line_1_14' title="bbox 529 1452 2538 1529; baseline -0.001 -15"><span class='ocrx_word' id='word_1_127' title='bbox 529 1457 647 1514; x_wconf 84' lang='lat' dir='ltr'>haeo</span> <span class='ocrx_word' id='word_1_128' title='bbox 676 1456 744 1511; x_wconf 91' lang='lat' dir='ltr'>ad</span> <span class='ocrx_word' id='word_1_129' title='bbox 774 1454 1111 1522; x_wconf 87' lang='lat' dir='ltr'>memoriam,</span> <span class='ocrx_word' id='word_1_130' title='bbox 1141 1453 1270 1529; x_wconf 89' lang='lat' dir='ltr'>quia</span> <span class='ocrx_word' id='word_1_131' title='bbox 1299 1471 1365 1511; x_wconf 82' lang='lat' dir='ltr'>ex</span> <span class='ocrx_word' id='word_1_132' title='bbox 1392 1452 1498 1511; x_wconf 87' lang='lat' dir='ltr'>hoc</span> <span class='ocrx_word' id='word_1_133' title='bbox 1532 1462 1962 1526; x_wconf 86' lang='lat' dir='ltr'>provocarentur</span> <span class='ocrx_word' id='word_1_134' title='bbox 1998 1455 2066 1511; x_wconf 85' lang='lat' dir='ltr'>ad</span> <span class='ocrx_word' id='word_1_135' title='bbox 2102 1455 2319 1524; x_wconf 89' lang='lat' dir='ltr'>bonum,</span> <span class='ocrx_word' id='word_1_136' title='bbox 2347 1460 2408 1510; x_wconf 88' lang='lat' dir='ltr'>et</span> <span class='ocrx_word' id='word_1_137' title='bbox 2436 1471 2538 1512; x_wconf 86' lang='lat' dir='ltr'>re-</span> 
     </span>
     <span class='ocr_line' id='line_1_15' title="bbox 528 1542 2535 1617; baseline 0 -17"><span class='ocrx_word' id='word_1_138' title='bbox 528 1544 875 1602; x_wconf 84' lang='lat' dir='ltr'>traherentur</span> <span class='ocrx_word' id='word_1_139' title='bbox 901 1560 933 1601; x_wconf 84' lang='lat' dir='ltr'>a</span> <span class='ocrx_word' id='word_1_140' title='bbox 968 1542 1111 1601; x_wconf 87' lang='lat' dir='ltr'>malo</span> <span class='ocrx_word' id='word_1_141' title='bbox 1139 1559 1152 1597; x_wconf 75' lang='grc' dir='ltr'><strong>ε</strong></span> <span class='ocrx_word' id='word_1_142' title='bbox 1182 1542 1326 1598; x_wconf 89' lang='lat' dir='ltr'>unde</span> <span class='ocrx_word' id='word_1_143' title='bbox 1363 1547 1419 1598; x_wconf 89' lang='lat' dir='ltr'>et</span> <span class='ocrx_word' id='word_1_144' title='bbox 1459 1542 1739 1615; x_wconf 84' lang='lat' dir='ltr'>signanter</span> <span class='ocrx_word' id='word_1_145' title='bbox 1767 1542 1824 1599; x_wconf 89' lang='lat' dir='ltr'>in</span> <span class='ocrx_word' id='word_1_146' title='bbox 1853 1542 1962 1600; x_wconf 88' lang='lat' dir='ltr'>fine</span> <span class='ocrx_word' id='word_1_147' title='bbox 1996 1543 2227 1601; x_wconf 89' lang='lat' dir='ltr'>omnium</span> <span class='ocrx_word' id='word_1_148' title='bbox 2250 1543 2482 1617; x_wconf 87' lang='lat' dir='ltr'>ponitur</span> <span class='ocrx_word' id='word_1_149' title='bbox 2516 1559 2535 1600; x_wconf 69' lang='grc' dir='ltr'><em>ε</em></span> 
     </span>
     <span class='ocr_line' id='line_1_16' title="bbox 531 1630 2539 1707; baseline -0.002 -13"><span class='ocrx_word' id='word_1_150' title='bbox 531 1632 711 1694; x_wconf 80' lang='lat' dir='ltr'>Vitam</span> <span class='ocrx_word' id='word_1_151' title='bbox 737 1640 1013 1700; x_wconf 70' lang='lat' dir='ltr'>aeternam,</span> <span class='ocrx_word' id='word_1_152' title='bbox 1040 1640 1103 1689; x_wconf 88' lang='lat' dir='ltr'>ut</span> <span class='ocrx_word' id='word_1_153' title='bbox 1123 1647 1339 1705; x_wconf 87' lang='lat' dir='ltr'>semper</span> <span class='ocrx_word' id='word_1_154' title='bbox 1360 1632 1534 1704; x_wconf 84' lang='lat' dir='ltr'>magis</span> <span class='ocrx_word' id='word_1_155' title='bbox 1563 1632 1842 1690; x_wconf 65' lang='lat' dir='ltr'>memoriae</span> <span class='ocrx_word' id='word_1_156' title='bbox 1864 1631 2225 1705; x_wconf 88' lang='lat' dir='ltr'>imprimatur,</span> <span class='ocrx_word' id='word_1_157' title='bbox 2256 1630 2328 1689; x_wconf 83' lang='lat' dir='ltr'>ad</span> <span class='ocrx_word' id='word_1_158' title='bbox 2360 1647 2539 1707; x_wconf 87' lang='lat' dir='ltr'>quam</span> 
     </span>
     <span class='ocr_line' id='line_1_17' title="bbox 524 1713 2534 1797; baseline -0.002 -16"><span class='ocrx_word' id='word_1_159' title='bbox 524 1724 698 1782; x_wconf 66' lang='lat' dir='ltr'>Vitam</span> <span class='ocrx_word' id='word_1_160' title='bbox 726 1738 825 1780; x_wconf 90' lang='lat' dir='ltr'>nos</span> <span class='ocrx_word' id='word_1_161' title='bbox 850 1713 1405 1797; x_wconf 61' lang='lat' dir='ltr'>perducat&#39;Dominus</span> <span class='ocrx_word' id='word_1_162' title='bbox 1427 1721 1585 1777; x_wconf 83' lang='lat' dir='ltr'>Jesus</span> <span class='ocrx_word' id='word_1_163' title='bbox 1626 1720 1894 1791; x_wconf 76' lang='lat' dir='ltr'>christoe,</span> <span class='ocrx_word' id='word_1_164' title='bbox 1927 1722 2076 1779; x_wconf 83' lang='lat' dir='ltr'>Deus</span> <span class='ocrx_word' id='word_1_165' title='bbox 2121 1720 2444 1779; x_wconf 83' lang='lat' dir='ltr'>benedictus</span> <span class='ocrx_word' id='word_1_166' title='bbox 2474 1722 2534 1777; x_wconf 88' lang='lat' dir='ltr'>in</span> 
     </span>
     <span class='ocr_line' id='line_1_18' title="bbox 525 1809 1404 1871; baseline -0.008 0"><span class='ocrx_word' id='word_1_167' title='bbox 525 1812 735 1871; x_wconf 81' lang='lat' dir='ltr'>soeoula</span> <span class='ocrx_word' id='word_1_168' title='bbox 767 1809 1113 1869; x_wconf 82' lang='lat' dir='ltr'>saeculorum.</span> <span class='ocrx_word' id='word_1_169' title='bbox 1132 1813 1326 1866; x_wconf 87' lang='lat' dir='ltr'>Amen.</span> <span class='ocrx_word' id='word_1_170' title='bbox 1398 1813 1404 1819; x_wconf 83' lang='lat'>&#39;</span> 
     </span>
    </p>
   </div>
   <div class='ocr_carea' id='block_1_3' title="bbox 525 1988 2544 2123">
    <p class='ocr_par' dir='ltr' id='par_1_3' title="bbox 525 1988 2544 2123">
     <span class='ocr_line' id='line_1_19' title="bbox 525 1988 2544 2055; baseline -0.003 -13"><span class='ocrx_word' id='word_1_171' title='bbox 525 1991 739 2055; x_wconf 55' lang='lat' dir='ltr'>&amp;implicit</span> <span class='ocrx_word' id='word_1_172' title='bbox 778 1992 1062 2051; x_wconf 73' lang='lat' dir='ltr'>opusculum</span> <span class='ocrx_word' id='word_1_173' title='bbox 1089 1994 1291 2047; x_wconf 68' lang='lat' dir='ltr'>sextum,</span> <span class='ocrx_word' id='word_1_174' title='bbox 1315 1990 1487 2035; x_wconf 78' lang='lat' dir='ltr'>scilicet</span> <span class='ocrx_word' id='word_1_175' title='bbox 1523 1988 1750 2047; x_wconf 72' lang='lat' dir='ltr'>expositio</span> <span class='ocrx_word' id='word_1_176' title='bbox 1787 1988 1838 2035; x_wconf 90' lang='lat' dir='ltr'>S.</span> <span class='ocrx_word' id='word_1_177' title='bbox 1868 1988 2026 2035; x_wconf 68' lang='lat' dir='ltr'>stom·</span> <span class='ocrx_word' id='word_1_178' title='bbox 2055 1989 2113 2035; x_wconf 76' lang='lat' dir='ltr'>de</span> <span class='ocrx_word' id='word_1_179' title='bbox 2135 1988 2318 2048; x_wconf 68' lang='lat' dir='ltr'>Aquino</span> <span class='ocrx_word' id='word_1_180' title='bbox 2349 1988 2544 2036; x_wconf 66' lang='lat' dir='ltr'>Ordinis</span> 
     </span>
     <span class='ocr_line' id='line_1_20' title="bbox 636 2057 2420 2123; baseline -0.003 -10"><span class='ocrx_word' id='word_1_181' title='bbox 636 2064 1010 2115; x_wconf 75' lang='lat' dir='ltr'>Proedicatorum</span> <span class='ocrx_word' id='word_1_182' title='bbox 1035 2072 1179 2123; x_wconf 69' lang='lat' dir='ltr'>cuper</span> <span class='ocrx_word' id='word_1_183' title='bbox 1196 2059 1415 2121; x_wconf 71' lang='lat' dir='ltr'>symbolo</span> <span class='ocrx_word' id='word_1_184' title='bbox 1441 2057 1793 2123; x_wconf 71' lang='lat' dir='ltr'>Apostolorum,</span> <span class='ocrx_word' id='word_1_185' title='bbox 1811 2061 1986 2107; x_wconf 66' lang='lat' dir='ltr'>scilicet</span> <span class='ocrx_word' id='word_1_186' title='bbox 2004 2060 2154 2109; x_wconf 72' lang='lat' dir='ltr'>credo</span> <span class='ocrx_word' id='word_1_187' title='bbox 2177 2060 2233 2107; x_wconf 71' lang='lat' dir='ltr'>in</span> <span class='ocrx_word' id='word_1_188' title='bbox 2253 2059 2420 2109; x_wconf 73' lang='lat' dir='ltr'>Deum.</span> 
     </span>
    </p>
   </div>
  </div>
 </body>
</html>
