2850 4517
522 335 643 397 210
1008 353 1062 422 s.
1105 353 1340 398 rnonffl:
1379 350 1710 404 numanis
1753 333 2064 417 orusctina

526 469 651 529 ideo
666 469 917 526 'secunda
941 468 1135 542 petitio
1156 469 1379 542 ponitur
1405 486 1419 524 z
1447 466 1721 526 Adveniat
1737 473 2164 540 reynum-tuum.
2189 465 2351 524 Circa
2363 482 2546 541 quam

521 557 685 626 sicut.
718 551 853 614 etin
889 557 1174 636 praemissa
1204 558 1468 632 petitione
1508 563 1724 633 oportet
1756 558 1941 631 primo
1974 556 2348 624 considerare,
2394 541 2544 630 quod

524 664 750 720 regnum
790 648 889 703 Dei
918 635 1322 704 'convenienter
1348 646 1713 704 desideretur.
1743 646 1995 703 Secundo
2031 661 2164 703 vero
2200 644 2350 720 quod
2392 643 2543 702 adid

522 737 941 809 ⁷adipiscendum
968 737 1130 793 homo
1174 738 1347 810 possit
1375 737 1684 811 pervenire.
1713 736 1900 792 Tertio
1929 750 2062 792 vero
2106 735 2253 810 quod
2293 735 2363 791 ad
2393 733 2546 791 aliud

526 828 837 899 pertingere
879 843 988 882 non
1026 826 1201 905 possit
1250 827 1474 904 propria
1515 827 1743 894 virtute,
1783 826 1881 883 sed
1927 825 2045 882 solo
2094 824 2296 881 auxilio
2339 824 2547 881 divinae

512 909 737 986 ,gi-aliae.
784 917 852 972 Et
888 905 975 972 'sic
1004 923 1200 989 quarto
1240 916 1700 992 considerandum
1739 924 1842 983 est,
1867 915 2142 989 quomodo
2185 930 2415 988 regnum
2441 914 2546 970 Dei

524 993 785 1061 'advenire
811 1010 1081 1078 petamus·
1112 1005 1209 1084 Est
1238 1005 1406 1077 igitur
1435 1005 1580 1062 circa
1611 1005 1850 1080 primum
1885 1003 2365 1070 considerandum,
2396 1003 2544 1076 quod

456 1125 461 1130 -
527 1093 822 1166 unicuique
842 1093 919 1148 rei
948 1090 1277 1168 'naturaliter
1300 1093 1598 1167 appetibile
1623 1098 1707 1150 est
1732 1093 2013 1168 proprium
2040 1092 2281 1149 bonum:
2311 1094 2458 1148 unde
2486 1098 2544 1146 et

524 1181 730 1241 bonum
784 1183 1173 1260 convenienter
1220 1181 1488 1238 deliniunt
1539 1197 1660 1240 esse
1712 1180 1860 1256 quod
1911 1188 2204 1256 appetunt.
2256 1182 2546 1254 Proprium

527 1280 713 1328 autem
756 1270 957 1327 bonum
1005 1271 1436 1346 uniuscujusque
1481 1271 1561 1328 rei
1599 1277 1686 1328 est
1723 1270 1780 1326 id
1817 1286 1928 1344 quo
1963 1287 2050 1326 res
2095 1269 2542 1344 illa-perficitur,

524 1359 773 1414 Dicimus
802 1359 946 1414 enim
980 1374 1428 1434 unamquamque
1464 1375 1580 1416 rem
1608 1359 1831 1431 bonam,
1862 1375 1930 1414 ex
1969 1374 2036 1415 eo
2074 1357 2222 1432 quod
2265 1357 2546 1432 propriam

528 1446 924 1527 perfectionem
944 1449 1188 1520 attingit.
1214 1449 1276 1505 In
1308 1454 1524 1504 tantum
1552 1463 1682 1504 vero
1725 1463 1758 1505 a
1786 1446 2034 1502 bonitate
2076 1454 2251 1512 caret,
2279 1446 2335 1502 in
2364 1462 2548 1518 quan-

530 1525 651 1612 tum
677 1537 895 1610 propria
920 1537 1253 1610 perfectione
1277 1543 1451 1606 caret,
1468 1536 1612 1593 unde
1635 1551 1979 1610 consequeus
2005 1539 2090 1592 est
2111 1541 2174 1591 ut
2199 1550 2548 1609 unaquaeque

534 1643 625 1682 res
650 1626 805 1682 suain
824 1625 1225 1700 ⁴perfectionem
1254 1632 1498 1701 appetat,
1526 1627 1670 1683 unde
1709 1634 1767 1683 et
1789 1627 1952 1684 homo
1981 1624 2302 1682 naturaliter
2325 1626 2548 1698 appetit

530 1716 721 1791 perfici
753 1733 767 1774 :
792 1723 849 1772 et
876 1732 999 1773 cum
1027 1717 1183 1773 multi
1208 1718 1319 1774 sint
1346 1717 1550 1789 gradus
1571 1716 1922 1790 perfectionis
1947 1715 2220 1782 humanae,
2243 1713 2376 1771 illud
2395 1729 2548 1787 prae-

531 1806 692 1883 cipue
718 1814 776 1862 et
815 1805 1193 1879 principaliter
1234 1805 1291 1862 in
1330 1807 1454 1879 ejus
1495 1806 1800 1880 appetitum
1841 1804 2168 1861 naturaliter
2199 1803 2367 1866 cadit,
2397 1803 2543 1877 quod

531 1894 602 1962 ad
635 1893 886 1952 ultimam
916 1894 1452 1968 ejushperl'ectionem
1494 1900 1708 1966 spectat
1736 1909 1751 1950 ε
1781 1892 1888 1949 hoc
1927 1891 2132 1948 indicio
2172 1893 2540 1972 cognoscitur,

532 1983 678 2058 quod
701 1983 954 2042 naturale
994 1984 1328 2054 desiderium
1350 1983 1588 2040 hominis
1620 1980 1677 2038 in
1705 1998 1771 2038 eo
1809 1982 2064 2054 quiescit.
2095 1971 2232 2038 Cum
2267 1973 2416 2040 enim
2443 1996 2552 2036 na-

532 2073 713 2129 turale
740 2073 1075 2131 desiderium
1110 2072 1347 2128 hominis
1384 2089 1493 2129 non
1537 2072 1726 2128 tendat
1753 2071 1858 2127 nisi
1901 2071 1958 2128 in
1994 2070 2198 2128 bonum
2238 2071 2546 2144 proprium,

530 2163 676 2236 quod
703 2163 758 2218 in
786 2163 972 2235 aliqua
999 2160 1313 2234 persectone
1341 2161 1614 2228 consistit,
1640 2151 1982 2232 consequens
2005 2163 2090 2214 est
2113 2158 2261 2232 quod
2300 2156 2546 2232 quandiu

538 2251 745 2324 aliquid
787 2251 1160 2306 desideratum
1202 2256 1397 2317 restat,
1424 2250 1666 2306 nondum
1701 2249 1953 2323 pervenit
1992 2248 2154 2305 homo
2193 2247 2262 2306 ad
2291 2247 2546 2304 ultimam

537 2338 923 2412 perfectionem
952 2333 1129 2393 suam.
1161 2337 1464 2410 Dupliciter
1492 2346 1676 2395 autem
1710 2337 1892 2395 adhuc
1935 2343 2109 2408 restat
2148 2335 2357 2410 aliquid
2395 2335 2548 2392 desi-

536 2426 1005 2498 derandum-Uno
1044 2427 1224 2494 mode,
1256 2426 1478 2500 quando
1506 2427 1564 2481 id
1596 2427 1745 2500 quod
1770 2427 2136 2496 desideratur,
2171 2431 2394 2500 propter
2439 2424 2550 2482 ali-

540 2515 673 2588 quid
699 2513 845 2569 aliud
888 2515 1155 2587 quaeritur
1185 2533 1199 2572 ε
1233 2517 1377 2573 unde
1404 2521 1624 2590 oportet
1660 2515 1804 2591 quod
1831 2530 1898 2574 eo
1925 2515 2152 2573 obtento
2171 2515 2356 2570 adhuc
2395 2513 2548 2588 desi-

538 2601 751 2661 derium
796 2620 904 2660 non
945 2605 1213 2678 quiescat,
1256 2604 1353 2662 sed
1396 2603 1604 2662 feratur
1641 2605 1700 2662 in
1744 2603 1914 2663 aliud.
1942 2603 2064 2681 Alio
2103 2603 2286 2673 modo,
2325 2602 2546 2676 quando

537 2707 644 2763 non
672 2691 873 2749 sufficit
902 2692 971 2750 ad
1000 2693 1354 2759 obtinendum
1374 2694 1433 2750 id
1457 2694 1603 2768 quod
1625 2694 1785 2759 homo
1812 2693 2110 2764 desiderat,
2127 2692 2272 2764 sicut
2299 2689 2548 2751 modicus

538 2780 693 2838 cibus
730 2798 837 2838 non
879 2783 1081 2844 sufficit
1136 2783 1207 2842 ad
1258 2784 1720 2842 sustentationem
1771 2789 2004 2850 nuturae,
2043 2783 2187 2841 unde
2237 2782 2549 2839 naturalem

545 2873 851 2944 appetitum
873 2887 978 2928 non
1001 2873 1187 2930 satiat.
1211 2873 1347 2929 illud
1378 2889 1508 2948 ergo
1527 2873 1737 2933 bonum·
1761 2871 1910 2946 quod
1939 2872 2100 2931 homo
2117 2872 2295 2944 primo
2321 2876 2380 2928 et
2407 2869 2548 2944 prin·

542 2960 793 3034 cipaliter
818 2961 1115 3030 desiderat,
1134 2962 1429 3020 tale-debet
1455 2977 1577 3020 esse
1605 2968 1668 3018 ut
1695 2978 1805 3020 non
1829 2971 2112 3036 quaeratur
2127 2969 2348 3036 propter
2373 2960 2542 3028 aliud,

540 3055 599 3121 =et
620 3049 856 3107 sufficiat
888 3051 1127 3109 homini:
1150 3052 1256 3109 hoc
1300 3059 1487 3108 autem
1521 3051 1725 3110 bonum
1771 3052 2134 3108 communiter
2178 3049 2416 3108 felicitas
2442 3066 2551 3106 no-

542 3138 799 3205 minatur,
826 3140 881 3197 in
906 3147 1172 3214 quantum
1199 3147 1283 3197 est
1311 3139 1516 3197 bonum
1537 3139 1776 3198 hominis
1796 3140 2248 3214 principale..Per
2269 3139 2374 3196 hoc
2401 3140 2552 3196 enim

541 3224 967 3299 aliquos‘felices
989 3245 1108 3286 esse
1127 3230 1378 3296 dicimus,
1394 3230 1555 3302 quod'
1571 3229 1652 3286 eis
1673 3229 1948 3286 credimus
1971 3229 2110 3286 bene
2137 3243 2281 3287 esse.
2304 3229 2553 3286 Vocatur

540 3315 709 3372 etiam
754 3316 1037 3374 beatitudo
1079 3319 1135 3374 in
1184 3319 1450 3391 quantum
1489 3318 1870 3375 excellentiam
1916 3318 2214 3392 quamdam
2256 3319 2547 3390 designat.

540 3405 727 3462 Potest
754 3414 808 3462 et
846 3422 950 3478 pax
978 3407 1182 3473 vocari,
1214 3407 1269 3463 in
1302 3411 1576 3488 ‚quantum
1613 3407 1920 3481 appetitum
1949 3409 2183 3480 quietat.
2209 3409 2352 3482 Nam
2390 3409 2555 3484 quies

543 3495 821 3566 appetitus
846 3510 951 3566 pax
978 3495 1205 3550 interior
1228 3510 1347 3551 esse
1372 3495 1588 3552 videtur
1616 3500 1796 3552 :unde
1827 3496 1882 3552 in
1906 3495 2280 3564 Psal.cx1.vn‚
2305 3497 2550 3554 dicitur:

544 3581 849 3654 Quiposuit
872 3575 1004 3654 fines
1028 3589 1143 3638 tuos
1178 3599 1379 3656 pacem.
1401 3585 1494 3642 Sic
1519 3581 1966 3658 igitur'apparet,
1999 3584 2143 3659 quod
2185 3585 2242 3641 in
2283 3600 2558 3659 corpora-

544 3668 685 3725 libus
714 3668 888 3736 bonis,
911 3669 1145 3726 hominis
1160 3670 1421 3741 ,felicitaS,
1439 3671 1525 3730 vel
1548 3672 1834 3730 beatitudo
1861 3687 1983 3732 esse
2008 3689 2116 3748 non
2145 3680 2351 3746 potest.
2368 3674 2556 3730 Primo

541 3758 785 3831 quidem,
816 3758 949 3831 quia
973 3774 1078 3815 non
1098 3766 1225 3816 sunt
1253 3771 1474 3834 propter
1498 3777 1556 3819 se
1583 3763 1947 3836 quaesita,sed
1978 3762 2304 3820 naturaliter
2326 3771 2559 3838 propter

539 3845 688 3904 aliud
713 3845 1093 3906 desiderantur
1124 3865 1142 3906 ε
1164 3851 1498 3908 conveniunt
1527 3852 1673 3922 enim
1698 3850 1906 3908 homini
1933 3851 2147 3910 ratione
2173 3853 2260 3910 sui
2281 3852 2560 3927 corporis.

534 3932 751 4006 ,corpus
772 3941 958 3994 autem
980 3936 1217 4000 hominis
1249 3938 1537 4008 ordinatur
1559 3941 1632 4005 ad
1667 3940 1908 4008 animam
1938 3941 2092 4002 >’sicut
2117 3931 2401 4012 adfinem,
2432 3947 2564 4001 tum
