2850 4517
771 383 904 428 vm.
929 396 1010 415 --·
1035 386 1104 429 m
1143 388 1501 434 ommonem
1554 392 1907 441 nommcna
2212 388 2347 466 ¹449

331 499 437 563 est,
482 496 629 570 quod
657 494 819 555 homo
861 514 1078 573 semper
1103 502 1178 558 eit
1210 502 1264 559 in
1309 504 1509 562 timore
1536 514 1593 564 et
1623 508 1954 570 humilitate·
1986 517 2167 591 Aliqui
2198 521 2343 578 enim

331 582 554 640 fuerunt
581 585 658 642 ita
689 591 1128 662 praesumptuosi,
1156 592 1250 665 qui
1271 592 1541 663 dicerent,
1564 598 1711 670 quod
1736 599 1898 658 homo
1921 612 2137 676 poterat
2160 610 2346 667 vivere

329 674 387 729 in
426 674 628 731 mundo
675 676 800 742 isto,
833 678 909 734 ita
951 678 1098 751 quod
1145 696 1212 735 ex
1255 696 1313 737 se
1352 690 1567 755 poterat
1595 688 1771 743 vitare
1816 700 2066 763 peccata.
2104 697 2210 753 Sed
2242 698 2345 757 hoc

329 763 464 819 nulli
501 763 693 821 datum
737 772 841 833 est,
889 768 995 823 nisi
1039 768 1138 825 soii
1181 768 1418 839 Christo,
1464 774 1557 846 qui
1598 774 1792 833 habuit
1820 781 2076 853 spiritum
2117 799 2225 841 non
2274 789 2345 845 ad

329 867 660 921 mensuram,
687 860 744 909 et
764 856 950 912 Beatae
971 856 1200 929 Virgini,
1227 874 1352 932 quae
1370 860 1475 915 fuit
1493 862 1654 935 plena
1677 867 1890 937 gratiae,
1920 870 1975 925 in
1997 886 2107 944 qna
2136 875 2343 933 nullum

327 948 614 1016 peccatum
653 942 777 1011 fuit,
811 944 956 1000 sicut
987 945 1125 1002 dicit
1151 950 1385 1021 August.
1417 952 1498 1006 De
1540 970 1651 1025 qua
1678 957 1891 1014 scilicet
1927 959 2171 1033 Virgine,
2216 980 2340 1023 cum

325 1031 395 1088 de
439 1034 680 1105 peccatis
721 1036 920 1104 agitur,
974 1030 1174 1092 nuliam
1219 1037 1342 1094 volo
1395 1039 1513 1096 fieri
1562 1044 1913 1104 mentionem.
1956 1052 2061 1107 Sed
2106 1052 2175 1109 de
2219 1056 2341 1113 aliis

325 1122 529 1178 sanctis
557 1122 689 1178 nulii
716 1138 1034 1179 concessum
1063 1132 1148 1180 est
1190 1126 1324 1199 quin
1360 1128 1429 1184 ad
1472 1130 1651 1187 minus
1678 1136 1893 1191 veniale
1923 1150 2212 1211 peccatum
2252 1144 2341 1202 in·-

323 1215 590 1266 curreret.
618 1212 643 1266 1
667 1212 824 1267 Joan.
861 1227 882 1268 ι
925 1226 940 1266 :
967 1211 1028 1267 Si
1050 1212 1350 1271 dixerimus
1369 1218 1619 1291 quoniam
1636 1231 1907 1294 peccatum
1936 1244 2041 1283 non
2071 1230 2338 1301 habemus,

321 1298 429 1372 ipsi
461 1314 556 1356 nos
589 1300 900 1367 seducimur,
929 1308 982 1360 et
1011 1302 1213 1371 veritas
1237 1305 1298 1360 in
1321 1306 1473 1363 nobie
1496 1318 1603 1365 nort
1632 1310 1708 1368 'est
1736 1328 1753 1368 .·
1783 1320 1841 1369 et
1880 1314 1982 1372 hoc
2004 1318 2171 1375 etiam
2209 1340 2338 1393 pro-

322 1388 499 1448 batur,
521 1406 617 1462 per
643 1390 963 1463 petitionem
1005 1391 1186 1448 istam.
1220 1384 1449 1451 Constat
1478 1398 1628 1453 enim
1662 1402 1809 1472 quod
1839 1404 2091 1463 omnibus
2128 1412 2338 1468 sanctis

321 1483 377 1532 et
422 1475 732 1533 hominibus
776 1476 1030 1533 convenit
1069 1478 1300 1534 dicere:
1347 1481 1517 1537 Pater
1560 1491 1761 1552 nomer,
1811 1488 1869 1543 in
1914 1508 2023 1563 quo
2066 1491 2271 1552 dicitur
2318 1514 2333 1553 ε

320 1564 546 1623 Dimitte
585 1566 733 1622 nobis
771 1566 944 1622 debita
985 1573 1205 1633 nostra,
1247 1585 1378 1640 ergo
1407 1586 1599 1628 omnes
1636 1577 2034 1645 recognoscunt
2064 1588 2120 1637 et
2158 1588 2335 1643 conii-

321 1658 505 1710 tentur
533 1670 602 1711 ee
645 1663 978 1731 peccator-ee,
1009 1655 1098 1711 vel
1141 1656 1440 1713 debitores·
1480 1660 1536 1715 Si
1579 1672 2012 1735 ergo-peccator
2042 1684 2119 1737 ee,
2164 1672 2332 1731 debes

320 1744 514 1800 timere
535 1751 592 1799 et
619 1743 916 1800 humiliari.
944 1742 1106 1799 Aliud
1136 1752 1238 1809 est,
1273 1745 1420 1817 quod
1458 1759 1674 1821 semper
1704 1752 1952 1811 vivamus
1976 1757 2031 1811 in
2057 1774 2173 1831 spe,
2202 1764 2331 1834 quia

319 1832 448 1889 licet
495 1834 664 1889 simus
696 1840 1034 1907 peccatores,
1082 1848 1190 1887 non
1229 1832 1495 1891 debemus
1536 1836 1846 1911 desperare,
1902 1860 1971 1899 ne
2020 1846 2331 1920 desperatio

317 1922 486 1978 ducat
509 1938 606 1977 nos
620 1922 690 1978 ad
711 1923 918 1993 majora
942 1926 998 1976 et
1013 1921 1230 1978 diversa
1255 1929 1501 1994 peccata,
1524 1924 1667 1982 sicut
1692 1927 1828 1984 dicit
1848 1933 2039 2002 Apost.
2068 1934 2203 2007 Eph.
2229 1953 2288 1994 ιν
2314 1956 2327 1995 z

315 2010 425 2077 Qui
473 2010 806 2082 desperantes
859 2008 1159 2081 semetipsos
1202 2010 1555 2071 tradiderunt
1597 2014 1969 2088 impudicitiae,
2023 2031 2131 2079 etc.
2186 2023 2329 2099 Ergo

313 2098 546 2155 multum
575 2107 659 2156 est
695 2098 848 2166 utile,
881 2098 1030 2171 quod
1057 2114 1271 2173 semper
1297 2114 1583 2174 speremus
1613 2120 1627 2159 ε
1660 2106 1789 2177 quia
1828 2114 2329 2189 quantumcumque
2354 2169 2357 2171 ,

313 2186 478 2244 homo
516 2188 591 2244 sit
635 2194 908 2260 peccator,
952 2184 1118 2243 debet
1143 2202 1368 2258 sperare
1393 2190 1541 2263 quod
1584 2193 1750 2260 Beue,
1791 2193 1839 2251 ei
1868 2198 2108 2269 perfecte
2136 2211 2328 2261 conte-

315 2285 468 2332 ratur
510 2282 564 2332 et
608 2282 979 2344 convertatur,
1025 2276 1276 2333 dimittet*
1311 2278 1384 2335 ei.
1429 2281 1559 2337 Haec
1598 2289 1784 2338 autem
1822 2300 1949 2358 spes
1986 2288 2235 2347 firmatur
2272 2277 2348 2349 in*

315 2365 470 2421 nobis
507 2380 632 2422 cum
671 2366 907 2439 petimus
939 2380 953 2420 z
989 2366 1216 2424 Dimitte
1249 2367 1397 2424 nobis
1430 2368 1605 2426 debita
1634 2378 1837 2431 nostra.
1868 2376 1974 2432 Sed
2004 2377 2146 2436 hanc
2174 2371 2324 2453 spem

312 2454 656 2511 abstulerunt
689 2455 1012 2524 Novatiani,
1057 2458 1153 2529 qui
1196 2456 1451 2515 dixerunt
1500 2460 1646 2535 quod
1676 2463 1770 2535 qui
1815 2464 1983 2523 semel
2020 2472 2325 2543 peccabant

312 2549 435 2618 post
475 2543 826 2613 baptismum,
869 2560 1151 2617 nunquam
1190 2548 1671 2622 consequebantur
1712 2552 2163 2617 misericordiam.
2208 2562 2323 2620 Hoc

309 2638 499 2689 autem
539 2644 645 2684 non
691 2635 776 2684 est
800 2644 1012 2695 verum,
1057 2633 1102 2686 si
1142 2648 1331 2688 verum
1377 2636 1516 2689 dixit
1544 2636 1795 2693 Christus
1832 2640 2064 2699 dicendo
2102 2662 2114 2701 ε
2156 2648 2321 2707 Omna

307 2719 542 2777 debitum
569 2716 754 2772 dimisi
791 2716 908 2781 tibi,
939 2718 1188 2788 quoniam
1233 2722 1439 2787 royasti
1484 2738 1587 2788 me,
1629 2726 1823 2782 matth.
1868 2742 2041 2788 xvm.
2068 2735 2129 2791 In
2176 2754 2319 2810 qua-

307 2824 546 2881 cumque
573 2820 702 2877 ergo
729 2804 820 2861 die
853 2814 1024 2877 petes,
1058 2811 1264 2878 poteris
1289 2811 1550 2881 consequi
1587 2812 2037 2887 misericordiam,
2086 2822 2131 2877 si
2161 2826 2323 2897 roges

308 2914 434 2957 cnm
480 2893 821 2971 poenitudine
860 2892 1093 2967 peccati.
1137 2894 1228 2949 Sic
1269 2895 1438 2965 igitur
1475 2912 1549 2953 >ex
1588 2898 1692 2956 bac
1734 2904 1997 2975 petitione
2038 2920 2316 2987 consurgit

311 2988 476 3043 timor
499 2991 554 3041 et
579 3000 723 3057 spesi,
753 2982 885 3055 quia
911 2996 1100 3038 omnes
1129 2990 1445 3057 peccatores
1468 2988 1692 3043 contriti
1722 2998 1777 3046 et
1804 2995 2125 3071 confitentes
2152 3003 2317 3061 mise-
2350 3002 2357 3008 “

311 3074 603 3132 ricordiam
647 3077 1075 3145 consequuntur,
1129 3078 1184 3128 et
1234 3071 1358 3129 ideo
1407 3077 1717 3135 necessaria
1768 3079 1873 3137 suit
1926 3084 2044 3143 haec
2069 3094 2075 3101 ·
2100 3093 2314 3161 petitio,

308 3164 466 3221 Circa
489 3166 806 3229 secundum,
840 3160 1123 3218 sciendum
1151 3166 1254 3230 est,
1289 3162 1435 3234 quod
1464 3163 1519 3217 in
1541 3175 1767 3237 peccato
1790 3178 1919 3227 sunt
1946 3173 2074 3241 duo,
2105 3181 2315 3244 scilicet

307 3251 466 3324 culpa
495 3268 604 3324 qua
627 3250 920 3308 offenditur
948 3248 1114 3317 Deus,
1145 3255 1201 3306 et
1237 3264 1398 3323 poena
1434 3266 1559 3325 quae
1586 3253 1818 3312 debetur
1839 3275 1938 3332 pro
1963 3265 2121 3339 culpa
2164 3288 2177 3325 :
2216 3276 2316 3331 sed

306 3342 467 3415 culpa
495 3340 794 3397 remittitur
821 3340 878 3395 in
899 3340 1246 3408 contritione,
1287 3354 1414 3414 quae
1448 3348 1533 3397 est
1557 3358 1681 3399 cum
1710 3350 1989 3420 proposito
2020 3358 2312 3419 confitendi

307 3440 363 3488 et
390 3427 780 3487 satisfaciendi.
807 3427 1006 3486 Psalm.
1046 3442 1198 3486 xxx!
1235 3445 1248 3483 ε
1281 3430 1418 3486 Dixi
1447 3446 1467 3487 .·
1492 3431 1793 3504 Confitebor
1814 3436 2095 3500 adversum
2118 3449 2311 3507 mein-

297 3519 572 3594 justitiam
602 3534 770 3575 mam
806 3518 1032 3574 Domino
1071 3532 1084 3573 e
1117 3523 1166 3574 et
1203 3523 1265 3575 tu
1299 3520 1561 3577 remisisti
1584 3522 1911 3595 impietatem
1954 3535 2159 3603 peceati
2189 3539 2315 3597 mei,

303 3610 427 3667 Non
458 3615 542 3667 εει
580 3608 748 3681 igitur
785 3606 1206 3679 desperandum,
1239 3620 1307 3663 ex
1334 3624 1444 3680 quo
1474 3610 1542 3665 ad
1574 3613 1948 3674 remissionem
1990 3621 2169 3697 culpae
2197 3629 2313 3685 sus..

305 3699 420 3755 ficit
459 3698 716 3755 contritio
753 3710 877 3753 cum
917 3696 1196 3769 proposito
1241 3696 1559 3755 confitendi.
1602 3702 1710 3758 Sed
1755 3703 1897 3763 forte
1939 3711 2063 3783 quis
2106 3714 2253 3774 dicet
2297 3734 2313 3776 ς

305 3808 335 3844 α
363 3788 444 3845 Ex
467 3805 575 3861 quo
599 3786 895 3844 dimittitur
926 3790 1210 3859 vpeccatum
1244 3785 1300 3840 in
1329 3788 1678 3857 contritione,
1711 3792 1781 3848 ad
1811 3798 1940 3867 quid
1972 3808 2315 3867 necessarius

303 3885 386 3934 est
415 3876 715 3933 sacerdos?
759 3896 786 3930 ιο
826 3875 908 3933 Ad
945 3874 1050 3931 hoc
1077 3873 1369 3931 dicendum
1406 3882 1510 3942 est,
1543 3880 1689 3951 quod
1720 3882 1866 3941 Dens
1896 3887 1952 3943 in
1987 3894 2313 3955 contritione

237 3972 254 3981 “
301 3964 532 4024 dimittit
557 3967 794 4039 cuipam,
827 3971 884 4021 et
910 3978 1070 4038 poena
1096 3971 1304 4020 oeterna
1333 3976 1705 4025 commutatur
1731 3970 1786 4027 in
1814 3979 2187 4055 temporalem,
2216 3988 2313 4045 sed

812 4080 864 4131 S.
895 4081 1048 4136 Tuon.
1085 4085 1170 4139 Ae·
1205 4082 1469 4135 oensem
1493 4104 1547 4125 --·
1589 4084 1629 4136 1.
1658 4108 1717 4127 -
1740 4086 1805 4164 3⁹

1358 4186 1414 4198 --κα
1424 4183 1522 4197 ·--κρ
1532 4188 1557 4194 --
