2850 4517
582 388 702 447 484
806 442 810 446 ,
1060 403 1113 445 s.
1157 397 1390 444 ¹1*quAE
1432 367 1760 448 Aoumms
1802 397 2111 441 opuscum

585 518 928 576 occasionem
943 516 1138 574 mortis
1153 533 1218 572 ex
1237 515 1437 572 litteris
1454 496 1731 588 accipiunt
1755 513 1925 586 aliqui
1940 512 2256 584 dupliciter.
2272 513 2393 571 Uno
2408 515 2596 583 modo,

582 607 640 662 in
668 617 936 681 quantum
975 623 1042 662 ex
1076 597 1262 662 littera
1297 621 1456 661 sacra
1486 603 1762 676 accipiunt
1790 604 2136 660 occasionem
2157 605 2381 672 erroriS,
2412 611 2470 663 et
2496 605 2601 661 hoc

585 711 875 753 commune
904 702 988 752 est
1012 703 1124 752 tam
1156 694 1357 751 litterae
1384 695 1590 750 veteris
1618 693 1955 760 testamenti,
1986 710 2152 768 quam
2178 693 2325 751 novi.
2352 695 2514 752 Unde
2544 703 2600 750 et

581 787 790 842 Petrus·
825 784 964 841 dicit
1007 799 1052 840 11
1097 784 1386 840 Canonicae
1430 781 1625 838 ultimo
1671 798 1793 854 cap.
1848 782 1996 855 quod
2039 783 2096 838 in
2142 783 2401 856 epistolis
2444 783 2603 839 Pauli

583 883 714 931 sunt
740 874 994 947 quaedam
1023 872 1265 928 difficilia
1287 870 1591 937 intellectu,
1619 887 1747 944 quae
1768 870 1975 926 indocti
2004 877 2061 926 et
2084 871 2371 928 instabiles
2395 871 2604 946 depra-

581 968 736 1031 vant,
769 965 913 1019 sicut
958 967 1014 1018 et
1059 969 1290 1019 caeteras
1329 962 1643 1034 Scripturas
1688 959 1757 1018 ad
1804 975 1960 1016 suam
2002 961 2434 1018 damnationem.
2478 961 2605 1018 Alio

581 1052 767 1119 modo,
795 1053 852 1107 in
881 1056 1146 1124 quantum
1172 1067 1238 1106 ex
1271 1050 1563 1123 praeceptis
1604 1051 1661 1104 in
1701 1049 1888 1105 littera
1918 1065 2091 1106 sacrae
2118 1050 2421 1123 Scripturae
2462 1067 2603 1108 con-

582 1141 751 1197 tentis
779 1141 1012 1196 sumitur
1036 1140 1254 1196 occasio
1283 1138 1428 1198 male
1452 1137 1691 1206 vivendi,
1722 1137 1855 1194 dum
1890 1156 1987 1211 per
2010 1139 2439 1212 prohibitionem
2464 1155 2605 1196 con-

584 1230 924 1302 cupiscentia
981 1236 1232 1302 augetur,
1266 1237 1322 1285 et
1363 1229 1543 1300 gratia
1580 1227 1846 1300 adjuvans
1888 1243 1998 1284 non
2042 1227 2323 1306 confertur
2361 1245 2375 1284 z
2423 1235 2481 1286 et
2521 1229 2604 1286 sic

585 1317 774 1378 littera
797 1319 1000 1376 veteris
1027 1317 1343 1375 testamenti
1367 1319 1571 1374 dicitur
1594 1317 1861 1384 mortaliS,
1886 1333 1995 1372 non
2024 1325 2211 1375 autem
2236 1317 2423 1376 littera
2446 1319 2598 1378 novi.

1277 1460 1573 1556 CAPUT·
1606 1487 1898 1556 XXXII.
1994 1501 2000 1506 ’

557 1711 564 1717 ,
661 1627 966 1706 Quomodo
994 1627 1374 1710 intelligitur
1399 1629 1561 1710 quod
1585 1629 1717 1692 sola
1745 1629 2016 1711 definitio
2044 1629 2281 1696 Niooem’
2308 1629 2567 1695 concilii

983 1724 1072 1783 est
1101 1719 1304 1793 unica,
1333 1724 1391 1782 et
1415 1737 1558 1783 vera
1576 1719 1871 1799 possessio
1898 1720 2195 1797 fidelium.

655 1858 797 1914 Item
822 1854 1049 1910 dubium
1073 1862 1158 1910 est
1185 1853 1254 1910 de
1287 1853 1390 1909 hoc
1427 1853 1571 1927 quod
1614 1853 1749 1909 dicit
1793 1852 2060 1910 Athenas·
2092 1855 2149 1909 in
2184 1855 2377 1912 eadem
2420 1857 2600 1931 Epist.

589 1946 738 2021 quod
769 1945 885 2002 sola
912 1951 1142 2018 paterna
1174 1943 1420 1999 definitio
1444 1943 1657 2000 Nicaeni
1686 1943 1902 1999 concilii
1930 1945 2217 2000 enuntiata
2242 1960 2274 2000 a
2310 1945 2509 2018 spiritu
2547 1953 2606 2003 et

585 2045 695 2091 non
725 2033 928 2098 littera,
948 2039 1032 2090 est
1060 2032 1223 2090 unica
1251 2041 1306 2088 et
1329 2048 1459 2089 vera
1486 2033 1760 2106 possessio
1785 2031 2230 2088 orthodoxorum.
2250 2034 2440 2091 Posset
2454 2035 2605 2092 enim

587 2123 788 2196 aliquis
817 2121 1140 2194 intelligere,
1175 2121 1320 2194 quod
1355 2121 1605 2177 definitio
1647 2120 1781 2178 dicti
1822 2119 2041 2177 concilii
2079 2121 2409 2178 auctoritate
2456 2140 2607 2196 prae-

585 2211 794 2268 feratur
816 2210 1018 2268 litterae
1043 2211 1264 2278 veteriS,
1291 2209 1378 2268 vel
1414 2211 1542 2268 novi
1584 2209 1919 2278 testamenti,
1952 2210 2099 2283 quod
2125 2215 2211 2266 est
2239 2212 2463 2268 omnino
2494 2213 2603 2270 fal-

587 2315 731 2356 sum.
757 2299 1175 2372 Intelligendum
1203 2307 1288 2357 est
1317 2307 1523 2370 autem,
1555 2300 1700 2374 quod
1732 2316 1828 2372 per
1857 2299 2068 2355 dictum
2110 2291 2605 2358 concilium'verus

496 2428 506 2437 .
585 2387 901 2444 intellectus
938 2403 1008 2443 ex
1043 2403 1200 2444 sacra
1228 2389 1511 2460 Scriptura
1546 2395 1630 2445 est
1668 2397 1948 2462 acceptus,
1979 2403 2143 2461 quem
2188 2389 2287 2445 soli
2337 2381 2604 2447 catholici

584 2471 812 2537 habent,
845 2473 972 2528 licet
1006 2472 1190 2530 littera
1227 2489 1402 2530 sacrae
1430 2476 1729 2547 Scripturas
1758 2476 1827 2532 sit
1854 2476 2155 2533 communis
2185 2475 2498 2545 catholiciS,
2549 2484 2606 2534 et

583 2559 884 2629 haeretici&
913 2567 968 2618 et
991 2563 1018 2618 J
1028 2561 1216 2619 udaeis.

658 2651 758 2717 His
795 2651 962 2723 igitur
985 2653 1266 2724 expositis,
1301 2653 1698 2711 ostendendum
1738 2649 1823 2710 est
1850 2654 2123 2727 quomodo
2152 2669 2218 2710 ex
2246 2654 2609 2712 auctoritati-

585 2740 690 2796 bus
727 2739 783 2795 in
815 2741 1080 2814 praedicto
1125 2741 1307 2799 libello
1348 2728 1815 2810 contenti3,‘vera
1856 2744 1993 2800 fides
2026 2744 2271 2811 docetur,
2312 2749 2370 2800 et
2410 2751 2607 2802 contra

589 2843 801 2886 errores
842 2829 1174 2886 defenditur.
1219 2832 1687 2890 Considerandum
1740 2832 2013 2905 siquidem
2057 2839 2160 2899 est,-
2204 2832 2352 2905 quod
2400 2833 2456 2888 in
2504 2833 2607 2889 hoc

587 2919 842 2990 apparuit
882 2918 1050 2974 Filius
1091 2918 1223 2988 Dei,
1277 2929 1340 2976 ut
1386 2920 1757 2978 dissolvantur
1808 2937 1977 2994 opera
2016 2919 2243 2988 diaboli,
2294 2926 2357 2976 ut
2400 2921 2605 2978 dicitur

585 3007 632 3062 Ι.
663 3007 819 3062 Joan.
863 3023 950 3074 m,
981 3006 1124 3062 unde
1152 3013 1209 3064 et
1247 3007 1499 3064 diabolus
1534 3025 1695 3066 versa
1723 3010 1843 3066 vice
1872 3011 1942 3066 ad
1971 3009 2076 3066 hoc
2105 3017 2284 3066 totum
2316 3025 2479 3065 sunm
2506 3026 2607 3067 co-

585 3099 780 3148 natum
828 3096 1080 3166 apposuit
1108 3104 1164 3152 et
1208 3097 1452 3170 apponit,
1501 3106 1563 3154 ut
1604 3114 1671 3154 ea
1708 3115 1831 3172 quae
1866 3105 1995 3155 sunt
2030 3097 2237 3155 Christi
2278 3098 2549 3156 dissolvat
2588 3116 2605 3156 z

587 3181 734 3253 quod
773 3182 996 3254 quidem
1034 3185 1207 3255 primo
1245 3202 1342 3258 per
1372 3195 1635 3260 tyrannos
1662 3186 1843 3243 facere
1882 3189 2137 3255 tentavit,
2169 3187 2372 3244 Christi
2411 3189 2608 3244 minis-

585 3276 704 3324 tros
743 3271 1099 3342 corporaliter
1125 3273 1443 3329 occidentes
1474 3291 1487 3328 ε
1524 3275 1621 3330 sed
1662 3276 2010 3349 postmodum
2043 3293 2140 3350 per
2164 3275 2475 3342 haereticos,
2514 3293 2609 3350 per

587 3371 727 3430 quos
769 3357 1127 3433 spiritualiter
1174 3361 1439 3434 plurimos
1484 3363 1779 3420 interfecit.
1824 3364 2001 3430 Unde,
2046 3367 2091 3421 si
2145 3365 2271 3439 quis
2316 3363 2611 3436 diligenter

585 3442 845 3520 inspiciat
881 3449 1264 3506 haereticorum
1290 3466 1524 3522 errores,
1552 3453 1622 3508 ad
1652 3453 1756 3510 hoc
1784 3453 2163 3527 principaliter
2185 3451 2447 3509 videntur
2486 3461 2611 3510 ten-

585 3537 837 3604 dere,-ut
857 3538 1077 3596 Christi
1119 3539 1383 3612 derogent
1411 3541 1691 3614 dignitati.
1723 3544 2021 3616 Derogavit
2050 3559 2285 3616 namque
2323 3545 2494 3600 Arius
2522 3543 2615 3600 di-

585 3626 783 3697 gnitati
809 3625 1030 3694 Christi,
1064 3629 1194 3684 dum
1229 3626 1427 3686 Filium
1460 3631 1559 3686 Dei
1584 3633 2003 3690 coessentialem
2032 3634 2181 3690 Patri
2210 3648 2331 3690 esse
2360 3634 2609 3705 negavit,

585 3728 713 3768 eum
748 3730 998 3771 asserens
1033 3723 1364 3774 creaturam.
1405 3721 1703 3793 Derogavit
1739 3722 1909 3779 etiarn
1946 3722 2317 3788 Macedoniusi,
2350 3722 2452 3794 qui
2483 3722 2613 3777 dum

584 3798 849 3871 Spiritum
891 3814 1140 3863 sanctum
1180 3814 1494 3865 creaturam
1521 3825 1641 3867 esse
1681 3811 1847 3878 dixit,
1877 3809 2015 3868 Filio
2058 3811 2333 3867 subtraxit
2362 3811 2615 3866 auctori-

585 3892 760 3972 tate-m
797 3893 1039 3963 spirandi
1068 3894 1310 3953 divinam
1339 3915 1649 3971 personam.
1694 3901 1995 3972 Derogavit
2023 3905 2080 3956 et
2114 3899 2477 3970 Manicbaeu3‚
2520 3899 2615 3972 qui

588 3969 722 4030 dum
747 3976 982 4037 visibilia
1018 3996 1051 4039 a
1079 3983 1226 4042 malo
1255 3986 1368 4044 Deo
1399 3995 1589 4046 creata
1624 4003 1747 4047 esse
1775 3990 2031 4061 asseruit,
2072 4005 2170 4064 per
2192 3987 2397 4048 Filium
2427 3987 2611 4048 omnia
