2850 4517
501 338 620 399 428
975 351 1032 399 s.
1073 348 1308 395 'rnomu
1344 348 1675 401 aemuli-ns
1714 348 2027 394 oruseuu

567 467 768 528 Carnis
794 464 1260 527 resurrectionem.
1289 464 1527 539 Spiritus
1561 465 1797 523 Sanetus
1832 479 1941 521 uon
1977 462 2157 523 solum
2195 468 2520 527 sanctificat

497 557 802 617 Ecclesiam
829 562 1098 631 quantum
1120 554 1194 613 ad
1217 554 1479 623 enimam,
1509 552 1609 611 sed
1654 553 1863 611 virtute
1894 553 2017 628 ejus
2048 565 2343 629 resurgent
2384 574 2520 614 cor-

499 664 635 721 pora
663 654 872 703 nostra.
901 645 1064 703 Rom.
1093 659 1155 703 ιν
1183 660 1198 699 ι
1227 640 1332 709 Qui
1357 640 1635 701 moituvit
1676 640 1861 699 Iesum
1902 642 2182 701 Christum
2221 646 2520 703 Dominum

499 744 743 795 nostrum
769 733 1070 800 amortuis,
1093 739 1149 790 et
1175 732 1202 788 1
1221 730 1468 789 Corinth.
1494 746 1573 787 xv
1606 747 1621 785 ε
1650 729 1917 797 Quoniam
1946 731 2161 804 quidem
2190 750 2295 807 per
2336 734 2520 791 homi-

499 843 618 885 nem
643 840 806 891 more,
829 830 879 881 et
894 838 997 897 per
1017 821 1278 879 hominem
1300 818 1625 879 resurreetio
1641 826 1979 877 monitorum
2004 826 2063 877 et
2082 820 2212 879 ideo
2235 822 2520 880 oredimus

499 915 802 975 secuudum
849 912 1015 970 iidem
1065 918 1310 969 nostram
1350 908 1811 967 resurrectionem
1850 918 2195 969 mortuorum
2245 912 2515 973 futuram.

497 1006 658 1063 Circa
685 1018 852 1077 quem
875 1006 1112 1076 quatuor
1139 997 1539 1057 consideranda
1566 1004 1882 1055 occurrunt.
1902 999 2149 1057 Primum
2170 1006 2278 1069 est,
2299 1002 2517 1059 utilitas

501 1109 628 1169 qum
665 1108 736 1149 ex
773 1090 880 1147 fide
921 1085 1342 1147 resurrectionis
1363 1086 1617 1161 provenit
1644 1102 1661 1142 ε
1685 1086 2007 1156 seeundum,
2035 1097 2119 1145 est
2146 1090 2395 1163 qualitas
2423 1107 2517 1179 re-

501 1178 842 1254 surgentium
865 1183 1133 1252 quantum
1155 1176 1226 1233 ed
1251 1190 1443 1233 omues
1468 1176 1525 1232 in
1546 1173 1789 1247 generali
1816 1182 1833 1231 ι·
1862 1176 2109 1245 tertium,
2143 1180 2418 1251 quantum
2444 1181 2515 1237 ad

501 1272 673 1329 honos
700 1287 714 1325 :
745 1277 1006 1343 quartum
1055 1272 1322 1342 quantum
1365 1264 1439 1323 ad
1475 1264 1648 1322 malos
1689 1264 1746 1321 iu
1786 1265 2035 1339 speciali.
2073 1266 2237 1325 Circa
2276 1268 2515 1341 primum

501 1357 802 1426 sciendum,
835 1354 982 1430 quod
1011 1354 1084 1412 ud
1111 1361 1350 1427 quatuor
1389 1361 1479 1410 est
1517 1350 1677 1410 nobis
1704 1352 1859 1409 utilis
1900 1353 2039 1411 fides
2073 1361 2133 1410 et
2158 1371 2289 1429 spes
2325 1372 2515 1413 resur-

501 1446 780 1507 rectionis.
811 1445 1010 1512 Primo,
1037 1443 1110 1499 ad
1150 1442 1451 1500 tollendum
1480 1442 1754 1509 tristitiae,
1784 1457 1925 1516 quas
1956 1458 2026 1500 ex
2052 1446 2291 1503 mortuis
2323 1448 2513 1503 couci-

501 1537 702 1611 pimus.
725 1530 1066 1607 Impossibile
1083 1539 1169 1589 est
1181 1531 1330 1589 enim
1351 1531 1501 1605 quod
1522 1530 1687 1588 homo
1707 1545 1813 1587 nou
1840 1531 2027 1590 doleat
2052 1533 2123 1590 de
2150 1542 2333 1592 morte
2360 1536 2512 1592 ohaxi

504 1625 590 1685 sui
617 1642 633 1681 a
664 1622 761 1681 sed
787 1638 885 1696 per
911 1621 1016 1678 hoe
1043 1620 1192 1695 quod
1226 1626 1424 1694 sperui:⁴
1450 1636 1577 1677 eum
1612 1626 2067 1689 resurrecturum,
2098 1623 2339 1681 multum
2368 1630 2511 1682 tem-

506 1718 727 1788 peratur
754 1710 910 1768 dolor
932 1711 1145 1767 mortis.
1178 1710 1199 1765 1
1223 1708 1687 1767 Thessalouieieu.
1719 1725 1780 1767 tv
1804 1728 1825 1766 t
1852 1709 2117 1770 Nolumus
2135 1728 2229 1770 vos
2256 1714 2513 1786 ignorare

503 1803 710 1877 [ratres
735 1800 799 1857 de
841 1798 1246 1865 dormientibus,
1273 1805 1334 1855 nt
1373 1814 1483 1855 uon
1512 1798 1907 1856 contristemini
1936 1800 2077 1859 sient
2110 1808 2166 1859 et
2198 1803 2388 1859 eaeteri
2422 1803 2512 1877 qni

505 1909 644 1967 spem
667 1907 774 1948 non
795 1889 1016 1947 habent,
1031 1888 1302 1956 Secunde,
1327 1888 1507 1945 aufert
1550 1888 1803 1945 timorem
1842 1890 2079 1948 mortis:
2107 1891 2157 1948 ei
2178 1890 2347 1949 homo
2390 1900 2513 1967 post

511 1989 744 2039 mortem
779 1993 888 2036 uon
935 1984 1182 2051 speraret
1237 1976 1403 2035 aliam
1445 1977 1617 2034 vitam
1659 1977 1961 2045 meliorem,
1990 1979 2109 2035 siue
2152 1980 2325 2037 dubio
2366 1997 2514 2039 mers

507 2078 654 2128 esset
684 2067 841 2125 valde
885 2066 1146 2134 timenda,
1175 2073 1230 2122 et
1270 2065 1455 2139 potius
1494 2065 1721 2125 deberet
1762 2065 1925 2124 homo
1957 2081 2325 2142 quaeeumque
2366 2070 2516 2129 mala

505 2157 708 2226 secere,
738 2172 906 2230 quam
944 2156 1220 2212 incurrere
1248 2161 1483 2211 mortem
1516 2170 1528 2209 :
1556 2153 1655 2210 sed
1696 2153 1828 2228 quia
1876 2155 2151 2215 eredimus
2191 2172 2317 2215 esse
2347 2159 2515 2217 aliam

509 2248 680 2305 vitam
724 2245 1026 2313 meliorem,
1071 2242 1142 2300 ad
1188 2258 1356 2316 quem
1397 2242 1781 2317 perveniemus
1821 2250 1946 2316 post
1993 2253 2247 2315 mortem,
2294 2254 2517 2306 constat

509 2334 657 2409 quod
687 2333 866 2389 nullus
886 2331 1050 2389 debet
1074 2340 1306 2388 mortem
1335 2332 1549 2400 timere,
1580 2346 1684 2389 nee
1711 2332 1908 2389 timore
1936 2334 2131 2391 mortis
2155 2334 2346 2409 aliqua
2366 2337 2515 2395 mala

509 2424 710 2479 faeere.
738 2419 875 2475 Heb.
904 2434 949 2475 u
978 2436 991 2473 ε
1031 2418 1100 2477 L‘t
1117 2434 1219 2490 per
1245 2426 1469 2477 mortem
1488 2419 1789 2478 destrueret
1808 2436 1928 2479 enm
1947 2421 2042 2495 qui
2074 2421 2297 2481 habebat
2322 2426 2517 2483 mortis

509 2507 817 2579 imperium,
844 2506 904 2562 id
929 2512 1028 2573 eet,
1047 2504 1335 2574 diabolum,
1362 2513 1415 2563 et
1442 2507 1696 2566 liberaret
1723 2524 1829 2577 eos,
1849 2511 1942 2583 qni
1974 2510 2168 2569 timere
2189 2516 2382 2571 mortis
2414 2530 2517 2587 per

505 2602 678 2659 totam
711 2595 880 2653 vitam
919 2594 1136 2653 obnooeii
1169 2603 1330 2654 erant
1357 2596 1627 2655 servituti.
1654 2598 1861 2668 Tertio,
1907 2599 2091 2657 reddit
2135 2601 2405 2659 sollicitos
2456 2608 2515 2659 et

508 2684 788 2743 studiosos
813 2685 883 2743 ad
919 2685 1059 2743 bene
1079 2685 1437 2759 operandum,
1463 2686 1513 2743 si
1538 2687 1685 2743 onim
1712 2687 1827 2745 vita
1848 2687 2087 2761 hominis
2122 2697 2271 2748 esset
2298 2697 2515 2750 tantum

508 2776 635 2844 ista,
675 2774 729 2831 in
763 2789 874 2849 qua
920 2773 1175 2843 vivimus,
1209 2788 1319 2830 nou
1360 2776 1565 2831 inesset
1610 2775 1921 2834 hominibus
1974 2792 2235 2850 magnum
2268 2781 2515 2837 studium

510 2865 581 2921 ad
621 2864 760 2921 hene
787 2862 1168 2938 operandum:
1195 2862 1328 2937 quia
1361 2862 1630 2936 quidquid
1675 2864 1899 2935 faceret,
1930 2882 2163 2939 parvum
2206 2878 2355 2926 esset
2386 2886 2515 2928 cum

514 2955 634 3027 ejus
662 2951 995 3011 desiderium
1024 2966 1132 3009 non
1158 2952 1231 3008 eit
1255 2952 1324 3009 ad
1365 2952 1567 3009 honum
1595 2952 2017 3012 determinatum
2056 2957 2363 3016 secundum
2388 2975 2517 3016 cer-

515 3048 631 3099 tum
675 3048 910 3114 tempus,
941 3040 1040 3098 sed
1077 3039 1147 3097 ed
1185 3039 1573 3123 aeteruitatem7
1614 3040 1719 3099 Sed
1760 3042 1893 3116 quia
1927 3044 2202 3101 eredimus
2241 3048 2391 3120 quod
2419 3064 2517 3122 per

513 3130 632 3187 haeo
660 3145 784 3202 quae
812 3129 902 3186 hio
939 3130 1188 3197 facimuS,
1217 3128 1543 3203 recipiemus
1580 3128 1723 3186 bona
1762 3136 1971 3189 aeterna
2006 3132 2063 3190 iu
2091 3137 2513 3205 resurrectione,

512 3218 637 3275 ideo
663 3217 947 3275 studemus
972 3218 1116 3276 bona
1144 3218 1379 3291 operari.
1407 3217 1435 3273 1
1455 3217 1699 3275 Corinth.
1726 3233 1845 3276 xv:
1874 3218 1935 3277 Si
1957 3219 2018 3277 in
2044 3220 2142 3278 hae
2163 3222 2277 3281 vita
2305 3232 2519 3283 tantum

509 3306 576 3364 in
607 3304 824 3363 Christo
845 3313 1119 3380 sperantes
1150 3322 1350 3373 sumne,
1373 3304 1787 3363 miserabiliores
1807 3322 1989 3366 eumne
2014 3310 2257 3371 omnibns
2278 3312 2518 3370 homini-

510 3395 626 3453 bne.
661 3394 888 3467 Quarto,
913 3396 1146 3453 retrahit
1173 3411 1208 3452 a
1234 3394 1397 3453 malo.
1428 3396 1583 3452 Sicut
1628 3396 1772 3453 enim
1809 3412 1936 3471 spes
1980 3400 2192 3471 praemii
2235 3401 2407 3461 allicit
2444 3401 2522 3460 ed

512 3484 715 3541 bonum
741 3484 1036 3558 operando,
1051 3484 1130 3541 ita
1155 3483 1316 3540 timor
1344 3498 1523 3556 poenae
1544 3499 1712 3558 quam
1738 3487 2015 3544 oredimus
2039 3488 2201 3547 melis
2222 3492 2519 3564 reservari,

513 3572 804 3629 retrahite
828 3572 993 3629 malo.
1017 3572 1174 3629 Joau.
1205 3587 1266 3628 vt
1287 3585 1307 3629 .·
1332 3572 1411 3629 Et
1444 3572 1724 3645 procedent
1762 3572 1857 3647 qni
1893 3573 2031 3633 bona
2054 3574 2302 3649 fecerunt
2328 3578 2391 3635 in
2420 3594 2527 3637 re-

513 3660 896 3719 surrectionem
923 3660 1050 3717 vitoe
1071 3676 1093 3717 .·
1117 3659 1211 3733 qui
1236 3676 1362 3719 vero
1382 3659 1529 3719 mala
1552 3668 1795 3733 egerunt,
1808 3663 1868 3719 in
1891 3666 2337 3723 resurrectionem
2351 3668 2525 3741 ⁴iudi-

510 3748 604 3805 eii.
631 3750 790 3807 Circa
813 3748 1114 3807 secuudum
1141 3748 1428 3807 sciendum
1451 3756 1557 3819 est,
1586 3750 1735 3823 quod
1764 3756 2031 3825 quantum
2054 3753 2125 3810 ad
2154 3768 2344 3811 omnes
2372 3772 2525 3830 qua-

513 3836 745 3907 druplex
783 3838 1028 3895 conditio
1062 3838 1271 3895 attendi
1317 3845 1499 3911 potest
1535 3838 1593 3895 iu
1627 3840 2049 3899 resurrectione.
2092 3842 2274 3901 Prima
2316 3850 2403 3902 est
2445 3844 2523 3905 ad

513 3922 864 3981 identitatem
889 3938 1181 3997 corporum
1203 3924 1624 3999 resurgentium,
1642 3927 1775 4001 quie
1799 3926 1947 3989 idem
1969 3932 2173 4005 eorpus
2197 3932 2349 4009 quod
2372 3946 2521 3993 nuno

2730 4152 2781 4459 [ζμ-
