2850 4517
894 351 943 399 ι.
974 368 1055 383 -
1081 315 1484 397 ceurennum
1536 354 1902 401 ‘rnnonoeun
2287 342 2403 405 191.

394 471 603 531 minum
649 474 991 527 mortuorum
1038 472 1093 524 et
1137 455 1386 548 vivorum
1417 470 1878 536 constitueretur,
1925 471 2228 529 secundum
2269 475 2404 531 illud

392 562 497 618 lob
522 576 711 617 xxxvi
738 576 753 614 ε
785 559 967 617 Causa
1000 564 1097 615 tua
1119 557 1275 630 quasi
1300 558 1463 631 t’mpii·
1471 559 1718 630 judicata
1748 568 1846 627 eet,
1875 576 2086 617 causam
2101 562 2408 635 judicium-⁴

394 666 491 723 que
521 646 763 720 recipies.
793 648 863 702 Et
902 647 1033 719 quia
1073 653 1315 719 potestas
1336 646 1630 718 judiciaria
1673 648 1743 704 ad
1785 648 1985 705 Christi
2015 650 2406 715 exaltationem

395 738 652 814 pertinet,
697 736 841 796 sicut
882 742 938 792 et
954 735 1380 795 :resurrectionis
1408 736 1599 808 gloria,
1645 737 1892 794 Christus
1917 739 1971 794 in
1995 740 2205 812 judicio
2229 757 2406 814 appa-

395 828 538 887 rebit
562 842 671 884 non
698 826 753 882 in
777 824 1106 899 humilitate,
1134 840 1260 898 quae
1286 824 1594 898 pertinebat
1621 826 1690 883 ad
1719 828 1995 896 meritum,
2023 829 2119 885 sed
2146 829 2201 886 in
2228 829 2406 886 forma

395 918 633 991 gloriosa
659 915 728 973 ad
754 913 1037 987 praemium
1063 915 1371 987 pertinente
1398 932 1411 969 ε
1441 916 1582 971 unde
1604 916 1808 973 dicitur
1829 917 1886 973 in
1913 917 2227 990 Evangeli0,
2257 920 2404 991 quod

394 1006 643 1063 videbunt
664 1004 839 1076 filium
862 1002 1091 1059 hominis
1116 1002 1407 1060 venientem
1436 1004 1496 1059 in
1522 1004 1656 1061 nube
1683 1021 1798 1061 cum
1819 992 2079 1079 potestate
2105 1024 2322 1080 mayna,
2354 1014 2406 1065 et

394 1096 690 1169 majestate.
718 1094 869 1151 Visio
906 1100 1091 1151 autem
1136 1093 1405 1149 claritatis
1436 1094 1626 1166 ipsius,
1659 1094 1850 1153 electis
1890 1096 2112 1169 quidem
2155 1099 2247 1171 qui
2279 1114 2404 1154 eum

396 1185 723 1251 dilexerunt,
774 1183 879 1239 erit
914 1182 983 1238 ad
1032 1182 1312 1254 gaudium,
1357 1183 1558 1255 quibus
1601 1184 1726 1239 Esa.
1772 1200 1988 1241 xxxm.
2039 1187 2398 1260 promittitur,

395 1276 600 1346 Regem
625 1274 681 1327 in
712 1272 913 1329 decore
950 1270 1213 1327 videbunt
1244 1287 1259 1325 :
1294 1271 1478 1344 impiis
1505 1278 1692 1328 autem
1720 1273 1824 1329 erit
1849 1274 1918 1329 ad
1943 1274 2317 1333 confusionem
2345 1284 2402 1333 et

395 1363 623 1427 luctum,
654 1360 785 1433 quia
811 1359 1111 1433 judicantis
1156 1359 1330 1431 gloria
1358 1366 1415 1415 et
1461 1367 1721 1433 potestas,
1753 1362 2161 1420 damnationem
2199 1364 2403 1420 timen-

398 1451 561 1519 tibus,
592 1449 871 1507 tristitiam
910 1455 966 1505 ot
992 1454 1199 1504 metum
1238 1448 1448 1505 inducit
1476 1466 1491 1506 z
1519 1450 1664 1507 unde
1708 1450 1910 1507 dicitur
1937 1452 2045 1508 Isa.
2075 1467 2220 1509 xxvi
2251 1470 2263 1507 ε
2303 1452 2402 1511 Vi-

397 1542 557 1597 deant
593 1546 645 1596 et
666 1538 1071 1611 contundantur
1092 1539 1322 1595 zelantes
1343 1539 1556 1611 populi,
1586 1547 1640 1597 et
1666 1539 1808 1612 iynis
1829 1541 1998 1597 hostes
2025 1547 2140 1597 tuos
2163 1542 2400 1608 deuoret,

397 1636 454 1686 et
494 1629 747 1703 quamvis
788 1628 842 1685 in
872 1626 1048 1682 forma
1074 1625 1310 1697 gloriosa
1346 1642 1405 1683 se
1443 1628 1715 1695 ostendat,
1749 1629 2089 1703 apparebunt
2129 1639 2310 1688 tamen
2347 1632 2403 1687 in

396 1735 465 1777 eo
502 1718 703 1777 indicia
731 1716 1002 1791 passionis
1024 1732 1133 1771 non
1171 1732 1297 1772 cum
1336 1716 1577 1785 defectu,
1605 1718 1699 1773 sed
1731 1734 1855 1773 cum
1878 1719 2077 1776 decore
2115 1728 2170 1777 et
2205 1720 2396 1791 gloria,

394 1814 459 1864 ut
500 1823 566 1866 ex
606 1807 690 1864 his
732 1807 863 1863 visis
890 1811 945 1861 et
990 1805 1151 1861 electi
1204 1806 1472 1877 recipiant
1518 1806 1795 1879 gaudium,
1829 1806 1924 1881 qui
1969 1824 2065 1882 per
2094 1810 2401 1883 passionem

396 1896 600 1952 Christi
654 1910 713 1949 se
760 1894 1016 1951 liberatos
1067 1901 1475 1966 recognoscent,
1521 1901 1577 1951 et
1623 1904 1938 1967 peccatores
1966 1894 2268 1963 tristitiam,
2308 1897 2402 1969 qui

398 1992 617 2041 tantum
646 1982 963 2041 beneficium
989 1990 1471 2056 contempserunt:
1505 1983 1647 2039 unde
1679 1984 1880 2040 dicitur
1904 1988 2075 2057 Apoc.
2103 2001 2157 2041 ιτ
2197 1985 2402 2043 Videbit

393 2091 517 2131 eum
554 2072 727 2129 omnis
766 2074 961 2139 oculus,
1005 2080 1058 2130 et
1094 2073 1188 2145 qui
1217 2089 1332 2129 eum
1367 2078 1735 2145 pupuqerunt,
1777 2080 1827 2129 et
1862 2073 2112 2145 plangent
2149 2090 2202 2130 se
2241 2089 2406 2147 super

396 2178 515 2221 eum
540 2179 715 2220 omnes
742 2163 917 2221 tribus
939 2170 1119 2239 terroe.
1808 2157 1815 2167 '
1884 2158 1888 2165 ’

1054 2332 1339 2401 CAPUT
1414 2335 1732 2404 CCXLII.

534 2473 715 2550 Quod
732 2474 859 2555 ipse
895 2491 1059 2536 omne
1072 2471 1385 2551 judicium
1412 2476 1578 2538 dedit
1605 2477 1738 2553 filio
1765 2494 1896 2552 suo,
1929 2476 2039 2557 qui
2064 2476 2275 2541 horam

1207 2563 1591 2643 scitjudicii.
2276 2575 2280 2579 ’

466 2697 537 2755 Et
580 2698 712 2771 quia
740 2705 897 2771 pater
932 2713 1093 2755 omne
1130 2699 1399 2771 judicium
1447 2700 1599 2755 dedit
1626 2699 1755 2767 filio,
1793 2708 1853 2756 ut
1893 2699 2097 2756 dicitur
2136 2703 2292 2761 ioan.
2344 2717 2398 2768 v,

391 2802 543 2843 nunc
566 2793 748 2844 autem
778 2787 1014 2844 humana
1042 2787 1157 2845 vita
1174 2789 1325 2859 justo
1354 2788 1454 2843 Dei
1477 2786 1686 2859 judicio
1715 2787 2088 2859 dispensatur:
2113 2789 2228 2859 ipse
2256 2788 2402 2843 enim

392 2884 480 2935 est
507 2877 602 2950 qui
636 2877 851 2949 judicat
881 2893 1096 2934 omnem
1137 2892 1377 2943 earnem,
1410 2883 1472 2931 ut
1516 2874 1792 2932 Abraham
1830 2875 1968 2931 dixit
2009 2876 2181 2931 Gene.
2213 2890 2400 2945 xvm3

394 2982 503 3023 non
532 2973 616 3023 est
645 2965 1005 3023 dubitandum
1042 2966 1209 3023 etiam
1249 2965 1353 3021 hoc
1373 2962 1644 3038 judicium
1672 2978 1780 3035 quo
1811 2963 1865 3018 in
1909 2952 2403 3035 mundo'reguntur

393 3055 659 3123 homiues,
688 3055 757 3111 ad
778 3055 979 3112 Christi
1004 3060 1332 3129 potestatem
1344 3052 1696 3127 judiciariam
1724 3052 1997 3125 pertinere
2027 3069 2040 3106 t
2069 3052 2212 3107 unde
2235 3052 2402 3108 etiam

394 3146 465 3203 ad
496 3146 675 3217 ipsum
704 3146 1125 3202 introducuntur
1152 3143 1207 3199 in
1232 3142 1375 3199 Psal.
1406 3158 1504 3199 cix
1530 3142 1696 3199 verba
1718 3142 1888 3215 patris
1915 3141 2190 3199 dicentise
2216 3141 2342 3199 Sede
2369 3157 2404 3196 α

392 3234 604 3292 dextris
628 3233 778 3304 meis,
805 3233 965 3290 donec
990 3249 1183 3306 ponam
1209 3233 1458 3289 inimicos
1488 3238 1603 3288 tuos
1629 3230 1905 3287 scabellum
1941 3230 2134 3308 pedum}
2163 3238 2400 3287 tuorum.

390 3324 615 3384 Assidet
640 3324 787 3379 enim
816 3339 847 3380 a
869 3322 1077 3379 dextris
1100 3323 1199 3379 Dei
1228 3322 1528 3380 secundum
1553 3322 1844 3377 humanam
1869 3327 2138 3387 naturam,
2165 3320 2220 3375 in
2241 3334 2406 3392 quan·

329 3454 335 3459 -
394 3422 514 3469 tum
540 3412 615 3469 ab
658 3428 725 3468 eo
751 3411 947 3485 recipit
978 3410 1329 3484 judiciariam
1373 3416 1721 3485 potestatem,
1767 3426 1932 3483 quam
1971 3408 2194 3483 quidem
2237 3410 2404 3465 etiam

390 3516 540 3557 nunc
564 3509 787 3558 exercet
828 3507 1123 3573 antequam
1152 3499 1440 3557 manifeste
1485 3506 1766 3574 appareat,
1800 3500 1930 3571 quia
1965 3513 2156 3554 omnes
2195 3497 2400 3553 inimici

389 3590 626 3663 pedibus
652 3591 772 3662 ejus
799 3590 1035 3662 subjdsti
1062 3591 1171 3646 sint
1212 3606 1226 3645 ε
1256 3588 1399 3645 unde
1424 3595 1483 3645 et
1522 3590 1637 3663 ipse
1665 3588 1850 3644 statim
1893 3593 2015 3661 post
2040 3587 2404 3642 resurrectio-

390 3696 519 3735 nem
559 3679 701 3735 dixit
727 3677 924 3735 Matth.
967 3676 1067 3734 ult.
1100 3694 1115 3711 ·
1142 3679 1287 3735 Data
1307 3684 1383 3735 est
1405 3677 1540 3734 mitt·
1567 3677 1736 3733 omnis
1755 3683 1983 3749 potestas
2011 3675 2070 3731 in
2095 3675 2237 3740 coelo,
2267 3681 2314 3730 et
2343 3676 2401 3731 in

386 3777 566 3828 terra.
598 3769 695 3825 Est
722 3773 911 3829 autem
952 3774 1010 3824 et
1050 3768 1199 3825 aliud
1242 3767 1341 3823 Dei
1362 3768 1653 3840 judicium,
1685 3782 1794 3840 quo
1824 3766 2116 3839 unicuique
2158 3765 2212 3818 in
2253 3765 2401 3819 exitu

384 3858 589 3915 mortis
615 3874 731 3915 suae
768 3857 1091 3915 retribuitur
1120 3862 1385 3931 quantum
1410 3856 1479 3913 ad
1522 3858 1758 3913 animam
1787 3856 2084 3937 secundum
2114 3854 2262 3927 quod
2282 3870 2402 3910 me·-

380 3949 525 4009 ruit.
554 3948 699 4007 «lusti
725 3946 871 4011 enim
913 3947 1166 4010 dissoluti
1194 3962 1319 4007 cum
1344 3946 1562 4007 Christo
1589 3950 1829 4015 manent,
1862 3952 1923 4001 ut
1959 3943 2158 4005 Paulus
2177 3943 2401 4013 deside-
