2850 4517
810 311 858 356 ι.
890 326 972 344 -
998 312 1402 358 conruunnm
1456 315 1819 359 'rammam
2209 299 2326 360 119

991 508 1276 578 CAPUT
1340 510 1643 578 CLXXI.

633 649 812 725 Quod
839 667 1096 732 corpora
1122 651 1387 715 calestia
1407 651 1723 715 cessabunt
1744 669 1785 714 a
1806 657 1995 716 motu.

372 781 481 839 Sed
520 797 646 838 cum
687 797 920 857 corpora
963 783 1211 844 coelestia
1255 786 1518 842 continuo
1545 783 1755 841 moveri
1784 785 2095 854 videantur,
2143 791 2326 858 potest

299 869 473 928 alicui
496 871 692 940 videri,
723 872 870 946 quod
909 873 959 928 si
1001 889 1192 931 eorum
1225 874 1536 931 substantia
1564 879 1805 941 maneat,
1835 873 1983 946 quod
2022 880 2155 930 tunc
2182 879 2239 930 et
2265 874 2323 929 in

301 958 396 1015 illo
435 963 928 1019 consummationis
967 969 1118 1020 statu
1163 972 1508 1032 moveantur,
1554 971 1610 1020 et
1656 963 1883 1037 quidem
1918 962 1966 1018 si
2009 979 2075 1019 ea
2113 963 2325 1019 ratione

301 1054 488 1105 motus
515 1050 837 1123 corporibus
863 1050 1180 1108 coelestibus
1208 1052 1447 1120 adesset,
1470 1069 1579 1126 qua
1600 1053 1813 1108 ratione
1835 1051 1993 1108 adest
2017 1051 2324 1118 elementiS,

300 1137 650 1194 rationabilis
691 1147 837 1198 esset
878 1155 1080 1196 sermo.
1109 1141 1292 1198 Motus
1337 1141 1485 1197 enim
1530 1139 1873 1198 elementalis
1912 1140 2195 1212 gravibu8‚
2238 1139 2326 1196 vel

301 1225 518 1282 levibus
559 1227 716 1285 adest
759 1236 984 1302 propter
1013 1245 1201 1286 eorum
1232 1229 1626 1302 perfectionem
1668 1228 2131 1303 consequendam.
2176 1229 2340 1284 Ten--

301 1313 446 1370 dunt
471 1315 618 1370 enim
643 1330 742 1372 suo
785 1322 936 1374 motu
977 1317 1212 1375 naturali
1242 1318 1297 1374 in
1329 1319 1610 1391 proprium
1639 1317 1822 1375 locum
1854 1316 1957 1373 sibi
1988 1317 2325 1375 convenien-

303 1409 438 1468 tem,
468 1404 561 1459 ubi
589 1405 784 1474 melius
809 1411 893 1462 est
917 1406 998 1462 eis
1025 1422 1147 1462 esse
1178 1422 1192 1461 ε
1227 1407 1372 1463 unde
1408 1408 1463 1463 in
1488 1406 1583 1464 illo
1617 1406 1811 1464 ultimo
1834 1406 2325 1464 consummationis

300 1498 476 1560 statu,
509 1494 938 1570 unumquodque
970 1495 1322 1564 elementum,
1351 1502 1407 1552 et
1432 1512 1797 1570 quaecumque
1824 1513 1953 1569 pars
1984 1497 2105 1570 ejus
2132 1497 2190 1553 in
2216 1511 2319 1553 suo

301 1581 527 1654 proprio
552 1581 671 1638 loco
695 1583 820 1639 erit.
847 1584 952 1641 Sed
979 1584 1083 1640 hoc
1121 1585 1191 1641 de
1216 1592 1368 1642 motu
1403 1600 1696 1659 corporum
1724 1585 2032 1642 coelestium
2077 1583 2190 1642 dici
2214 1600 2322 1641 non

299 1677 506 1742 potest,
539 1687 666 1727 cnm
693 1688 890 1746 corpus
917 1675 1144 1731 coeleste
1180 1673 1330 1730 nullo
1358 1673 1479 1731 loco
1508 1674 1735 1730 obtento
1759 1673 2030 1749 quiescat,
2057 1673 2154 1730 sed
2178 1673 2323 1728 sieut

297 1759 634 1818 naturaliter
657 1770 907 1818 movetur
933 1763 1001 1818 ad
1025 1761 1412 1835 quodcumque
1436 1762 1550 1830 ubi,
1576 1763 1657 1820 ita
1694 1769 1750 1818 et
1773 1763 2101 1819 naturaliter
2138 1762 2325 1822 disce-

298 1847 382 1903 dit
409 1847 486 1905 ab
511 1863 598 1903 eo.
627 1849 719 1904 Sic
758 1864 890 1918 ergo
930 1864 1040 1903 non
1078 1850 1295 1922 deperit
1321 1849 1530 1922 aliquid
1560 1866 1593 1906 a
1635 1850 1957 1923 corporibus
1984 1851 2321 1916 coelestibus,

298 1935 346 1992 si
373 1944 568 1992 motus
590 1936 672 1990 eis
713 1935 1013 2006 auferatur,
1040 1952 1105 1992 ex
1135 1953 1242 2009 quo
1269 1945 1451 1993 motus
1469 1939 1550 1994 eis
1585 1953 1695 1993 non
1730 1938 1894 2005 inest,
1926 1944 1988 1992 ut
2012 1939 2133 2011 ipsa
2156 1939 2325 2010 perfi-

297 2025 542 2082 ciantur.
575 2023 890 2080 Ridiculum
917 2025 1086 2081 etiam
1114 2031 1198 2081 est
1238 2025 1442 2094 dicere,
1474 2026 1621 2099 quod
1664 2025 1807 2082 sicut
1836 2041 2037 2099 corpus
2082 2025 2201 2082 leve
2230 2041 2326 2099 per
2379 2049 2397 2066 ·

298 2129 462 2171 suam
503 2120 762 2170 naturam
800 2119 1054 2170 movetur
1096 2129 1332 2181 sursum,
1380 2115 1457 2170 ita
1500 2129 1715 2187 corpus.
1750 2113 1975 2171 coeleste
2021 2129 2120 2186 per
2168 2129 2323 2189 suam

297 2211 558 2260 naturam
580 2201 931 2276 ‚circulariter
953 2209 1242 2260 moveatur
1270 2204 1414 2268 sicut
1440 2220 1536 2275 per
1564 2203 1807 2260 activum
1837 2203 2187 2276 principium.
2217 2205 2323 2260 Ma·

298 2291 564 2348 nifestum
592 2299 678 2348 est
721 2291 868 2348 enim
895 2293 1043 2366 quod
1081 2298 1280 2349 natura
1303 2308 1519 2366 semper
1558 2293 1795 2350 intendit
1824 2294 1893 2350 ad
1926 2309 2095 2348 unum
2132 2308 2145 2347 t
2181 2292 2323 2349 unde

300 2380 439 2437 illud
469 2380 614 2455 quod
651 2397 718 2437 ex
744 2381 829 2437 sui
871 2382 1084 2438 ratione
1117 2382 1316 2439 unitati
1350 2390 1640 2454 repugnat,
1674 2399 1779 2439 non
1815 2384 2158 2457 potestesse
2198 2382 2339 2439 finis,

299 2469 534 2526 ultimus
574 2477 808 2527 naturae.
841 2471 1021 2526 Motus
1060 2479 1246 2528 autem
1283 2470 1481 2528 unitati
1524 2477 1813 2546 repugnat,
1856 2472 1911 2528 in
1956 2477 2222 2546 quantum
2266 2470 2323 2527 id

300 2558 453 2632 quod
485 2565 755 2625 movetur,
785 2559 893 2615 alio
923 2567 978 2616 et
1003 2559 1109 2615 alio
1149 2560 1310 2617 modo
1349 2576 1408 2616 se
1444 2560 1611 2624 habet
1638 2561 1771 2617 dum
1805 2557 2076 2618 inovetur.
2109 2561 2329 2622 Natura

299 2647 476 2719 igitur
506 2663 615 2703 non
649 2647 901 2720 producit
938 2655 1145 2704 motum
1182 2657 1405 2722 propter
1444 2650 1706 2721 seipsum,
1738 2650 1832 2704 sed
1872 2656 2067 2705 causat
2108 2653 2320 2702 motum

299 2737 597 2793 intendens
637 2737 928 2794 terminum
971 2744 1172 2806 motus,
1229 2737 1374 2792 sicut
1424 2746 1625 2793 natura
1675 2736 1813 2790 levis
1859 2737 2097 2793 intendit
2142 2737 2323 2792 locum

299 2841 526 2882 sursum
554 2825 606 2879 in
639 2840 887 2893 ascensu,
919 2831 976 2881 et
1004 2825 1085 2880 sic
1120 2824 1190 2879 de
1219 2823 1362 2879 aliie.
1395 2825 1532 2878 Cum
1560 2823 1729 2891 igitur
1758 2822 2044 2879 circularis
2080 2822 2324 2878 coelestis

300 2914 553 2989 corporis
583 2920 764 2970 motus
786 2931 892 2971 non
925 2915 998 2971 sit
1035 2913 1105 2969 ad
1137 2911 1360 2985 aliquod
1400 2910 1491 2966 ubi
1534 2907 1980 2976 determinatum,
2010 2924 2116 2965 non
2139 2915 2324 2981 potest

300 3004 414 3060 dici
439 3003 586 3077 quod
613 3011 792 3060 motus
815 3001 1102 3060 circularis
1119 2999 1366 3074 corporis
1387 2999 1715 3073 principium
1736 2997 1983 3056 activum
2002 2997 2075 3054 sit
2102 3002 2319 3064 natura,

299 3093 454 3150 sicut
487 3099 573 3148 est
614 3093 942 3165 principium
989 3099 1173 3149 motus
1217 3089 1469 3164 gravium
1512 3096 1567 3144 et
1606 3089 1830 3144 levium.
1874 3087 2030 3144 Unde
2066 3092 2345 3144 manente·

300 3182 504 3238 eadem
526 3187 722 3238 natura
747 3197 1038 3254 corporum
1066 3180 1398 3250 coelestium‚
1421 3177 1556 3234 nihil
1582 3177 1835 3252 prohibet
1862 3177 1983 3250 ipsa
2012 3177 2319 3251 quiescere,

301 3271 438 3327 licet
462 3271 645 3342 ignem
680 3270 1014 3343 impossibile
1043 3276 1128 3326 est
1152 3269 1437 3355 quiescere
1465 3274 1621 3325 extra
1645 3267 1923 3342 proprium
1952 3266 2135 3322 locum
2166 3267 2334 3324 exis·-

302 3365 536 3424 tentem,
563 3359 860 3416 dummodo
889 3367 1169 3419 remaneat
1207 3359 1401 3416 eadem
1428 3365 1627 3414 natura
1654 3356 1845 3428 ipsius,
1877 3355 2095 3412 Dicitur
2134 3362 2334 3412 tamen.-

301 3455 490 3504 motus
507 3446 750 3505 coelestis
770 3449 1014 3521 corporis
1039 3446 1323 3514 natur-alie,
1350 3463 1459 3504 non
1478 3451 1702 3520 propter
1726 3443 2055 3518 principium
2079 3443 2333 3501 activum·

301 3543 508 3605 motus»,
539 3537 636 3594 sed
663 3543 891 3610 propter
917 3537 1097 3610 ipsum
1126 3535 1345 3603 mobile,
1377 3536 1524 3609 quod
1554 3535 1719 3592 habet
1756 3534 2123 3608 aptitudinem
2146 3537 2208 3588 ut
2235 3533 2331 3588 sic-

301 3634 614 3696 moveatur,
644 3625 974 3700 relinquitur
1015 3642 1145 3697 ergo
1180 3625 1326 3698 quod
1357 3631 1539 3680 motus
1570 3624 1815 3697 corporis
1856 3622 2099 3682 coelestis
2136 3622 2211 3678 sit
2249 3621 2321 3677 ab

303 3714 493 3789 aliquo
521 3715 805 3777 intellectu
838 3734 852 3771 ε
885 3716 979 3773 sed
1009 3731 1136 3771 cum
1168 3713 1480 3772 intellectus
1505 3731 1613 3770 non
1645 3720 1862 3773 moveat
1895 3713 2002 3770 nisi
2040 3727 2108 3768 ex
2134 3710 2321 3768 inten-
2358 3770 2372 3782 ,

301 3803 462 3860 tione
504 3803 656 3872 finis,
709 3804 1056 3862 considerare
1094 3809 1308 3877 oportet
1347 3803 1473 3878 quis
1514 3804 1587 3860 sit
1630 3803 1757 3859 finis
1802 3807 1982 3860 motus
2028 3815 2335 3874 corporum.

300 3891 640 3951 coelestium.
665 3894 792 3952 Non
835 3900 1022 3952 autem
1050 3899 1234 3966 potest
1277 3892 1412 3963 dici,
1465 3891 1613 3967 quod
1665 3891 1783 3964 ipse
1822 3897 2007 3950 motus
2046 3889 2121 3948 sit
2165 3888 2333 3954 linis,
