<?xml version="1.0" encoding="UTF-8"?>
<!DOCTYPE html PUBLIC "-//W3C//DTD XHTML 1.0 Transitional//EN"
    "http://www.w3.org/TR/xhtml1/DTD/xhtml1-transitional.dtd">
<html xmlns="http://www.w3.org/1999/xhtml" xml:lang="en" lang="en">
 <head>
  <title>
</title>
<meta http-equiv="Content-Type" content="text/html;charset=utf-8" />
  <meta name='ocr-system' content='tesseract 3.04.00' />
  <meta name='ocr-capabilities' content='ocr_page ocr_carea ocr_par ocr_line ocrx_word'/>
</head>
<body>
  <div class='ocr_page' id='page_1' title='image "./sthomaquinatisd02thomgoog_0453.png"; bbox 0 0 2850 4517; ppageno 0'>
   <div class='ocr_carea' id='block_1_1' title="bbox 355 346 2364 546">
    <p class='ocr_par' dir='ltr' id='par_1_1' title="bbox 355 346 2364 546">
     <span class='ocr_line' id='line_1_1' title="bbox 797 346 2362 409; baseline 0.004 -7"><span class='ocrx_word' id='word_1_1' title='bbox 797 357 928 403; x_wconf 81' lang='lat' dir='ltr'><strong>vm.</strong></span> <span class='ocrx_word' id='word_1_2' title='bbox 958 373 1039 389; x_wconf 93' lang='lat'><em>-</em></span> <span class='ocrx_word' id='word_1_3' title='bbox 1064 358 1131 403; x_wconf 77' lang='lat' dir='ltr'><strong>m</strong></span> <span class='ocrx_word' id='word_1_4' title='bbox 1170 360 1528 405; x_wconf 65' lang='lat' dir='ltr'><strong>ona-neuma</strong></span> <span class='ocrx_word' id='word_1_5' title='bbox 1579 362 1924 409; x_wconf 68' lang='lat' dir='ltr'><strong>nemmem</strong></span> <span class='ocrx_word' id='word_1_6' title='bbox 2241 346 2362 409; x_wconf 79' lang='lat'><strong>439</strong></span> 
     </span>
     <span class='ocr_line' id='line_1_2' title="bbox 355 470 2364 546; baseline 0.002 -17"><span class='ocrx_word' id='word_1_7' title='bbox 355 474 510 542; x_wconf 85' lang='lat' dir='ltr'><strong>dere,</strong></span> <span class='ocrx_word' id='word_1_8' title='bbox 528 478 585 533; x_wconf 83' lang='lat' dir='ltr'><strong>et</strong></span> <span class='ocrx_word' id='word_1_9' title='bbox 598 470 875 531; x_wconf 83' lang='lat' dir='ltr'><strong>Christum</strong></span> <span class='ocrx_word' id='word_1_10' title='bbox 890 471 959 530; x_wconf 88' lang='lat' dir='ltr'><strong>de</strong></span> <span class='ocrx_word' id='word_1_11' title='bbox 983 474 1099 546; x_wconf 85' lang='lat' dir='ltr'><strong>ejus</strong></span> <span class='ocrx_word' id='word_1_12' title='bbox 1114 488 1210 531; x_wconf 86' lang='lat' dir='ltr'><strong>ore</strong></span> <span class='ocrx_word' id='word_1_13' title='bbox 1230 490 1530 543; x_wconf 77' lang='lat' dir='ltr'><strong>removere,</strong></span> <span class='ocrx_word' id='word_1_14' title='bbox 1551 475 1690 535; x_wconf 82' lang='lat' dir='ltr'><strong>dixit</strong></span> <span class='ocrx_word' id='word_1_15' title='bbox 1710 492 1725 532; x_wconf 73' lang='grc' dir='ltr'><strong><em>ε</em></strong></span> <span class='ocrx_word' id='word_1_16' title='bbox 1749 498 1774 527; x_wconf 76' lang='grc' dir='ltr'>α</span> <span class='ocrx_word' id='word_1_17' title='bbox 1799 478 1868 533; x_wconf 92' lang='lat' dir='ltr'><strong>Et</strong></span> <span class='ocrx_word' id='word_1_18' title='bbox 1889 476 1937 533; x_wconf 85' lang='lat' dir='ltr'><strong>si</strong></span> <span class='ocrx_word' id='word_1_19' title='bbox 1960 476 2029 534; x_wconf 89' lang='lat' dir='ltr'><strong>de</strong></span> <span class='ocrx_word' id='word_1_20' title='bbox 2047 492 2143 535; x_wconf 87' lang='lat' dir='ltr'><strong>ere</strong></span> <span class='ocrx_word' id='word_1_21' title='bbox 2166 477 2364 537; x_wconf 86' lang='lat' dir='ltr'><strong>abstu-</strong></span> 
     </span>
    </p>
   </div>
   <div class='ocr_carea' id='block_1_2' title="bbox 357 564 2448 639">
    <p class='ocr_par' dir='ltr' id='par_1_2' title="bbox 357 564 2448 639">
     <span class='ocr_line' id='line_1_3' title="bbox 357 564 2448 639; baseline 0.002 -21"><span class='ocrx_word' id='word_1_22' title='bbox 357 564 505 629; x_wconf 77' lang='lat' dir='ltr'><strong>leri5‚</strong></span> <span class='ocrx_word' id='word_1_23' title='bbox 536 578 820 635; x_wconf 87' lang='lat' dir='ltr'><strong>nunquam</strong></span> <span class='ocrx_word' id='word_1_24' title='bbox 849 568 1029 619; x_wconf 88' lang='lat' dir='ltr'><strong>tamen</strong></span> <span class='ocrx_word' id='word_1_25' title='bbox 1054 564 1124 619; x_wconf 90' lang='lat' dir='ltr'><strong>de</strong></span> <span class='ocrx_word' id='word_1_26' title='bbox 1150 564 1313 621; x_wconf 84' lang='lat' dir='ltr'><strong>corde</strong></span> <span class='ocrx_word' id='word_1_27' title='bbox 1336 564 1546 638; x_wconf 83' lang='lat' dir='ltr'><strong>eripere</strong></span> <span class='ocrx_word' id='word_1_28' title='bbox 1563 566 1776 639; x_wconf 86' lang='lat' dir='ltr'><strong>poteris</strong></span> <span class='ocrx_word' id='word_1_29' title='bbox 1815 566 1965 623; x_wconf 83' lang='lat' dir='ltr'><strong>:hoc</strong></span> <span class='ocrx_word' id='word_1_30' title='bbox 1991 566 2136 623; x_wconf 89' lang='lat' dir='ltr'><strong>enim</strong></span> <span class='ocrx_word' id='word_1_31' title='bbox 2160 580 2362 625; x_wconf 67' lang='lat' dir='ltr'><strong>‚nomen</strong></span> <span class='ocrx_word' id='word_1_32' title='bbox 2445 619 2448 622; x_wconf 84' lang='grc'><strong>,</strong></span> 
     </span>
    </p>
   </div>
   <div class='ocr_carea' id='block_1_3' title="bbox 346 651 2364 2765">
    <p class='ocr_par' dir='ltr' id='par_1_3' title="bbox 346 651 2364 2765">
     <span class='ocr_line' id='line_1_4' title="bbox 354 651 2364 728; baseline 0.001 -17"><span class='ocrx_word' id='word_1_33' title='bbox 354 651 513 711; x_wconf 83' lang='lat' dir='ltr'><strong>cordi</strong></span> <span class='ocrx_word' id='word_1_34' title='bbox 542 667 667 712; x_wconf 89' lang='lat' dir='ltr'><strong>meo</strong></span> <span class='ocrx_word' id='word_1_35' title='bbox 690 652 1014 725; x_wconf 88' lang='lat' dir='ltr'><strong>inscriptum</strong></span> <span class='ocrx_word' id='word_1_36' title='bbox 1049 652 1242 720; x_wconf 88' lang='lat' dir='ltr'><strong>habeo,</strong></span> <span class='ocrx_word' id='word_1_37' title='bbox 1283 660 1339 711; x_wconf 83' lang='lat' dir='ltr'><strong>et</strong></span> <span class='ocrx_word' id='word_1_38' title='bbox 1376 652 1499 711; x_wconf 89' lang='lat' dir='ltr'><strong>ideo</strong></span> <span class='ocrx_word' id='word_1_39' title='bbox 1529 654 1598 711; x_wconf 90' lang='lat' dir='ltr'><strong>ab</strong></span> <span class='ocrx_word' id='word_1_40' title='bbox 1625 657 1742 728; x_wconf 84' lang='lat' dir='ltr'><strong>ejus</strong></span> <span class='ocrx_word' id='word_1_41' title='bbox 1770 655 2112 713; x_wconf 83' lang='lat' dir='ltr'><strong>invocatione</strong></span> <span class='ocrx_word' id='word_1_42' title='bbox 2145 672 2364 716; x_wconf 83' lang='lat' dir='ltr'><strong>cessare</strong></span> 
     </span>
     <span class='ocr_line' id='line_1_5' title="bbox 354 740 2360 818; baseline -0.002 -13"><span class='ocrx_word' id='word_1_43' title='bbox 354 758 465 805; x_wconf 82' lang='lat' dir='ltr'><strong>non</strong></span> <span class='ocrx_word' id='word_1_44' title='bbox 487 741 666 799; x_wconf 83' lang='lat' dir='ltr'><strong>valeo.</strong></span> <span class='ocrx_word' id='word_1_45' title='bbox 688 760 715 794; x_wconf 70' lang='grc' dir='ltr'>ι</span> <span class='ocrx_word' id='word_1_46' title='bbox 732 740 888 811; x_wconf 88' lang='lat' dir='ltr'><strong>Quod</strong></span> <span class='ocrx_word' id='word_1_47' title='bbox 912 740 1141 799; x_wconf 86' lang='lat' dir='ltr'><strong>audiens</strong></span> <span class='ocrx_word' id='word_1_48' title='bbox 1159 743 1447 815; x_wconf 76' lang='lat' dir='ltr'><strong>TrajanuS,</strong></span> <span class='ocrx_word' id='word_1_49' title='bbox 1473 749 1531 799; x_wconf 87' lang='lat' dir='ltr'><strong>et</strong></span> <span class='ocrx_word' id='word_1_50' title='bbox 1553 743 1774 818; x_wconf 89' lang='lat' dir='ltr'><strong>probari</strong></span> <span class='ocrx_word' id='word_1_51' title='bbox 1795 744 2040 818; x_wconf 87' lang='lat' dir='ltr'><strong>cupiens,</strong></span> <span class='ocrx_word' id='word_1_52' title='bbox 2064 745 2210 803; x_wconf 84' lang='lat' dir='ltr'><strong>servi</strong></span> <span class='ocrx_word' id='word_1_53' title='bbox 2238 745 2360 812; x_wconf 85' lang='lat' dir='ltr'><strong>Dei,</strong></span> 
     </span>
     <span class='ocr_line' id='line_1_6' title="bbox 354 831 2364 905; baseline 0 -16"><span class='ocrx_word' id='word_1_54' title='bbox 354 831 601 889; x_wconf 82' lang='lat' dir='ltr'><strong>abscisso</strong></span> <span class='ocrx_word' id='word_1_55' title='bbox 628 831 830 904; x_wconf 87' lang='lat' dir='ltr'><strong>capite,</strong></span> <span class='ocrx_word' id='word_1_56' title='bbox 876 846 970 887; x_wconf 89' lang='lat' dir='ltr'><strong>cor</strong></span> <span class='ocrx_word' id='word_1_57' title='bbox 1005 832 1125 903; x_wconf 76' lang='lat' dir='ltr'><strong>eJus</strong></span> <span class='ocrx_word' id='word_1_58' title='bbox 1160 832 1371 891; x_wconf 79' lang='lat' dir='ltr'>extrahi</span> <span class='ocrx_word' id='word_1_59' title='bbox 1394 833 1580 905; x_wconf 85' lang='lat' dir='ltr'><strong>jussit,</strong></span> <span class='ocrx_word' id='word_1_60' title='bbox 1612 841 1668 889; x_wconf 90' lang='lat' dir='ltr'><strong>et</strong></span> <span class='ocrx_word' id='word_1_61' title='bbox 1709 833 1990 891; x_wconf 83' lang='lat' dir='ltr'><strong>inventum</strong></span> <span class='ocrx_word' id='word_1_62' title='bbox 2016 840 2120 900; x_wconf 72' lang='lat' dir='ltr'><strong>¹eet.</strong></span> <span class='ocrx_word' id='word_1_63' title='bbox 2157 833 2364 890; x_wconf 87' lang='lat' dir='ltr'><strong>habens</strong></span> 
     </span>
     <span class='ocr_line' id='line_1_7' title="bbox 354 917 2364 995; baseline -0.001 -16"><span class='ocrx_word' id='word_1_64' title='bbox 354 936 557 979; x_wconf 87' lang='lat' dir='ltr'><strong>nomen</strong></span> <span class='ocrx_word' id='word_1_65' title='bbox 583 917 785 977; x_wconf 79' lang='lat' dir='ltr'><strong>Christi</strong></span> <span class='ocrx_word' id='word_1_66' title='bbox 812 920 869 975; x_wconf 90' lang='lat' dir='ltr'><strong>in</strong></span> <span class='ocrx_word' id='word_1_67' title='bbox 896 936 955 977; x_wconf 85' lang='lat' dir='ltr'><strong>se</strong></span> <span class='ocrx_word' id='word_1_68' title='bbox 979 920 1245 993; x_wconf 86' lang='lat' dir='ltr'><strong>scriptum</strong></span> <span class='ocrx_word' id='word_1_69' title='bbox 1274 920 1477 979; x_wconf 83' lang='lat' dir='ltr'><strong>litteris</strong></span> <span class='ocrx_word' id='word_1_70' title='bbox 1505 921 1704 983; x_wconf 71' lang='lat' dir='ltr'><strong>aureis.</strong></span> <span class='ocrx_word' id='word_1_71' title='bbox 1733 923 1992 981; x_wconf 86' lang='lat' dir='ltr'><strong>Posuerat</strong></span> <span class='ocrx_word' id='word_1_72' title='bbox 2023 923 2169 979; x_wconf 90' lang='lat' dir='ltr'><strong>enim</strong></span> <span class='ocrx_word' id='word_1_73' title='bbox 2196 938 2364 995; x_wconf 86' lang='lat' dir='ltr'><strong>super</strong></span> 
     </span>
     <span class='ocr_line' id='line_1_8' title="bbox 354 1007 2358 1083; baseline 0.001 -17"><span class='ocrx_word' id='word_1_74' title='bbox 354 1026 451 1067; x_wconf 88' lang='lat' dir='ltr'><strong>cor</strong></span> <span class='ocrx_word' id='word_1_75' title='bbox 484 1024 646 1066; x_wconf 85' lang='lat' dir='ltr'><strong>suum</strong></span> <span class='ocrx_word' id='word_1_76' title='bbox 688 1007 794 1065; x_wconf 92' lang='lat' dir='ltr'><strong>hoc</strong></span> <span class='ocrx_word' id='word_1_77' title='bbox 836 1022 1032 1065; x_wconf 89' lang='lat' dir='ltr'><strong>nomen</strong></span> <span class='ocrx_word' id='word_1_78' title='bbox 1076 1010 1234 1083; x_wconf 86' lang='lat' dir='ltr'>quasi</span> <span class='ocrx_word' id='word_1_79' title='bbox 1264 1010 1625 1082; x_wconf 80' lang='lat' dir='ltr'><strong>signaculum.</strong></span> <span class='ocrx_word' id='word_1_80' title='bbox 1669 1012 1874 1080; x_wconf 75' lang='lat' dir='ltr'><strong>Ter-tic,</strong></span> <span class='ocrx_word' id='word_1_81' title='bbox 1907 1020 1992 1069; x_wconf 80' lang='lat' dir='ltr'><strong>est</strong></span> <span class='ocrx_word' id='word_1_82' title='bbox 2029 1010 2358 1069; x_wconf 84' lang='lat' dir='ltr'><strong>venerabile.</strong></span> 
     </span>
     <span class='ocr_line' id='line_1_9' title="bbox 354 1095 2363 1171; baseline 0 -18"><span class='ocrx_word' id='word_1_83' title='bbox 354 1100 548 1170; x_wconf 86' lang='lat' dir='ltr'><strong>Apost.</strong></span> <span class='ocrx_word' id='word_1_84' title='bbox 594 1095 788 1168; x_wconf 84' lang='lat' dir='ltr'><strong>Philip.</strong></span> <span class='ocrx_word' id='word_1_85' title='bbox 818 1111 862 1152; x_wconf 91' lang='grc' dir='ltr'><strong>ιι</strong></span> <span class='ocrx_word' id='word_1_86' title='bbox 896 1112 912 1151; x_wconf 88' lang='lat'>:</span> <span class='ocrx_word' id='word_1_87' title='bbox 953 1096 1025 1153; x_wconf 78' lang='lat' dir='ltr'><strong>Ut</strong></span> <span class='ocrx_word' id='word_1_88' title='bbox 1066 1095 1125 1151; x_wconf 76' lang='lat' dir='ltr'><strong>in</strong></span> <span class='ocrx_word' id='word_1_89' title='bbox 1149 1096 1359 1152; x_wconf 81' lang='lat' dir='ltr'><strong>nomine</strong></span> <span class='ocrx_word' id='word_1_90' title='bbox 1382 1098 1510 1154; x_wconf 80' lang='lat' dir='ltr'><strong>Jesu</strong></span> <span class='ocrx_word' id='word_1_91' title='bbox 1541 1114 1689 1154; x_wconf 81' lang='lat' dir='ltr'><strong>omne</strong></span> <span class='ocrx_word' id='word_1_92' title='bbox 1713 1114 1852 1171; x_wconf 72' lang='lat' dir='ltr'><strong>qamt</strong></span> <span class='ocrx_word' id='word_1_93' title='bbox 1887 1100 2153 1169; x_wconf 71' lang='lat' dir='ltr'><strong>flectatur,</strong></span> <span class='ocrx_word' id='word_1_94' title='bbox 2183 1097 2363 1154; x_wconf 77' lang='lat' dir='ltr'><strong>coeles-</strong></span> 
     </span>
     <span class='ocr_line' id='line_1_10' title="bbox 355 1184 2363 1261; baseline 0 -19"><span class='ocrx_word' id='word_1_95' title='bbox 355 1186 517 1251; x_wconf 77' lang='lat' dir='ltr'><strong>tium,</strong></span> <span class='ocrx_word' id='word_1_96' title='bbox 568 1184 930 1250; x_wconf 77' lang='lat' dir='ltr'><strong>terrestrium,</strong></span> <span class='ocrx_word' id='word_1_97' title='bbox 972 1191 1026 1241; x_wconf 82' lang='lat' dir='ltr'><strong>et</strong></span> <span class='ocrx_word' id='word_1_98' title='bbox 1051 1184 1411 1258; x_wconf 71' lang='lat' dir='ltr'><strong>infernorum.</strong></span> <span class='ocrx_word' id='word_1_99' title='bbox 1452 1187 1788 1256; x_wconf 86' lang='lat' dir='ltr'><strong>Coelestium,</strong></span> <span class='ocrx_word' id='word_1_100' title='bbox 1837 1195 2104 1261; x_wconf 89' lang='lat' dir='ltr'><strong>quantum</strong></span> <span class='ocrx_word' id='word_1_101' title='bbox 2131 1188 2202 1243; x_wconf 90' lang='lat' dir='ltr'><strong>ad</strong></span> <span class='ocrx_word' id='word_1_102' title='bbox 2243 1190 2363 1243; x_wconf 87' lang='lat' dir='ltr'><strong>An-</strong></span> 
     </span>
     <span class='ocr_line' id='line_1_11' title="bbox 356 1273 2363 1349; baseline 0 -18"><span class='ocrx_word' id='word_1_103' title='bbox 356 1273 507 1348; x_wconf 83' lang='lat' dir='ltr'>gelos</span> <span class='ocrx_word' id='word_1_104' title='bbox 538 1282 593 1331; x_wconf 87' lang='lat' dir='ltr'><strong>et</strong></span> <span class='ocrx_word' id='word_1_105' title='bbox 631 1275 821 1331; x_wconf 86' lang='lat' dir='ltr'><strong>beatos</strong></span> <span class='ocrx_word' id='word_1_106' title='bbox 852 1290 867 1331; x_wconf 79' lang='lat' dir='ltr'><strong><em>z</em></strong></span> <span class='ocrx_word' id='word_1_107' title='bbox 899 1278 955 1330; x_wconf 84' lang='lat' dir='ltr'><strong>et</strong></span> <span class='ocrx_word' id='word_1_108' title='bbox 985 1274 1343 1343; x_wconf 84' lang='lat' dir='ltr'><strong>terrestrium,</strong></span> <span class='ocrx_word' id='word_1_109' title='bbox 1374 1283 1641 1349; x_wconf 89' lang='lat' dir='ltr'><strong>quantum</strong></span> <span class='ocrx_word' id='word_1_110' title='bbox 1683 1276 1753 1333; x_wconf 86' lang='lat' dir='ltr'><strong>ad</strong></span> <span class='ocrx_word' id='word_1_111' title='bbox 1783 1280 2104 1344; x_wconf 62' lang='lat' dir='ltr'><strong>mundaum,</strong></span> <span class='ocrx_word' id='word_1_112' title='bbox 2136 1276 2229 1349; x_wconf 88' lang='lat' dir='ltr'><strong>qui</strong></span> <span class='ocrx_word' id='word_1_113' title='bbox 2257 1275 2363 1334; x_wconf 91' lang='lat' dir='ltr'><strong>hoc</strong></span> 
     </span>
     <span class='ocr_line' id='line_1_12' title="bbox 355 1362 2358 1439; baseline -0 -19"><span class='ocrx_word' id='word_1_114' title='bbox 355 1364 565 1421; x_wconf 77' lang='lat' dir='ltr'><strong>iaciunt</strong></span> <span class='ocrx_word' id='word_1_115' title='bbox 586 1378 655 1420; x_wconf 82' lang='lat' dir='ltr'><strong>ex</strong></span> <span class='ocrx_word' id='word_1_116' title='bbox 676 1379 862 1419; x_wconf 84' lang='lat' dir='ltr'><strong>amore</strong></span> <span class='ocrx_word' id='word_1_117' title='bbox 884 1362 1251 1437; x_wconf 59' lang='lat' dir='ltr'><strong>adipiscenda}</strong></span> <span class='ocrx_word' id='word_1_118' title='bbox 1276 1363 1492 1435; x_wconf 83' lang='lat' dir='ltr'><strong>gloriae,·</strong></span> <span class='ocrx_word' id='word_1_119' title='bbox 1511 1365 1598 1423; x_wconf 84' lang='lat' dir='ltr'><strong>vel</strong></span> <span class='ocrx_word' id='word_1_120' title='bbox 1625 1365 1819 1422; x_wconf 86' lang='lat' dir='ltr'><strong>timore</strong></span> <span class='ocrx_word' id='word_1_121' title='bbox 1840 1364 2116 1437; x_wconf 77' lang='lat' dir='ltr'><strong>fugiendae</strong></span> <span class='ocrx_word' id='word_1_122' title='bbox 2136 1380 2315 1439; x_wconf 82' lang='lat' dir='ltr'><strong>poenae</strong></span> <span class='ocrx_word' id='word_1_123' title='bbox 2343 1380 2358 1419; x_wconf 74' lang='lat' dir='ltr'><strong><em>z</em></strong></span> 
     </span>
     <span class='ocr_line' id='line_1_13' title="bbox 354 1452 2356 1528; baseline -0 -17"><span class='ocrx_word' id='word_1_124' title='bbox 354 1459 413 1511; x_wconf 84' lang='lat' dir='ltr'><strong>et</strong></span> <span class='ocrx_word' id='word_1_125' title='bbox 428 1454 779 1522; x_wconf 78' lang='lat' dir='ltr'><strong>infernorum,</strong></span> <span class='ocrx_word' id='word_1_126' title='bbox 804 1452 983 1527; x_wconf 87' lang='lat' dir='ltr'><strong>quoad</strong></span> <span class='ocrx_word' id='word_1_127' title='bbox 1011 1455 1299 1510; x_wconf 86' lang='lat' dir='ltr'><strong>damnatos</strong></span> <span class='ocrx_word' id='word_1_128' title='bbox 1322 1454 1418 1528; x_wconf 91' lang='lat' dir='ltr'><strong>qui</strong></span> <span class='ocrx_word' id='word_1_129' title='bbox 1437 1454 1540 1511; x_wconf 90' lang='lat' dir='ltr'><strong>hoc</strong></span> <span class='ocrx_word' id='word_1_130' title='bbox 1551 1454 1766 1512; x_wconf 79' lang='lat' dir='ltr'><strong>faciunt</strong></span> <span class='ocrx_word' id='word_1_131' title='bbox 1793 1470 1862 1511; x_wconf 85' lang='lat' dir='ltr'><strong>ex</strong></span> <span class='ocrx_word' id='word_1_132' title='bbox 1887 1455 2100 1511; x_wconf 82' lang='lat' dir='ltr'><strong>timore.</strong></span> <span class='ocrx_word' id='word_1_133' title='bbox 2127 1453 2356 1523; x_wconf 86' lang='lat' dir='ltr'><strong>Quarto,</strong></span> 
     </span>
     <span class='ocr_line' id='line_1_14' title="bbox 353 1542 2361 1615; baseline -0.001 -16"><span class='ocrx_word' id='word_1_134' title='bbox 353 1542 751 1615; x_wconf 79' lang='lat' dir='ltr'>inexplicabile,</span> <span class='ocrx_word' id='word_1_135' title='bbox 788 1543 916 1615; x_wconf 88' lang='lat' dir='ltr'><strong>quia</strong></span> <span class='ocrx_word' id='word_1_136' title='bbox 954 1558 987 1599; x_wconf 88' lang='lat' dir='ltr'><strong>a</strong></span> <span class='ocrx_word' id='word_1_137' title='bbox 1023 1543 1337 1600; x_wconf 77' lang='lat' dir='ltr'><strong>narratione</strong></span> <span class='ocrx_word' id='word_1_138' title='bbox 1363 1543 1482 1615; x_wconf 81' lang='lat' dir='ltr'><strong>ejus</strong></span> <span class='ocrx_word' id='word_1_139' title='bbox 1509 1543 1770 1600; x_wconf 87' lang='lat' dir='ltr'><strong>deficiunt</strong></span> <span class='ocrx_word' id='word_1_140' title='bbox 1806 1558 1998 1599; x_wconf 86' lang='lat' dir='ltr'><strong>omnes</strong></span> <span class='ocrx_word' id='word_1_141' title='bbox 2024 1542 2226 1615; x_wconf 85' lang='lat' dir='ltr'><strong>linguae</strong></span> <span class='ocrx_word' id='word_1_142' title='bbox 2257 1560 2270 1597; x_wconf 75' lang='grc' dir='ltr'>ε</span> <span class='ocrx_word' id='word_1_143' title='bbox 2303 1548 2361 1598; x_wconf 81' lang='lat' dir='ltr'><strong>et</strong></span> 
     </span>
     <span class='ocr_line' id='line_1_15' title="bbox 352 1629 2362 1705; baseline 0 -18"><span class='ocrx_word' id='word_1_144' title='bbox 352 1630 478 1687; x_wconf 85' lang='lat' dir='ltr'><strong>ideo</strong></span> <span class='ocrx_word' id='word_1_145' title='bbox 494 1632 795 1705; x_wconf 82' lang='lat' dir='ltr'><strong>explicatur</strong></span> <span class='ocrx_word' id='word_1_146' title='bbox 818 1629 1113 1703; x_wconf 77' lang='lat' dir='ltr'><strong>aliquando</strong></span> <span class='ocrx_word' id='word_1_147' title='bbox 1138 1646 1237 1703; x_wconf 80' lang='lat' dir='ltr'><strong>pec</strong></span> <span class='ocrx_word' id='word_1_148' title='bbox 1259 1640 1562 1698; x_wconf 46' lang='lat' dir='ltr'><strong>creaturam</strong></span> <span class='ocrx_word' id='word_1_149' title='bbox 1593 1631 1736 1688; x_wconf 89' lang='lat' dir='ltr'><strong>unde</strong></span> <span class='ocrx_word' id='word_1_150' title='bbox 1757 1630 1961 1689; x_wconf 87' lang='lat' dir='ltr'><strong>dicitur</strong></span> <span class='ocrx_word' id='word_1_151' title='bbox 1979 1632 2119 1705; x_wconf 85' lang='lat' dir='ltr'><strong>lapis</strong></span> <span class='ocrx_word' id='word_1_152' title='bbox 2145 1633 2362 1691; x_wconf 84' lang='lat' dir='ltr'><strong>ratione</strong></span> 
     </span>
     <span class='ocr_line' id='line_1_16' title="bbox 352 1718 2359 1792; baseline -0.003 -10"><span class='ocrx_word' id='word_1_153' title='bbox 352 1718 651 1782; x_wconf 75' lang='lat' dir='ltr'><strong>firmitatis.</strong></span> <span class='ocrx_word' id='word_1_154' title='bbox 696 1718 1039 1775; x_wconf 81' lang='lat' dir='ltr'><strong>Matth.-xv1</strong></span> <span class='ocrx_word' id='word_1_155' title='bbox 1086 1734 1100 1772; x_wconf 89' lang='lat'>:</span> <span class='ocrx_word' id='word_1_156' title='bbox 1143 1718 1315 1791; x_wconf 80' lang='lat' dir='ltr'><strong>Super</strong></span> <span class='ocrx_word' id='word_1_157' title='bbox 1350 1719 1486 1774; x_wconf 78' lang='lat' dir='ltr'><strong>hanc</strong></span> <span class='ocrx_word' id='word_1_158' title='bbox 1513 1725 1730 1792; x_wconf 77' lang='lat' dir='ltr'><strong>petram</strong></span> <span class='ocrx_word' id='word_1_159' title='bbox 1773 1719 2042 1791; x_wconf 70' lang='lat' dir='ltr'><strong>(edificabo</strong></span> <span class='ocrx_word' id='word_1_160' title='bbox 2067 1720 2359 1776; x_wconf 74' lang='lat' dir='ltr'><strong>Ecclesiam</strong></span> 
     </span>
     <span class='ocr_line' id='line_1_17' title="bbox 352 1800 2359 1879; baseline -0.001 -12"><span class='ocrx_word' id='word_1_161' title='bbox 352 1800 541 1867; x_wconf 76' lang='lat' dir='ltr'><strong>meam.</strong></span> <span class='ocrx_word' id='word_1_162' title='bbox 570 1810 729 1874; x_wconf 85' lang='lat' dir='ltr'><strong>Item,</strong></span> <span class='ocrx_word' id='word_1_163' title='bbox 765 1808 909 1877; x_wconf 85' lang='lat' dir='ltr'><strong>ignis</strong></span> <span class='ocrx_word' id='word_1_164' title='bbox 944 1806 1157 1873; x_wconf 86' lang='lat' dir='ltr'><strong>ratione</strong></span> <span class='ocrx_word' id='word_1_165' title='bbox 1193 1806 1609 1879; x_wconf 64' lang='lat' dir='ltr'><strong>purificationis„</strong></span> <span class='ocrx_word' id='word_1_166' title='bbox 1641 1808 1768 1879; x_wconf 83' lang='lat' dir='ltr'><strong>quia</strong></span> <span class='ocrx_word' id='word_1_167' title='bbox 1797 1808 1942 1864; x_wconf 88' lang='lat' dir='ltr'><strong>sicut</strong></span> <span class='ocrx_word' id='word_1_168' title='bbox 1967 1808 2110 1879; x_wconf 82' lang='lat' dir='ltr'><strong>ignis</strong></span> <span class='ocrx_word' id='word_1_169' title='bbox 2135 1809 2359 1865; x_wconf 87' lang='lat' dir='ltr'><strong>metalla</strong></span> 
     </span>
     <span class='ocr_line' id='line_1_18' title="bbox 350 1894 2356 1973; baseline -0 -19"><span class='ocrx_word' id='word_1_170' title='bbox 350 1898 624 1973; x_wconf 86' lang='lat' dir='ltr'><strong>purificat,</strong></span> <span class='ocrx_word' id='word_1_171' title='bbox 652 1896 729 1953; x_wconf 86' lang='lat' dir='ltr'><strong>ita</strong></span> <span class='ocrx_word' id='word_1_172' title='bbox 755 1896 901 1951; x_wconf 81' lang='lat' dir='ltr'><strong>Deus</strong></span> <span class='ocrx_word' id='word_1_173' title='bbox 919 1894 1175 1967; x_wconf 82' lang='lat' dir='ltr'><strong>purificat</strong></span> <span class='ocrx_word' id='word_1_174' title='bbox 1192 1894 1361 1951; x_wconf 81' lang='lat' dir='ltr'><strong>corda</strong></span> <span class='ocrx_word' id='word_1_175' title='bbox 1378 1901 1748 1967; x_wconf 80' lang='lat' dir='ltr'><strong>peccatorum.</strong></span> <span class='ocrx_word' id='word_1_176' title='bbox 1767 1896 1922 1952; x_wconf 88' lang='lat' dir='ltr'><strong>Unde</strong></span> <span class='ocrx_word' id='word_1_177' title='bbox 1942 1896 2237 1951; x_wconf 86' lang='lat' dir='ltr'><strong>Deuteron.</strong></span> <span class='ocrx_word' id='word_1_178' title='bbox 2255 1912 2318 1953; x_wconf 79' lang='grc' dir='ltr'>ιν</span> <span class='ocrx_word' id='word_1_179' title='bbox 2339 1912 2356 1953; x_wconf 73' lang='lat'>2</span> 
     </span>
     <span class='ocr_line' id='line_1_19' title="bbox 351 1976 2356 2057; baseline -0.001 -13"><span class='ocrx_word' id='word_1_180' title='bbox 351 1990 496 2045; x_wconf 75' lang='lat' dir='ltr'><strong>Deus</strong></span> <span class='ocrx_word' id='word_1_181' title='bbox 532 1992 655 2043; x_wconf 75' lang='lat' dir='ltr'><strong>tuus</strong></span> <span class='ocrx_word' id='word_1_182' title='bbox 682 1983 825 2057; x_wconf 65' lang='lat' dir='ltr'><strong>ignis</strong></span> <span class='ocrx_word' id='word_1_183' title='bbox 868 2000 1172 2041; x_wconf 77' lang='lat' dir='ltr'><strong>consumens</strong></span> <span class='ocrx_word' id='word_1_184' title='bbox 1206 1989 1301 2040; x_wconf 74' lang='lat' dir='ltr'><strong>est.</strong></span> <span class='ocrx_word' id='word_1_185' title='bbox 1338 1985 1500 2052; x_wconf 83' lang='lat' dir='ltr'><strong>Item,</strong></span> <span class='ocrx_word' id='word_1_186' title='bbox 1546 1984 1639 2040; x_wconf 85' lang='lat' dir='ltr'><strong>lux</strong></span> <span class='ocrx_word' id='word_1_187' title='bbox 1673 1984 1888 2041; x_wconf 84' lang='lat' dir='ltr'><strong>ratione</strong></span> <span class='ocrx_word' id='word_1_188' title='bbox 1923 1976 2356 2055; x_wconf 76' lang='lat' dir='ltr'><strong>illuminationis,</strong></span> 
     </span>
     <span class='ocr_line' id='line_1_20' title="bbox 350 2065 2357 2149; baseline -0.001 -17"><span class='ocrx_word' id='word_1_189' title='bbox 350 2077 483 2149; x_wconf 86' lang='lat' dir='ltr'><strong>quia</strong></span> <span class='ocrx_word' id='word_1_190' title='bbox 508 2074 653 2133; x_wconf 80' lang='lat' dir='ltr'><strong>sicut</strong></span> <span class='ocrx_word' id='word_1_191' title='bbox 692 2073 787 2130; x_wconf 85' lang='lat' dir='ltr'><strong>lux</strong></span> <span class='ocrx_word' id='word_1_192' title='bbox 813 2072 1087 2131; x_wconf 83' lang='lat' dir='ltr'><strong>illuminat</strong></span> <span class='ocrx_word' id='word_1_193' title='bbox 1120 2065 1393 2141; x_wconf 76' lang='lat' dir='ltr'><strong>tenebras,</strong></span> <span class='ocrx_word' id='word_1_194' title='bbox 1427 2072 1506 2131; x_wconf 88' lang='lat' dir='ltr'><strong>ita</strong></span> <span class='ocrx_word' id='word_1_195' title='bbox 1533 2086 1730 2130; x_wconf 88' lang='lat' dir='ltr'><strong>nomen</strong></span> <span class='ocrx_word' id='word_1_196' title='bbox 1763 2073 1864 2129; x_wconf 88' lang='lat' dir='ltr'><strong>Dei</strong></span> <span class='ocrx_word' id='word_1_197' title='bbox 1892 2072 2164 2129; x_wconf 86' lang='lat' dir='ltr'><strong>illuminat</strong></span> <span class='ocrx_word' id='word_1_198' title='bbox 2197 2079 2357 2131; x_wconf 88' lang='lat' dir='ltr'><strong>tene-</strong></span> 
     </span>
     <span class='ocr_line' id='line_1_21' title="bbox 351 2162 2358 2237; baseline 0 -16"><span class='ocrx_word' id='word_1_199' title='bbox 351 2167 479 2223; x_wconf 80' lang='lat' dir='ltr'><strong>bras</strong></span> <span class='ocrx_word' id='word_1_200' title='bbox 513 2164 735 2221; x_wconf 88' lang='lat' dir='ltr'><strong>mentis.</strong></span> <span class='ocrx_word' id='word_1_201' title='bbox 774 2162 976 2221; x_wconf 87' lang='lat' dir='ltr'><strong>Psalm.</strong></span> <span class='ocrx_word' id='word_1_202' title='bbox 1008 2175 1133 2221; x_wconf 79' lang='lat' dir='ltr'><strong>xvu</strong></span> <span class='ocrx_word' id='word_1_203' title='bbox 1173 2180 1189 2219; x_wconf 90' lang='lat'>:</span> <span class='ocrx_word' id='word_1_204' title='bbox 1219 2164 1363 2220; x_wconf 74' lang='lat' dir='ltr'><strong>Deus</strong></span> <span class='ocrx_word' id='word_1_205' title='bbox 1396 2179 1566 2230; x_wconf 70' lang='lat' dir='ltr'><strong>meus,</strong></span> <span class='ocrx_word' id='word_1_206' title='bbox 1603 2162 1856 2220; x_wconf 78' lang='lat' dir='ltr'><strong>illumina</strong></span> <span class='ocrx_word' id='word_1_207' title='bbox 1881 2162 2123 2221; x_wconf 72' lang='lat' dir='ltr'><strong>tenebras</strong></span> <span class='ocrx_word' id='word_1_208' title='bbox 2155 2178 2298 2237; x_wconf 73' lang='lat' dir='ltr'><strong>meas</strong></span> <span class='ocrx_word' id='word_1_209' title='bbox 2336 2177 2358 2221; x_wconf 88' lang='lat'><strong>.·</strong></span> 
     </span>
     <span class='ocr_line' id='line_1_22' title="bbox 350 2251 2359 2325; baseline -0.001 -14"><span class='ocrx_word' id='word_1_210' title='bbox 350 2255 494 2312; x_wconf 90' lang='lat' dir='ltr'><strong>unde</strong></span> <span class='ocrx_word' id='word_1_211' title='bbox 534 2254 682 2311; x_wconf 86' lang='lat' dir='ltr'><strong>istud</strong></span> <span class='ocrx_word' id='word_1_212' title='bbox 733 2268 947 2311; x_wconf 50' lang='lat' dir='ltr'><strong>nomano</strong></span> <span class='ocrx_word' id='word_1_213' title='bbox 974 2252 1212 2325; x_wconf 83' lang='lat' dir='ltr'><strong>petimus</strong></span> <span class='ocrx_word' id='word_1_214' title='bbox 1242 2251 1598 2319; x_wconf 76' lang='lat' dir='ltr'><strong>manifestari,</strong></span> <span class='ocrx_word' id='word_1_215' title='bbox 1649 2258 1712 2309; x_wconf 87' lang='lat' dir='ltr'><strong>ut</strong></span> <span class='ocrx_word' id='word_1_216' title='bbox 1761 2258 2123 2325; x_wconf 85' lang='lat' dir='ltr'><strong>cognoscatur</strong></span> <span class='ocrx_word' id='word_1_217' title='bbox 2170 2259 2228 2309; x_wconf 81' lang='lat' dir='ltr'><strong>et</strong></span> <span class='ocrx_word' id='word_1_218' title='bbox 2268 2259 2359 2309; x_wconf 83' lang='lat' dir='ltr'><strong>te·-</strong></span> 
     </span>
     <span class='ocr_line' id='line_1_23' title="bbox 348 2340 2358 2414; baseline -0.001 -15"><span class='ocrx_word' id='word_1_219' title='bbox 348 2350 543 2400; x_wconf 83' lang='lat' dir='ltr'><strong>neatur</strong></span> <span class='ocrx_word' id='word_1_220' title='bbox 570 2347 841 2401; x_wconf 83' lang='lat' dir='ltr'><strong>sanctum.</strong></span> <span class='ocrx_word' id='word_1_221' title='bbox 866 2344 1126 2400; x_wconf 86' lang='lat' dir='ltr'><strong>Sanctum</strong></span> <span class='ocrx_word' id='word_1_222' title='bbox 1154 2348 1339 2399; x_wconf 82' lang='lat' dir='ltr'><strong>autem</strong></span> <span class='ocrx_word' id='word_1_223' title='bbox 1362 2342 1654 2414; x_wconf 82' lang='lat' dir='ltr'><strong>tripliciter</strong></span> <span class='ocrx_word' id='word_1_224' title='bbox 1676 2342 1896 2399; x_wconf 83' lang='lat' dir='ltr'><strong>dicitur.</strong></span> <span class='ocrx_word' id='word_1_225' title='bbox 1927 2342 2188 2400; x_wconf 87' lang='lat' dir='ltr'><strong>Sanctum</strong></span> <span class='ocrx_word' id='word_1_226' title='bbox 2211 2340 2358 2398; x_wconf 81' lang='lat' dir='ltr'><strong>enim</strong></span> 
     </span>
     <span class='ocr_line' id='line_1_24' title="bbox 347 2430 2357 2507; baseline -0.002 -18"><span class='ocrx_word' id='word_1_227' title='bbox 347 2432 495 2489; x_wconf 82' lang='lat' dir='ltr'><strong>idem</strong></span> <span class='ocrx_word' id='word_1_228' title='bbox 536 2438 639 2501; x_wconf 86' lang='lat' dir='ltr'><strong>est,</strong></span> <span class='ocrx_word' id='word_1_229' title='bbox 689 2432 839 2507; x_wconf 76' lang='lat' dir='ltr'><strong>quod</strong></span> <span class='ocrx_word' id='word_1_230' title='bbox 877 2432 1094 2488; x_wconf 80' lang='lat' dir='ltr'><strong>firmum</strong></span> <span class='ocrx_word' id='word_1_231' title='bbox 1140 2449 1153 2487; x_wconf 77' lang='grc' dir='ltr'>ι</span> <span class='ocrx_word' id='word_1_232' title='bbox 1202 2432 1347 2489; x_wconf 81' lang='lat' dir='ltr'><strong>unde</strong></span> <span class='ocrx_word' id='word_1_233' title='bbox 1386 2446 1578 2489; x_wconf 86' lang='lat' dir='ltr'><strong>omnes</strong></span> <span class='ocrx_word' id='word_1_234' title='bbox 1613 2431 1761 2489; x_wconf 85' lang='lat' dir='ltr'><strong>beati</strong></span> <span class='ocrx_word' id='word_1_235' title='bbox 1804 2432 1898 2505; x_wconf 90' lang='lat' dir='ltr'><strong>qui</strong></span> <span class='ocrx_word' id='word_1_236' title='bbox 1928 2430 1984 2487; x_wconf 88' lang='lat' dir='ltr'><strong>in</strong></span> <span class='ocrx_word' id='word_1_237' title='bbox 2030 2432 2169 2489; x_wconf 85' lang='lat' dir='ltr'><strong>coelo</strong></span> <span class='ocrx_word' id='word_1_238' title='bbox 2207 2436 2357 2497; x_wconf 85' lang='lat' dir='ltr'><strong>sunt,</strong></span> 
     </span>
     <span class='ocr_line' id='line_1_25' title="bbox 346 2520 2358 2594; baseline -0 -16"><span class='ocrx_word' id='word_1_239' title='bbox 346 2520 525 2579; x_wconf 75' lang='lat' dir='ltr'><strong>sancti</strong></span> <span class='ocrx_word' id='word_1_240' title='bbox 568 2520 846 2588; x_wconf 85' lang='lat' dir='ltr'><strong>dicuntur,</strong></span> <span class='ocrx_word' id='word_1_241' title='bbox 889 2522 1021 2594; x_wconf 90' lang='lat' dir='ltr'><strong>quia</strong></span> <span class='ocrx_word' id='word_1_242' title='bbox 1060 2526 1189 2577; x_wconf 85' lang='lat' dir='ltr'><strong>sunt</strong></span> <span class='ocrx_word' id='word_1_243' title='bbox 1230 2528 1437 2579; x_wconf 77' lang='lat' dir='ltr'><strong>aeterna</strong></span> <span class='ocrx_word' id='word_1_244' title='bbox 1481 2520 1745 2578; x_wconf 83' lang='lat' dir='ltr'><strong>felicitate</strong></span> <span class='ocrx_word' id='word_1_245' title='bbox 1786 2520 2008 2577; x_wconf 83' lang='lat' dir='ltr'><strong>firmati.</strong></span> <span class='ocrx_word' id='word_1_246' title='bbox 2052 2521 2112 2576; x_wconf 89' lang='lat' dir='ltr'><strong>In</strong></span> <span class='ocrx_word' id='word_1_247' title='bbox 2153 2520 2358 2577; x_wconf 85' lang='lat' dir='ltr'><strong>mundo</strong></span> 
     </span>
     <span class='ocr_line' id='line_1_26' title="bbox 346 2608 2358 2681; baseline -0.001 -14"><span class='ocrx_word' id='word_1_248' title='bbox 346 2626 453 2667; x_wconf 91' lang='lat' dir='ltr'><strong>non</strong></span> <span class='ocrx_word' id='word_1_249' title='bbox 480 2614 707 2681; x_wconf 76' lang='lat' dir='ltr'><strong>possunt</strong></span> <span class='ocrx_word' id='word_1_250' title='bbox 732 2622 853 2663; x_wconf 85' lang='lat' dir='ltr'><strong>esse</strong></span> <span class='ocrx_word' id='word_1_251' title='bbox 872 2608 1069 2674; x_wconf 83' lang='lat' dir='ltr'><strong>sancti,</strong></span> <span class='ocrx_word' id='word_1_252' title='bbox 1097 2608 1231 2680; x_wconf 82' lang='lat' dir='ltr'><strong>quia</strong></span> <span class='ocrx_word' id='word_1_253' title='bbox 1257 2615 1385 2665; x_wconf 84' lang='lat' dir='ltr'><strong>sunt</strong></span> <span class='ocrx_word' id='word_1_254' title='bbox 1416 2610 1673 2665; x_wconf 85' lang='lat' dir='ltr'><strong>continue</strong></span> <span class='ocrx_word' id='word_1_255' title='bbox 1696 2608 1945 2664; x_wconf 84' lang='lat' dir='ltr'><strong>mobiles.</strong></span> <span class='ocrx_word' id='word_1_256' title='bbox 1973 2611 2115 2679; x_wconf 83' lang='lat' dir='ltr'><strong>Aug.</strong></span> <span class='ocrx_word' id='word_1_257' title='bbox 2139 2624 2154 2664; x_wconf 72' lang='grc' dir='ltr'>ι</span> <span class='ocrx_word' id='word_1_258' title='bbox 2183 2629 2210 2662; x_wconf 73' lang='grc' dir='ltr'><strong>α</strong></span> <span class='ocrx_word' id='word_1_259' title='bbox 2241 2610 2358 2665; x_wconf 89' lang='lat' dir='ltr'><strong>De·-</strong></span> 
     </span>
     <span class='ocr_line' id='line_1_27' title="bbox 346 2693 2358 2765; baseline -0 -10"><span class='ocrx_word' id='word_1_260' title='bbox 346 2697 499 2765; x_wconf 84' lang='lat' dir='ltr'><strong>fluxi,</strong></span> <span class='ocrx_word' id='word_1_261' title='bbox 520 2693 771 2763; x_wconf 88' lang='lat' dir='ltr'><strong>Domine,</strong></span> <span class='ocrx_word' id='word_1_262' title='bbox 792 2711 825 2751; x_wconf 89' lang='lat' dir='ltr'><strong>a</strong></span> <span class='ocrx_word' id='word_1_263' title='bbox 843 2701 916 2765; x_wconf 79' lang='lat' dir='ltr'><strong>te,</strong></span> <span class='ocrx_word' id='word_1_264' title='bbox 936 2703 990 2751; x_wconf 80' lang='lat' dir='ltr'><strong>et</strong></span> <span class='ocrx_word' id='word_1_265' title='bbox 1014 2696 1191 2751; x_wconf 81' lang='lat' dir='ltr'><strong>erravi</strong></span> <span class='ocrx_word' id='word_1_266' title='bbox 1220 2696 1401 2763; x_wconf 80' lang='lat' dir='ltr'><strong>nimie,</strong></span> <span class='ocrx_word' id='word_1_267' title='bbox 1424 2697 1618 2757; x_wconf 84' lang='lat' dir='ltr'><strong>devius</strong></span> <span class='ocrx_word' id='word_1_268' title='bbox 1645 2697 1824 2752; x_wconf 80' lang='lat' dir='ltr'><strong>factus</strong></span> <span class='ocrx_word' id='word_1_269' title='bbox 1845 2712 1968 2753; x_wconf 88' lang='lat' dir='ltr'><strong>sum</strong></span> <span class='ocrx_word' id='word_1_270' title='bbox 1987 2699 2027 2751; x_wconf 79' lang='lat' dir='ltr'><strong>&#39;a</strong></span> <span class='ocrx_word' id='word_1_271' title='bbox 2053 2696 2358 2755; x_wconf 80' lang='lat' dir='ltr'><strong>stabilitate</strong></span> 
     </span>
    </p>
   </div>
   <div class='ocr_carea' id='block_1_4' title="bbox 346 2784 2466 2859">
    <p class='ocr_par' dir='ltr' id='par_1_4' title="bbox 346 2784 2466 2859">
     <span class='ocr_line' id='line_1_28' title="bbox 346 2784 2466 2859; baseline -0.001 -14"><span class='ocrx_word' id='word_1_272' title='bbox 346 2798 463 2845; x_wconf 87' lang='lat' dir='ltr'><strong>tua.</strong></span> <span class='ocrx_word' id='word_1_273' title='bbox 512 2806 541 2840; x_wconf 70' lang='lat' dir='ltr'><strong>n</strong></span> <span class='ocrx_word' id='word_1_274' title='bbox 572 2784 841 2853; x_wconf 87' lang='lat' dir='ltr'><strong>Secunde,</strong></span> <span class='ocrx_word' id='word_1_275' title='bbox 882 2790 1135 2841; x_wconf 85' lang='lat' dir='ltr'><strong>sanctum</strong></span> <span class='ocrx_word' id='word_1_276' title='bbox 1180 2784 1327 2841; x_wconf 83' lang='lat' dir='ltr'><strong>idem</strong></span> <span class='ocrx_word' id='word_1_277' title='bbox 1366 2792 1452 2842; x_wconf 79' lang='lat' dir='ltr'><strong>est</strong></span> <span class='ocrx_word' id='word_1_278' title='bbox 1499 2785 1648 2859; x_wconf 85' lang='lat' dir='ltr'><strong>qnod</strong></span> <span class='ocrx_word' id='word_1_279' title='bbox 1673 2800 1779 2841; x_wconf 88' lang='lat' dir='ltr'><strong>non</strong></span> <span class='ocrx_word' id='word_1_280' title='bbox 1822 2790 2100 2841; x_wconf 80' lang='lat' dir='ltr'><strong>terrenum</strong></span> <span class='ocrx_word' id='word_1_281' title='bbox 2145 2803 2162 2842; x_wconf 71' lang='grc' dir='ltr'><strong><em>ε</em></strong></span> <span class='ocrx_word' id='word_1_282' title='bbox 2209 2787 2358 2843; x_wconf 87' lang='lat' dir='ltr'><strong>unde</strong></span> <span class='ocrx_word' id='word_1_283' title='bbox 2459 2826 2466 2829; x_wconf 85' lang='lat'><em>-</em></span> 
     </span>
    </p>
   </div>
   <div class='ocr_carea' id='block_1_5' title="bbox 342 2868 2357 4017">
    <p class='ocr_par' dir='ltr' id='par_1_5' title="bbox 342 2868 2357 4017">
     <span class='ocr_line' id='line_1_29' title="bbox 348 2868 2357 2948; baseline -0.001 -14"><span class='ocrx_word' id='word_1_284' title='bbox 348 2876 523 2935; x_wconf 85' lang='lat' dir='ltr'><strong>sancti</strong></span> <span class='ocrx_word' id='word_1_285' title='bbox 554 2874 727 2948; x_wconf 91' lang='lat' dir='ltr'><strong>quiin</strong></span> <span class='ocrx_word' id='word_1_286' title='bbox 758 2872 899 2931; x_wconf 86' lang='lat' dir='ltr'><strong>coelo</strong></span> <span class='ocrx_word' id='word_1_287' title='bbox 924 2878 1067 2939; x_wconf 82' lang='lat' dir='ltr'><strong>sunt,</strong></span> <span class='ocrx_word' id='word_1_288' title='bbox 1100 2872 1309 2929; x_wconf 88' lang='lat' dir='ltr'><strong>nullum</strong></span> <span class='ocrx_word' id='word_1_289' title='bbox 1336 2872 1542 2930; x_wconf 77' lang='lat' dir='ltr'><strong>habent</strong></span> <span class='ocrx_word' id='word_1_290' title='bbox 1568 2874 1825 2931; x_wconf 80' lang='lat' dir='ltr'><strong>affectum</strong></span> <span class='ocrx_word' id='word_1_291' title='bbox 1853 2868 2133 2931; x_wconf 81' lang='lat' dir='ltr'><strong>terrenum</strong></span> <span class='ocrx_word' id='word_1_292' title='bbox 2163 2891 2177 2929; x_wconf 76' lang='lat' dir='ltr'><em>z</em></span> <span class='ocrx_word' id='word_1_293' title='bbox 2211 2876 2357 2931; x_wconf 85' lang='lat' dir='ltr'><strong>unde</strong></span> 
     </span>
     <span class='ocr_line' id='line_1_30' title="bbox 346 2961 2354 3039; baseline -0.002 -15"><span class='ocrx_word' id='word_1_294' title='bbox 346 2970 539 3039; x_wconf 75' lang='lat' dir='ltr'><strong>Apost.</strong></span> <span class='ocrx_word' id='word_1_295' title='bbox 583 2962 721 3021; x_wconf 87' lang='lat' dir='ltr'><strong>Phil.</strong></span> <span class='ocrx_word' id='word_1_296' title='bbox 771 2978 841 3020; x_wconf 83' lang='grc' dir='ltr'><strong>ιιι</strong></span> <span class='ocrx_word' id='word_1_297' title='bbox 894 2978 908 3018; x_wconf 76' lang='grc' dir='ltr'>ι</span> <span class='ocrx_word' id='word_1_298' title='bbox 958 2962 1157 3019; x_wconf 78' lang='lat' dir='ltr'><strong>omnin</strong></span> <span class='ocrx_word' id='word_1_299' title='bbox 1196 2961 1500 3019; x_wconf 71' lang='lat' dir='ltr'><strong>arbitratus</strong></span> <span class='ocrx_word' id='word_1_300' title='bbox 1537 2978 1656 3019; x_wconf 79' lang='lat' dir='ltr'><strong>sum</strong></span> <span class='ocrx_word' id='word_1_301' title='bbox 1691 2968 1754 3019; x_wconf 69' lang='lat' dir='ltr'><strong>ut</strong></span> <span class='ocrx_word' id='word_1_302' title='bbox 1797 2962 2056 3029; x_wconf 61' lang='lat' dir='ltr'><strong>stercora,</strong></span> <span class='ocrx_word' id='word_1_303' title='bbox 2100 2968 2207 3020; x_wconf 86' lang='lat' dir='ltr'><strong>etc.</strong></span> <span class='ocrx_word' id='word_1_304' title='bbox 2250 2965 2354 3020; x_wconf 88' lang='lat' dir='ltr'><strong>Per</strong></span> 
     </span>
     <span class='ocr_line' id='line_1_31' title="bbox 347 3049 2352 3123; baseline -0.001 -14"><span class='ocrx_word' id='word_1_305' title='bbox 347 3063 552 3110; x_wconf 86' lang='lat' dir='ltr'><strong>terram</strong></span> <span class='ocrx_word' id='word_1_306' title='bbox 592 3060 779 3109; x_wconf 82' lang='lat' dir='ltr'><strong>autem</strong></span> <span class='ocrx_word' id='word_1_307' title='bbox 805 3049 1162 3123; x_wconf 85' lang='lat' dir='ltr'><strong>designantur</strong></span> <span class='ocrx_word' id='word_1_308' title='bbox 1206 3057 1542 3123; x_wconf 82' lang='lat' dir='ltr'><strong>peccatores.</strong></span> <span class='ocrx_word' id='word_1_309' title='bbox 1582 3052 1782 3119; x_wconf 85' lang='lat' dir='ltr'><strong>Primo,</strong></span> <span class='ocrx_word' id='word_1_310' title='bbox 1813 3052 2026 3108; x_wconf 86' lang='lat' dir='ltr'><strong>ratione</strong></span> <span class='ocrx_word' id='word_1_311' title='bbox 2071 3050 2352 3123; x_wconf 86' lang='lat' dir='ltr'><strong>germinis.</strong></span> 
     </span>
     <span class='ocr_line' id='line_1_32' title="bbox 346 3139 2356 3220; baseline -0.001 -20"><span class='ocrx_word' id='word_1_312' title='bbox 346 3143 517 3200; x_wconf 81' lang='lat' dir='ltr'><strong>Terra</strong></span> <span class='ocrx_word' id='word_1_313' title='bbox 554 3141 699 3197; x_wconf 82' lang='lat' dir='ltr'><strong>enim</strong></span> <span class='ocrx_word' id='word_1_314' title='bbox 734 3140 781 3197; x_wconf 83' lang='lat' dir='ltr'><strong>si</strong></span> <span class='ocrx_word' id='word_1_315' title='bbox 808 3151 919 3197; x_wconf 89' lang='lat' dir='ltr'><strong>non</strong></span> <span class='ocrx_word' id='word_1_316' title='bbox 942 3140 1159 3207; x_wconf 81' lang='lat' dir='ltr'><strong>colitur,</strong></span> <span class='ocrx_word' id='word_1_317' title='bbox 1192 3140 1377 3214; x_wconf 85' lang='lat' dir='ltr'><strong>spinas</strong></span> <span class='ocrx_word' id='word_1_318' title='bbox 1401 3146 1462 3197; x_wconf 57' lang='lat' dir='ltr'><strong>&gt;et</strong></span> <span class='ocrx_word' id='word_1_319' title='bbox 1491 3139 1719 3197; x_wconf 84' lang='lat' dir='ltr'><strong>tribulos</strong></span> <span class='ocrx_word' id='word_1_320' title='bbox 1741 3141 2030 3220; x_wconf 72' lang='lat' dir='ltr'><strong>germinat,</strong></span> <span class='ocrx_word' id='word_1_321' title='bbox 2063 3139 2144 3197; x_wconf 84' lang='lat' dir='ltr'><strong>sic</strong></span> <span class='ocrx_word' id='word_1_322' title='bbox 2171 3140 2356 3198; x_wconf 82' lang='lat' dir='ltr'><strong>anima</strong></span> 
     </span>
     <span class='ocr_line' id='line_1_33' title="bbox 345 3222 2355 3305; baseline 0.001 -17"><span class='ocrx_word' id='word_1_323' title='bbox 345 3231 654 3305; x_wconf 84' lang='lat' dir='ltr'><strong>peccatoris</strong></span> <span class='ocrx_word' id='word_1_324' title='bbox 681 3229 787 3285; x_wconf 88' lang='lat' dir='ltr'><strong>nisi</strong></span> <span class='ocrx_word' id='word_1_325' title='bbox 818 3229 1031 3287; x_wconf 84' lang='lat' dir='ltr'><strong>colatur</strong></span> <span class='ocrx_word' id='word_1_326' title='bbox 1054 3246 1153 3304; x_wconf 82' lang='lat' dir='ltr'><strong>per</strong></span> <span class='ocrx_word' id='word_1_327' title='bbox 1181 3231 1436 3301; x_wconf 86' lang='lat' dir='ltr'><strong>gratiam,</strong></span> <span class='ocrx_word' id='word_1_328' title='bbox 1467 3245 1573 3287; x_wconf 85' lang='lat' dir='ltr'><strong>non</strong></span> <span class='ocrx_word' id='word_1_329' title='bbox 1600 3222 1872 3301; x_wconf 79' lang='lat' dir='ltr'><strong>germinat</strong></span> <span class='ocrx_word' id='word_1_330' title='bbox 1909 3229 2012 3287; x_wconf 87' lang='lat' dir='ltr'><strong>nisi</strong></span> <span class='ocrx_word' id='word_1_331' title='bbox 2037 3229 2270 3287; x_wconf 86' lang='lat' dir='ltr'><strong>tribulos</strong></span> <span class='ocrx_word' id='word_1_332' title='bbox 2296 3234 2355 3290; x_wconf 74' lang='lat' dir='ltr'><strong>et</strong></span> 
     </span>
     <span class='ocr_line' id='line_1_34' title="bbox 346 3318 2356 3394; baseline 0 -19"><span class='ocrx_word' id='word_1_333' title='bbox 346 3320 669 3394; x_wconf 85' lang='lat' dir='ltr'><strong>punctiones</strong></span> <span class='ocrx_word' id='word_1_334' title='bbox 702 3325 1073 3392; x_wconf 87' lang='lat' dir='ltr'><strong>peccatorum.</strong></span> <span class='ocrx_word' id='word_1_335' title='bbox 1103 3318 1310 3376; x_wconf 83' lang='lat' dir='ltr'><strong>Genes.</strong></span> <span class='ocrx_word' id='word_1_336' title='bbox 1340 3335 1409 3377; x_wconf 83' lang='lat'><strong>111</strong></span> <span class='ocrx_word' id='word_1_337' title='bbox 1439 3335 1453 3375; x_wconf 72' lang='grc' dir='ltr'><strong>ε</strong></span> <span class='ocrx_word' id='word_1_338' title='bbox 1480 3318 1684 3393; x_wconf 74' lang='lat' dir='ltr'><strong>&#39;spinas</strong></span> <span class='ocrx_word' id='word_1_339' title='bbox 1705 3318 2008 3378; x_wconf 67' lang='lat' dir='ltr'><strong>‹et-tributos</strong></span> <span class='ocrx_word' id='word_1_340' title='bbox 2029 3318 2356 3392; x_wconf 62' lang='lat' dir='ltr'><strong>germinabit</strong></span> 
     </span>
     <span class='ocr_line' id='line_1_35' title="bbox 346 3407 2354 3481; baseline -0 -16"><span class='ocrx_word' id='word_1_341' title='bbox 346 3408 465 3471; x_wconf 76' lang='lat' dir='ltr'><strong>tibi.</strong></span> <span class='ocrx_word' id='word_1_342' title='bbox 515 3408 784 3477; x_wconf 88' lang='lat' dir='ltr'><strong>Secundo,</strong></span> <span class='ocrx_word' id='word_1_343' title='bbox 836 3407 1049 3465; x_wconf 89' lang='lat' dir='ltr'><strong>ratione</strong></span> <span class='ocrx_word' id='word_1_344' title='bbox 1098 3408 1366 3481; x_wconf 77' lang='lat' dir='ltr'><strong>caliginis.</strong></span> <span class='ocrx_word' id='word_1_345' title='bbox 1411 3409 1581 3465; x_wconf 76' lang='lat' dir='ltr'><strong>&#39;ferra</strong></span> <span class='ocrx_word' id='word_1_346' title='bbox 1635 3409 1778 3465; x_wconf 86' lang='lat' dir='ltr'><strong>enim</strong></span> <span class='ocrx_word' id='word_1_347' title='bbox 1822 3408 2132 3480; x_wconf 68' lang='lat' dir='ltr'><strong>caliginosa:</strong></span> <span class='ocrx_word' id='word_1_348' title='bbox 2161 3412 2246 3464; x_wconf 89' lang='lat' dir='ltr'><strong>est</strong></span> <span class='ocrx_word' id='word_1_349' title='bbox 2297 3414 2354 3464; x_wconf 87' lang='lat' dir='ltr'><strong>et</strong></span> 
     </span>
     <span class='ocr_line' id='line_1_36' title="bbox 345 3490 2350 3571; baseline -0.001 -16"><span class='ocrx_word' id='word_1_350' title='bbox 345 3514 538 3571; x_wconf 90' lang='lat' dir='ltr'><strong>opaca.</strong></span> <span class='ocrx_word' id='word_1_351' title='bbox 568 3499 659 3555; x_wconf 87' lang='lat' dir='ltr'><strong>Sic</strong></span> <span class='ocrx_word' id='word_1_352' title='bbox 698 3497 865 3555; x_wconf 87' lang='lat' dir='ltr'><strong>etiam</strong></span> <span class='ocrx_word' id='word_1_353' title='bbox 904 3498 1163 3569; x_wconf 81' lang='lat' dir='ltr'><strong>peccator</strong></span> <span class='ocrx_word' id='word_1_354' title='bbox 1195 3498 1528 3569; x_wconf 85' lang='lat' dir='ltr'><strong>caliginosus</strong></span> <span class='ocrx_word' id='word_1_355' title='bbox 1556 3490 1616 3554; x_wconf 71' lang='lat' dir='ltr'><strong>‘et</strong></span> <span class='ocrx_word' id='word_1_356' title='bbox 1649 3512 1852 3570; x_wconf 80' lang='lat' dir='ltr'><strong>opacus</strong></span> <span class='ocrx_word' id='word_1_357' title='bbox 1889 3504 1994 3553; x_wconf 82' lang='lat' dir='ltr'><strong>est.</strong></span> <span class='ocrx_word' id='word_1_358' title='bbox 2024 3497 2226 3553; x_wconf 73' lang='lat' dir='ltr'><strong>Genea.</strong></span> <span class='ocrx_word' id='word_1_359' title='bbox 2271 3512 2294 3551; x_wconf 87' lang='lat'>1</span> <span class='ocrx_word' id='word_1_360' title='bbox 2335 3512 2350 3553; x_wconf 71' lang='grc' dir='ltr'><strong><em>ε</em></strong></span> 
     </span>
     <span class='ocr_line' id='line_1_37' title="bbox 350 3585 2350 3659; baseline -0.003 -14"><span class='ocrx_word' id='word_1_361' title='bbox 350 3586 597 3645; x_wconf 65' lang='lat' dir='ltr'><strong>Tenebrae</strong></span> <span class='ocrx_word' id='word_1_362' title='bbox 638 3592 797 3643; x_wconf 77' lang='lat' dir='ltr'><strong>erant</strong></span> <span class='ocrx_word' id='word_1_363' title='bbox 841 3601 1004 3659; x_wconf 76' lang='lat' dir='ltr'><strong>super</strong></span> <span class='ocrx_word' id='word_1_364' title='bbox 1038 3585 1229 3659; x_wconf 74' lang='lat' dir='ltr'><strong>facicm</strong></span> <span class='ocrx_word' id='word_1_365' title='bbox 1268 3586 1457 3659; x_wconf 67' lang='lat' dir='ltr'><strong>abyssi.</strong></span> <span class='ocrx_word' id='word_1_366' title='bbox 1501 3589 1706 3655; x_wconf 76' lang='lat' dir='ltr'><strong>Tertio,</strong></span> <span class='ocrx_word' id='word_1_367' title='bbox 1727 3588 1960 3645; x_wconf 85' lang='lat' dir='ltr'><strong>·ratiene</strong></span> <span class='ocrx_word' id='word_1_368' title='bbox 1998 3585 2350 3643; x_wconf 74' lang='lat' dir='ltr'><strong>conditionis.</strong></span> 
     </span>
     <span class='ocr_line' id='line_1_38' title="bbox 344 3674 2352 3751; baseline -0.002 -16"><span class='ocrx_word' id='word_1_369' title='bbox 344 3678 514 3735; x_wconf 84' lang='lat' dir='ltr'><strong>Terra</strong></span> <span class='ocrx_word' id='word_1_370' title='bbox 543 3676 689 3733; x_wconf 86' lang='lat' dir='ltr'><strong>enim</strong></span> <span class='ocrx_word' id='word_1_371' title='bbox 718 3683 800 3733; x_wconf 87' lang='lat' dir='ltr'><strong>est</strong></span> <span class='ocrx_word' id='word_1_372' title='bbox 838 3675 1165 3733; x_wconf 85' lang='lat' dir='ltr'><strong>elementum</strong></span> <span class='ocrx_word' id='word_1_373' title='bbox 1194 3676 1420 3747; x_wconf 89' lang='lat' dir='ltr'><strong>siccum,</strong></span> <span class='ocrx_word' id='word_1_374' title='bbox 1447 3677 1594 3750; x_wconf 89' lang='lat' dir='ltr'><strong>quod</strong></span> <span class='ocrx_word' id='word_1_375' title='bbox 1619 3678 1896 3751; x_wconf 82' lang='lat' dir='ltr'><strong>spargitur</strong></span> <span class='ocrx_word' id='word_1_376' title='bbox 1925 3674 2034 3731; x_wconf 84' lang='lat' dir='ltr'><strong>nisi</strong></span> <span class='ocrx_word' id='word_1_377' title='bbox 2065 3674 2352 3731; x_wconf 84' lang='lat' dir='ltr'><strong>continea-</strong></span> 
     </span>
     <span class='ocr_line' id='line_1_39' title="bbox 345 3764 2346 3839; baseline -0.001 -18"><span class='ocrx_word' id='word_1_378' title='bbox 345 3772 435 3821; x_wconf 88' lang='lat' dir='ltr'><strong>tm·</strong></span> <span class='ocrx_word' id='word_1_379' title='bbox 473 3766 545 3822; x_wconf 87' lang='lat' dir='ltr'><strong>ab</strong></span> <span class='ocrx_word' id='word_1_380' title='bbox 586 3780 748 3839; x_wconf 80' lang='lat' dir='ltr'><strong>aquae</strong></span> <span class='ocrx_word' id='word_1_381' title='bbox 790 3764 1135 3833; x_wconf 84' lang='lat' dir='ltr'><strong>humiditate,</strong></span> <span class='ocrx_word' id='word_1_382' title='bbox 1180 3780 1309 3821; x_wconf 83' lang='lat' dir='ltr'><strong>narn</strong></span> <span class='ocrx_word' id='word_1_383' title='bbox 1353 3767 1495 3821; x_wconf 84' lang='lat' dir='ltr'><strong>Deus</strong></span> <span class='ocrx_word' id='word_1_384' title='bbox 1522 3766 1704 3839; x_wconf 85' lang='lat' dir='ltr'><strong>posuit</strong></span> <span class='ocrx_word' id='word_1_385' title='bbox 1743 3772 1947 3821; x_wconf 81' lang='lat' dir='ltr'><strong>terram</strong></span> <span class='ocrx_word' id='word_1_386' title='bbox 1991 3778 2154 3835; x_wconf 85' lang='lat' dir='ltr'><strong>super</strong></span> <span class='ocrx_word' id='word_1_387' title='bbox 2183 3778 2346 3835; x_wconf 86' lang='lat' dir='ltr'><strong>aqua,</strong></span> 
     </span>
     <span class='ocr_line' id='line_1_40' title="bbox 342 3851 2352 3927; baseline -0.001 -18"><span class='ocrx_word' id='word_1_388' title='bbox 342 3856 497 3927; x_wconf 78' lang='lat' dir='ltr'><strong>juxta</strong></span> <span class='ocrx_word' id='word_1_389' title='bbox 527 3853 661 3911; x_wconf 89' lang='lat' dir='ltr'><strong>illud</strong></span> <span class='ocrx_word' id='word_1_390' title='bbox 690 3854 889 3912; x_wconf 87' lang='lat' dir='ltr'><strong>Psalm.</strong></span> <span class='ocrx_word' id='word_1_391' title='bbox 920 3870 1059 3912; x_wconf 78' lang='lat' dir='ltr'><strong>xcix</strong></span> <span class='ocrx_word' id='word_1_392' title='bbox 1092 3870 1107 3910; x_wconf 90' lang='lat'><strong>:</strong></span> <span class='ocrx_word' id='word_1_393' title='bbox 1137 3853 1243 3920; x_wconf 74' lang='lat' dir='ltr'><strong>Qui</strong></span> <span class='ocrx_word' id='word_1_394' title='bbox 1280 3853 1522 3926; x_wconf 78' lang='lat' dir='ltr'><strong>firmavit</strong></span> <span class='ocrx_word' id='word_1_395' title='bbox 1565 3860 1772 3912; x_wconf 81' lang='lat' dir='ltr'><strong>terram</strong></span> <span class='ocrx_word' id='word_1_396' title='bbox 1809 3868 1968 3925; x_wconf 77' lang='lat' dir='ltr'><strong>super</strong></span> <span class='ocrx_word' id='word_1_397' title='bbox 2003 3866 2188 3925; x_wconf 74' lang='lat' dir='ltr'><strong>aquas,</strong></span> <span class='ocrx_word' id='word_1_398' title='bbox 2219 3851 2352 3925; x_wconf 85' lang='lat' dir='ltr'><strong>quia</strong></span> 
     </span>
     <span class='ocr_line' id='line_1_41' title="bbox 346 3940 2353 4017; baseline -0.001 -18"><span class='ocrx_word' id='word_1_399' title='bbox 346 3960 415 3999; x_wconf 85' lang='lat' dir='ltr'><strong>ex</strong></span> <span class='ocrx_word' id='word_1_400' title='bbox 458 3942 785 4001; x_wconf 85' lang='lat' dir='ltr'><strong>humiditate</strong></span> <span class='ocrx_word' id='word_1_401' title='bbox 825 3943 988 4017; x_wconf 68' lang='lat' dir='ltr'><strong>aquic</strong></span> <span class='ocrx_word' id='word_1_402' title='bbox 1021 3943 1333 4001; x_wconf 81' lang='lat' dir='ltr'><strong>continetur</strong></span> <span class='ocrx_word' id='word_1_403' title='bbox 1374 3942 1622 4012; x_wconf 78' lang='lat' dir='ltr'><strong>ariditas,</strong></span> <span class='ocrx_word' id='word_1_404' title='bbox 1661 3943 1752 4001; x_wconf 69' lang='lat' dir='ltr'><strong>vel</strong></span> <span class='ocrx_word' id='word_1_405' title='bbox 1795 3942 2016 4001; x_wconf 85' lang='lat' dir='ltr'><strong>siccitas</strong></span> <span class='ocrx_word' id='word_1_406' title='bbox 2057 3940 2353 4013; x_wconf 78' lang='lat' dir='ltr'><strong>terrae‚&#39;sic</strong></span> 
     </span>
    </p>
   </div>
  </div>
 </body>
</html>
