2850 4517
592 397 681 444 IV.
706 413 785 430 -
814 397 891 442 DE
934 397 1353 446 rnarssc‘noms
1396 397 1564 444 VI'rAE
1613 400 1991 446 srlmwsus
2178 388 2306 450 325

290 531 457 590 quam
485 524 587 588 pro
608 513 826 572 Christo
856 514 1083 586 patitur,
1108 514 1193 570 vel
1213 514 1344 587 quia
1368 515 1604 587 abnegat
1632 515 1912 590 propriam
1936 517 2300 580 voluntatem.

228 627 233 630 ·
290 606 393 676 Qui
418 619 551 676 ergo
572 602 645 660 ad
664 602 783 660 baec
806 617 985 676 opera.
1006 603 1359 677 perfectionis
1397 611 1572 662 totam
1598 605 1772 663 vitam
1815 621 1971 666 suam
2001 613 2130 666 voto
2160 611 2302 668 obli-

288 701 419 766 gant
446 695 579 758 Deo,
614 691 965 750 manifestum
1002 700 1086 749 est
1116 708 1210 750 eos
1248 693 1600 766 perfectionis
1639 702 1848 752 statum
1892 711 2174 756 assumere
2203 717 2216 756 ε
2245 709 2302 757 ει

286 784 419 859 quia
446 783 501 840 in
530 783 677 840 omni
706 781 968 854 religione
993 782 1110 840 haec
1135 782 1241 842 tria
1274 791 1560 854 voventur,
1595 787 1945 848 manifestum
1970 795 2056 846 est
2081 805 2300 850 omnem

286 872 606 944 religionem
632 870 985 944 perfectionis
1006 877 1213 930 statum
1241 888 1380 930 esse.
1410 875 1624 932 Rursus
1655 883 1841 934 autem
1869 883 2152 936 ostensum
2191 889 2296 946 est,

288 962 393 1019 tria
437 960 711 1034 pertinere
754 959 825 1017 ad
863 959 1256 1034 perfectionem
1293 961 1550 1022 fraternae
1596 963 1925 1034 dilectionis,
1971 972 2034 1026 ut
2087 969 2301 1026 scilicet

286 1050 495 1110 inimici
525 1049 843 1121 diligantur,
871 1049 1063 1124 eisque
1089 1050 1380 1117 serviatur,
1408 1058 1467 1108 et
1503 1061 1565 1110 ut
1607 1052 1810 1126 aliquis
1854 1055 2098 1114 animam
2142 1074 2298 1116 suam

284 1156 383 1215 pro
407 1139 669 1198 fratribus
693 1145 859 1211 ponat
887 1138 973 1196 vel
1010 1141 1331 1212 exponendo
1350 1157 1413 1200 se
1457 1141 1716 1215 periculis
1763 1143 1974 1212 mortis,
2007 1147 2095 1204 vel
2125 1149 2297 1205 etiam

284 1231 459 1286 vitam
512 1243 668 1286 suam
716 1226 961 1286 totaliter
1003 1228 1303 1288 ordinando
1354 1229 1411 1288 in
1462 1231 1760 1289 utilitatem
1805 1233 2200 1305 proximorum,
2243 1244 2333 1295 et-

284 1319 433 1395 quod
462 1316 728 1391 proximis
753 1316 1061 1389 spiritualia
1089 1317 1478 1390 impendantur
1499 1336 1522 1382 x,
1541 1321 1612 1378 ad
1635 1319 1756 1380 haec
1775 1328 1960 1380 autem
1985 1325 2091 1382 tria
2115 1326 2298 1384 mani·
2375 1385 2380 1389 ,
2417 1393 2428 1407 ·

285 1409 485 1466 festum
508 1415 594 1464 est
622 1406 795 1463 teneri
816 1406 1131 1480 Episcopus.
1156 1407 1292 1466 Cum
1306 1407 1452 1464 enim
1477 1407 1740 1468 Ecclesiae
1769 1412 2082 1474 universam
2107 1431 2296 1473 curam

283 1495 644 1571 susceperint,
676 1498 732 1553 in
770 1511 878 1568 qua
916 1495 1235 1570 plerumque
1273 1496 1628 1560 inveniuntur
1673 1499 1844 1574 aliqui
1889 1517 1986 1560 eos
2022 1503 2292 1571 odientes,

281 1593 693 1662 persequentes,
723 1590 779 1640 et
804 1583 1263 1657 blasphemantes,
1295 1601 1517 1645 necesse
1553 1586 1758 1646 habent
1796 1589 2036 1648 inimicis
2081 1599 2137 1648 et
2161 1611 2296 1666 per-

279 1675 641 1750 sequentibus
684 1673 996 1730 dilectionis
1035 1679 1093 1730 et
1135 1672 1512 1733 beneficentiae
1545 1675 1724 1732 vicem
1767 1679 2085 1749 rependere,
2133 1683 2294 1754 cujus

280 1764 591 1838 exemplum
612 1762 671 1820 in
693 1760 971 1835 Apostolis
998 1768 1247 1832 apparet,
1278 1776 1514 1834 quorum
1557 1771 1686 1820 sunt
1709 1763 1966 1837 Episcopi
2005 1781 2293 1826 successo-

280 1871 389 1911 res.
420 1854 485 1910 In
518 1852 701 1908 medio
729 1850 875 1906 enim
915 1855 1327 1922 persecutorum
1370 1855 1792 1916 commorantes,
1827 1851 2062 1910 salutem
2104 1871 2292 1912 eorum

278 1941 676 2017 procurabant.
702 1937 861 1994 Unde
900 1945 956 1994 et
984 1937 1251 1994 Dominus
1288 1935 1371 1996 eis
1410 1938 1655 2006 mandat,
1695 1938 1888 1996 Matth.
1920 1956 1958 1997 x
1990 1941 2166 2014 :Ecce
2205 1961 2296 2017 eqo

278 2033 437 2090 mitto
461 2044 553 2086 uos
580 2027 717 2086 sicut
741 2042 859 2084 oves
890 2025 953 2084 in
976 2026 1149 2084 medio
1178 2027 1450 2098 luporum,
1478 2033 1542 2084 ut
1585 2026 1799 2086 scilicet
1826 2027 2093 2101 plurimos
2139 2047 2296 2090 mor-

278 2139 375 2179 sus
400 2120 475 2180 ab
512 2119 595 2175 eis
633 2116 965 2190 accipientes
990 2132 1099 2174 non
1126 2115 1303 2174 selum
1346 2133 1454 2174 non
1495 2112 1912 2188 consumantur,
1941 2121 2037 2178 sed
2081 2128 2139 2184 et
2171 2123 2298 2180 illos

279 2211 625 2276 convertant,
652 2214 710 2264 et
748 2209 891 2278 Aug.
916 2206 975 2263 in
1004 2205 1099 2264 lib.
1127 2206 1199 2263 de
1236 2220 1488 2264 sermone
1516 2207 1734 2264 Domini
1775 2208 1831 2265 in
1868 2216 2075 2280 monte,
2119 2228 2297 2286 expo-

279 2316 419 2358 nens
445 2297 579 2356 illud
616 2295 761 2370 quod
790 2295 1043 2363 habetur,
1072 2295 1267 2353 Matth.
1292 2311 1333 2352 v
1357 2312 1371 2353 ε
1398 2295 1458 2352 Si
1487 2295 1606 2368 quis
1633 2303 1684 2354 te
1704 2301 2032 2371 permissoria
2071 2300 2130 2358 in
2161 2301 2296 2358 dear-

281 2397 457 2447 teram
481 2387 757 2443 maxillam
786 2391 954 2451 wem,
978 2384 1159 2457 proebe
1184 2383 1269 2441 illi
1310 2392 1363 2442 et
1396 2385 1650 2452 alteram,
1679 2386 1762 2444 sic
1787 2388 1926 2447 dicit
1952 2406 1967 2446 z
1999 2411 2024 2444 α
2051 2391 2184 2450 Haee
2221 2393 2294 2450 ad

280 2474 717 2534 misericordiam
734 2473 1007 2546 pertinere
1031 2472 1087 2528 hi
1110 2473 1349 2530 maxime
1374 2475 1642 2543 sentiunt,
1663 2474 1762 2550 qui
1789 2476 1870 2533 eis
1891 2495 2033 2552 quos
2057 2480 2292 2537 multum

277 2564 539 2637 diligunt,
580 2561 847 2629 serviunt,
887 2560 978 2618 vel
1018 2561 1223 2633 pueris,
1255 2559 1343 2616 vel
1387 2561 1742 2632 phreneticis,
1785 2580 1818 2620 a
1863 2566 2066 2638 quibus
2116 2569 2292 2626 multa

277 2671 429 2730 saepe
450 2652 755 2726 patiuntur,
782 2658 840 2706 et
862 2649 913 2706 si
938 2663 1128 2705 eorum
1150 2647 1303 2705 salus
1341 2648 1478 2705 illud
1503 2649 1708 2721 exigat,
1739 2652 1990 2723 praebent
2015 2671 2076 2712 se
2120 2658 2292 2714 etiam

278 2753 343 2802 ut
371 2743 527 2817 plura
556 2738 859 2814 patiantur.
890 2739 1063 2795 Docet
1106 2751 1237 2808 ergo
1272 2736 1524 2794 medicus
1561 2743 1620 2794 et
1664 2738 1919 2800 dominus
1955 2743 2285 2812 animarum,

277 2841 341 2890 ut
384 2828 641 2904 discipuli
678 2828 765 2886 sui
812 2841 1001 2885 eorum
1036 2839 1272 2900 quorum
1312 2823 1482 2882 saluti
1515 2826 1804 2883 consulere
1847 2829 2060 2899 volunt,
2107 2833 2288 2890 imbe-

274 2920 541 2979 cillitates
567 2931 729 2992 aequo
772 2917 955 2974 animo
1000 2915 1317 2974 tolerarent.
1344 2911 1537 2970 Omnis
1576 2929 1816 2988 namque
1849 2917 2179 2991 improbitas
2221 2938 2287 2979 ex

275 3007 660 3068 imbecillitate
682 3005 851 3064 animi
882 3004 1033 3062 venit
1064 3020 1079 3059 ε
1108 3002 1239 3076 quia
1264 3001 1397 3058 nihil
1427 3002 1773 3061 innocentius
1797 3011 1882 3063 est
1903 3021 1970 3064 eo
1991 3009 2088 3082 qui
2117 3015 2202 3068 est
2231 3011 2286 3066 in

272 3100 486 3157 virtute
511 3095 813 3171 perfectus.
846 3113 877 3148 s
900 3092 1040 3151 Hinc
1062 3097 1147 3150 est
1174 3092 1322 3165 quod
1345 3091 1660 3164 ApostoluS,
1689 3093 1713 3150 1
1739 3093 1985 3152 Corinth.
2017 3112 2080 3154 ιν
2106 3098 2243 3155 dicit
2271 3117 2286 3156 z

272 3185 685 3260 Maudio-imur,
717 3190 769 3240 et
808 3181 1158 3240 benedicimus
1184 3193 1211 3243 .·
1228 3179 1646 3255 persecutionem
1677 3182 1947 3256 patimur,
1975 3192 2028 3242 et
2053 3186 2290 3246 erastino-

270 3293 392 3334 ’κω
416 3291 436 3335 .·
462 3268 908 3350 blasphemamur,
935 3278 990 3330 et
1028 3270 1377 3329 obsecramus.
1406 3271 1686 3328 Tenentur
1715 3272 1882 3330 etiam
1925 3273 2199 3350 Episcopi,
2227 3286 2291 3334 ut

270 3378 377 3439 pro
400 3363 583 3422 salute
610 3377 837 3420 suorum
868 3359 1215 3418 subditorum
1252 3359 1494 3417 animam
1533 3375 1693 3418 suam
1714 3367 1941 3434 ponant.
1968 3363 2116 3419 Dicit
2140 3365 2288 3422 enim

268 3444 787 3520 Dominus,'.loann.
818 3466 861 3508 x
888 3468 903 3507 ε
938 3449 1057 3524 Epo
1077 3463 1195 3507 sum
1212 3455 1405 3522 pastor
1430 3448 1627 3519 ὸοπιιες
1653 3450 1818 3508 bonus
1838 3457 2026 3524 pastor
2049 3452 2288 3509 minium

266 3559 429 3601 suam
457 3541 616 3615 ponit
648 3538 963 3614 pro-ovibus
985 3538 1121 3605 suis,
1148 3536 1297 3612 quod
1338 3553 1617 3610 exponens
1639 3538 1835 3598 beatus
1859 3539 2066 3613 Grego.
2105 3540 2242 3599 dicit
2270 3559 2284 3599 ε

268 3653 299 3687 α
331 3630 611 3698 AudistiS,
640 3629 843 3686 fratres
862 3626 1190 3695 charissimi,
1218 3641 1287 3683 ex
1308 3624 1544 3686 lectione
1566 3627 1896 3700 Evangelica
1923 3629 2286 3688 eruditionem

264 3725 537 3786 vestram,
552 3717 787 3776 audistis
798 3723 855 3774 et
867 3713 1175 3790 periculum·
1185 3718 1451 3782 nostrum,
1462 3733 1489 3768 »
1503 3721 1560 3772 et
1575 3721 1764 3788 postea
1785 3715 1974 3774 subdit
1985 3734 2034 3774 z«
2052 3717 2287 3775 Ostensa

263 3808 433 3867 nobis
461 3814 549 3864 est
585 3804 757 3879 igitur
782 3805 852 3863 de
878 3811 1196 3878 contemptu
1237 3803 1436 3860 mortis
1458 3803 1547 3860 via
1575 3819 1740 3876 quam
1769 3819 2082 3879 sequamur,
2113 3821 2288 3880 appo·

260 3899 381 3956 sita
404 3902 493 3954 est
514 3896 693 3952 forma
716 3895 807 3952 cui
829 3895 1227 3967 imprimamur.
1248 3891 1493 3950 Primum
1516 3890 1670 3948 nobis
1695 3900 1778 3948 est
1799 3894 2070 3953 exteriora
2097 3902 2286 3954 nostra

266 3985 709 4046 misericorditer
732 3983 928 4044 ovibus
948 3986 1070 4059 ejus
1094 3981 1430 4058 impendere.
1460 3981 1800 4038 Postremum
1823 3997 1974 4054 vero,
1995 3985 2042 4042 ei
2062 3999 2287 4044 necesse
