2850 4517
833 332 877 383 ι.
909 354 991 369 -
1016 336 1422 387 commotum
1470 338 1839 389 rnuonoeta
2262 336 2344 394 33

327 460 383 511 et
425 452 623 510 filiatio
663 452 772 509 sint
807 451 934 513 duae
975 469 1224 527 personae
1249 454 1670 516 subsistentes.
1716 459 2113 519 innascibilitas
2154 470 2340 523 autem

325 543 622 615 opponitur
663 542 886 623 quidem
917 542 1186 613 filiationi,
1220 559 1328 601 non
1365 551 1551 603 autem
1590 549 1933 618 paternitati,
1966 552 2109 607 unde
2150 550 2341 628 p‘ater-

323 634 474 691 nitas
519 638 576 688 et
605 631 1004 713 innascibilitas
1045 640 1272 706 possunt
1309 634 1399 690 uni
1443 641 1501 691 et
1537 636 1717 694 eidem
1746 654 1991 711 persouae
2024 644 2337 701 convenire.

323 721 590 780 Similiter
631 719 940 779 communis
978 722 1206 795 spiratio
1269 738 1376 779 non
1421 725 1717 797 opponitur
1762 742 1942 801 neque
1994 732 2335 803 paternitati,

324 828 502 885 neque
545 808 814 875 filiationi,
863 824 966 866 nec
1015 810 1183 867 etiam
1228 810 1663 870 innascibilitati.
1712 815 1868 873 Unde
1910 817 2043 873 nihil
2090 822 2341 893 probibet

323 914 669 959 communem
696 898 1051 971 spirationem
1081 900 1258 957 inesse
1287 906 1343 956 et
1369 916 1617 974 personae
1640 904 1832 975 patris,
1864 912 1920 961 et
1943 922 2189 978 personae
2218 909 2336 967 filii.

322 993 550 1063 Propter
579 988 728 1063 quod
768 988 1071 1048 communis
1097 989 1326 1063 spiratio
1355 1006 1461 1046 non
1488 998 1572 1047 est
1596 1007 1827 1064 persona
1854 993 2160 1053 subsistens
2184 1014 2341 1055 seor-

321 1096 442 1137 sum
471 1095 506 1135 a
535 1093 763 1148 persona
789 1078 964 1150 patris
989 1083 1046 1132 et
1076 1077 1192 1132 filii.
1218 1079 1499 1137 Processio
1537 1084 1721 1141 autom
1750 1084 2149 1155 oppositionem
2193 1086 2341 1144 rela-

323 1171 492 1225 tivam
532 1166 696 1223 habet
739 1166 808 1221 ad
837 1180 1202 1222 communem.
1233 1166 1386 1224 Unde
1415 1184 1541 1224 cum
1572 1170 1749 1225 omnis
1777 1170 2005 1243 spiratio
2048 1176 2339 1233 conveniat

323 1258 463 1331 patri
513 1264 570 1313 et
599 1254 728 1315 filio.
761 1260 977 1326 oportet
999 1254 1148 1333 „quod
1190 1257 1465 1327 processio
1510 1258 1584 1313 sit
1612 1258 1718 1314 alia
1756 1275 1989 1333 persona
2030 1278 2061 1317 a
2106 1279 2339 1335 persona

323 1346 494 1419 patris
527 1353 582 1401 et
613 1342 728 1399 filii.
759 1343 901 1399 Hinc
928 1352 1115 1400 autem
1145 1351 1316 1415 patet.·
1346 1362 1519 1418 quare
1562 1347 1707 1401 Deus
1742 1346 1853 1403 'non
1882 1349 2084 1406 dicitur
2113 1353 2332 1425 quinus,

321 1439 544 1507 propter
562 1429 870 1507 quinarium
895 1448 1184 1492 nnmerum
1214 1433 1516 1500 notionum,
1544 1434 1641 1490 sed
1663 1434 1867 1492 dicitur
1894 1437 2085 1505 trinus,
2116 1446 2337 1514 propter

320 1524 608 1580 trinarium
651 1537 1024 1595 personarum.
1065 1521 1318 1595 Quinque
1347 1524 1493 1579 enim
1524 1523 1777 1579 notiones
1805 1540 1915 1581 non
1942 1535 2070 1583 sunt
2094 1529 2337 1602 quinque

318 1613 678 1669 subsistentes
699 1628 805 1677 res²
831 1610 927 1667 sed
960 1618 1071 1667 tres
1096 1626 1342 1685 personas
1369 1618 1499 1667 sunt
1525 1621 1635 1668 tres
1659 1629 1749 1670 res
1770 1614 2155 1673 subsistentes.
2184 1617 2336 1673 Licet

317 1709 504 1759 autem
554 1702 641 1756 uni
675 1715 921 1773 personae
951 1699 1133 1773 plures
1161 1700 1410 1757 notiones
1440 1707 1536 1757 aut
1582 1703 1944 1776 proprietates
1982 1705 2331 1775 conveniant,

315 1806 424 1847 una
450 1798 638 1847 tamen
673 1790 788 1849 sola
821 1799 904 1845 est
929 1804 1053 1863 quae
1081 1782 1368 1860 personam
1398 1790 1706 1847 constituit.
1730 1792 1855 1849 Non
1883 1794 2027 1851 enim
2058 1795 2143 1853 sic
2170 1810 2336 1851 cons·

315 1880 539 1936 tituitur
568 1892 801 1949 persona
841 1876 1286 1948 proprietatibus»,
1317 1878 1474 1949 quasi
1518 1878 1856 1951 expluribus
1882 1883 2206 1951 constituta,
2237 1884 2335 1940 sed

314 1985 376 2025 eo
399 1966 557 2043 quod
591 1966 893 2039 proprietas
921 1964 1038 2035 ipsa
1082 1963 1314 2037 relativa
1341 1964 1643 2021 subsistens
1667 1982 1900 2037 persona
1940 1976 2045 2024 est.
2083 1970 2139 2025 Si
2171 1971 2336 2041 igitur

314 2056 754 2127 intelligerentur
777 2052 962 2127 plures
986 2051 1369 2125 proprietates,
1397 2058 1461 2107 ut
1486 2067 1732 2110 seorsum
1756 2070 1933 2127 perse
1952 2056 2331 2125 subsistentes,

313 2153 498 2203 essent
521 2144 638 2217 jam
680 2141 860 2215 plures
889 2156 1156 2214 personae,
1203 2145 1258 2196 et
1288 2153 1393 2196 non
1442 2156 1571 2197 una.
1609 2141 1841 2215 Oportet
1878 2143 2049 2217 igitur
2078 2145 2329 2220 intelligi,

313 2233 461 2309 quod
494 2232 730 2305 plurium
775 2228 1189 2303 proprietatum,
1243 2244 1338 2285 seu
1369 2230 1653 2286 notionum
1698 2231 1787 2287 uni
1835 2247 2085 2304 personas
2126 2250 2333 2293 conve-

305 2323 601 2386 nientium,
635 2320 725 2375 illa
752 2334 877 2393 quae
901 2317 1146 2392 procedit
1175 2318 1476 2375 secundum
1504 2320 1753 2379 ordinem
1779 2329 2014 2394 naturae,
2042 2340 2331 2397 personam

311 2410 600 2469 constituit
643 2407 810 2465 :aliae
859 2423 990 2463 vero
1036 2406 1413 2479 intelliguntur
1456 2417 1518 2465 ut
1565 2424 1813 2481 personae
1846 2410 1964 2483 jam
2013 2414 2333 2471 constituta

312 2501 664 2562 inhaerentes.
690 2496 1037 2553 Manifestum
1060 2504 1142 2552 est
1168 2506 1372 2559 autem.
1401 2496 1550 2569 quod
1581 2497 1980 2557 innascibilitas
2008 2516 2117 2568 non
2148 2508 2333 2575 potest

297 2574 434 2647 ‘esse
462 2586 638 2661 prima
663 2586 811 2641 notio
837 2585 1030 2659 patris,
1059 2601 1187 2660 quae
1225 2600 1513 2659 personam
1541 2587 1660 2658 ejus
1682 2587 2005 2653 constituat.
2050 2595 2180 2665 tum'
2199 2592 2332 2663 quia

311 2676 446 2735 nibil
489 2674 779 2747 negatione
813 2674 1186 2740 constituitur,
1241 2680 1358 2729 tum
1386 2674 1519 2748 quia
1555 2675 1881 2732 naturaliter
1903 2676 2199 2735 affirmatio
2227 2694 2331 2736 ne-

311 2766 592 2840 gationem
616 2762 897 2836 praecedit.
925 2762 1238 2818 Communis
1261 2769 1447 2817 autem
1470 2762 1701 2835 spiratio
1720 2762 1912 2820 ordine
1938 2775 2151 2823 naturae
2181 2782 2331 2840 prae-

310 2851 572 2927 supponit
601 2850 989 2925 paternitatem
1016 2856 1072 2905 et
1106 2848 1444 2913 filiationem,
1478 2848 1621 2903 sicut
1662 2851 1939 2920 processio
1967 2855 2171 2907 amoris
2197 2871 2332 2925 pro-

310 2941 618 2998 cessionem
659 2936 845 2994 Verbi.
874 2935 1030 2994 Unde
1055 2950 1154 2992 nec
1195 2933 1501 2990 communis
1525 2933 1755 3005 spiratio
1796 2940 1979 3009 potest
2006 2931 2127 2992 esse
2155 2938 2332 3009 prima

309 3029 462 3085 notio
492 3027 687 3099 patris,
709 3025 806 3082 sed
827 3040 928 3083 nec
952 3023 1068 3080 lilii.
1093 3022 1440 3095 Relinquitur
1456 3036 1587 3093 ergo
1610 3021 1757 3095 quod
1776 3023 1953 3097 prima
1976 3024 2128 3081 notio
2158 3026 2329 3099 patris

309 3115 735 3189 sit-paternitas,
771 3113 866 3168 filii
895 3117 1080 3169 autem
1108 3110 1320 3178 filiatio,
1349 3110 1587 3183 Spiritus
1614 3117 1799 3189 autem
1822 3112 2024 3172 ,Sancti
2051 3113 2168 3175 sola
2196 3129 2327 3188 pro·

308 3204 488 3260 cessio
516 3201 668 3258 notio
697 3207 798 3256 est.
832 3198 1176 3273 Relinquitur
1209 3199 1378 3270 igitur
1404 3199 1551 3272 quod
1580 3206 1693 3256 tres
1727 3202 2138 3261 suntnotiones
2164 3218 2327 3260 cons-

308 3292 578 3348 tituentes
625 3304 902 3361 personas,
945 3286 1156 3343 scilicet
1199 3287 1525 3359 paternitas,
1571 3286 1778 3355 filiatio,
1822 3296 1879 3345 et
1920 3290 2220 3360 processio.
2259 3290 2326 3345 Et

306 3378 409 3436 has
431 3376 657 3452 quidem
697 3377 946 3432 notiones
988 3390 1209 3431 necesse
1232 3383 1318 3431 est
1347 3375 1713 3449 proprietates
1740 3390 1881 3431 esse.
1919 3376 1977 3433 ld
2009 3377 2155 3435 enim
2179 3378 2326 3453 quod

305 3481 603 3543 personam
630 3463 936 3530 constituit,
963 3471 1180 3536 oportet
1206 3462 1309 3520 soli
1332 3464 1408 3519 illi
1438 3477 1689 3538 personae
1712 3464 2022 3527 convenire.
2054 3467 2328 3541 Principia

305 3558 454 3615 enim
488 3554 941 3612 individuationis
981 3568 1087 3608 non
1135 3558 1382 3626 possunt
1405 3553 1649 3623 pluribus
1695 3551 2008 3611 convenire.
2058 3556 2326 3613 Dicuntur

279 3644 478 3719 igitur
509 3643 792 3717 praedictae
822 3650 933 3697 tres
955 3639 1205 3699 notiones
1234 3640 1547 3714 personales
1573 3647 1953 3726 proprietates,
1981 3642 2139 3728 quasi
2162 3658 2327 3699 cons·

306 3734 534 3790 tituent·
533 3747 578 3786 s
617 3738 734 3789 tres
767 3744 1026 3802 personas
1053 3727 1232 3788 modo
1245 3729 1531 3802 praedicto·
1562 3730 1701 3789 Aliae
1742 3745 1869 3787 vero
1912 3712 2168 3800 dipunt'ur
2196 3747 2328 3820 pro·

303 3821 597 3911 prietates,
641 3832 740 3877 seu
765 3818 1014 3876 notiones
1037 3833 1411 3893 personarum,
1459 3834 1564 3875 non
1594 3825 1781 3879 autem
1820 3817 2153 3897 personales,
2194 3822 2329 3897 quia

301 3906 606 3987 personam
634 3923 743 3966 non
763 3908 1124 3966 constituunt.
1195 3964 1200 3970 ,

824 4022 1062 4079 &Tuon-
1099 4026 1182 4080 Aa·
1219 4012 1645 4085 drusum—1,
1666 4018 1785 4075 -8
