2850 4517
331 268 371 323 N

915 348 966 397 1,-
992 360 1086 383 -·
1099 336 1501 400 comessorum
1553 348 1946 397 sacomam.
2064 310 2073 319 '
2135 324 2150 333 ‘
2340 334 2432 397 27,

408 463 562 525 sicut.
583 471 670 522 cst
711 462 1068 525 inomnibus.
1094 462 1541 521 viribus.animae
1578 464 1875 525 sensitivae,
1908 464 2021 523 Est.
2044 466 2206 525 enim:
2226 480 2435 526 sensus·-

409 554 762 627 susceptivus
789 552 1096 626 specierum
1119 551 1250 611 sine
1269 551 1519 619 materia,
1550 557 1613 607 ut
1646 550 2003 625 Philosophus
2028 554 2185 612 dicit.
2212 554 2436 627 Hique·-

411 641 562 703 modi
591 640 967 706 autem‘vires,
988 638 1536 713 licetquodammodo
1555 638 1991 700 immaterialiter
2013 641 2219 701 formas
2236 660 2431 701 rerum.

409 731 734 805 suscipiant,
766 744 875 786 non
907 736 1214 786 tameneas
1243 729 1549 802 suscipiunt
1578 728 1785 803 absque
1816 745 2021 802 organo.
2042 732 2331 807 corporali.
2361 734 2418 790 Si
2485 774 2491 779 -

413 838 522 896 qua
551 821 718 893 igitur
738 820 1013 891 processio
1042 818 1096 873 in
1120 815 1665 889 hujusmodifviribus
1693 819 1892 878 animae
1916 818 2243 889 inveniatur,
2272 820 2434 894 quod.

407 909 661 985 procedit
689 923 796 966 non
833 906 952 963 erit.
977 905 1196 980 aliquod
1230 904 1533 979 corporale,
1560 907 1645 965 vel
1680 908 2041 983 corporaliter
2076 909 2433 977 distinctum..

413 999 499 1056 vel
533 999 888 1070 conjunctum
915 995 963 1052 ei
1013 1012 1046 1054 a
1080 1012 1188 1069 quo
1228 996 1495 1068 procedit,
1528 996 1624 1053 sed
1672 996 2087 1070 incorporaliter
2125 1004 2181 1054 et
2220 999 2420 1057 imma-

413 1086 687 1144 terialiter
737 1084 1179 1163 quodammodo,
1235 1073 1384 1141 licet
1416 1100 1545 1141 non·
1570 1084 1790 1141 omnino
1842 1086 2052 1160 absque.
2090 1088 2422 1155 adminiculo

413 1176 604 1247 organi
646 1173 964 1247 corporalis.
995 1174 1088 1229 Sic
1115 1172 1590 1246 enimprocedunt
1618 1172 2041 1231 inanimalibus
2065 1174 2429 1237 formationes

413 1263 1064 1335 rerumimaginatarum,
1093 1262 1626 1336 quae-quidemsunt
1648 1262 1703 1317 in
1727 1263 2117 1336 imaginatione
2139 1280 2245 1321 non
2274 1265 2425 1321 sicut·

413 1368 610 1427 corpus
633 1352 688 1408 in
715 1340 961 1425 corpore',
994 1351 1089 1407 sed
1131 1349 1369 1424 quodam
1397 1350 1671 1423 spirituali
1701 1351 1882 1409 modo.
1911 1352 2067 1410 Unde
2104 1360 2169 1409 etv
2184 1353 2255 1410 ab
2276 1356 2416 1425 Aug.

415 1442 737 1515 imaginaria
781 1441 919 1497 visio
965 1439 1359 1514 spiritualibus,
1393 1440 1728 1498 nominatur.
1780 1441 1835 1499 Si
1892 1450 2077 1499 autem
2116 1442 2431 1513 secundum.

413 1528 1234 1607 operationem‚imaginationis
1268 1528 1514 1602 procedit
1552 1528 1892 1603 aliquidnon
1924 1546 2021 1603 per
2046 1530 2267 1588 modum
2286 1546 2431 1588 cor--

413 1620 674 1695 poi-alem,
701 1618 874 1676 mullo
895 1618 1091 1675 fortius
1118 1617 1222 1674 hoc
1245 1618 1463 1676 accidet
1485 1634 1580 1693 per
1603 1619 1977 1691 operationem
1998 1620 2171 1693 partis
2198 1619 2435 1679 intelle--

411 1710 594 1777 ctivae,
627 1724 751 1782 quae
776 1724 878 1766 nec
899 1708 1067 1783 etiam
1094 1708 1272 1763 insui
1301 1707 1618 1780 operatione
1634 1706 1860 1780 *indiget
1885 1722 2090 1781 organo
2123 1709 2415 1783 corporali,

411 1798 506 1855 sed
539 1798 758 1855 omnino
783 1799 902 1870 ejus
928 1796 1173 1870 operatio
1202 1796 1581 1854 immaterialis
1606 1802 1710 1853 est.
1736 1796 1989 1855 Procedit
2016 1797 2163 1855 enim
2190 1798 2433 1856 verbum.

413 1885 712 1946 secundum
752 1884 1124 1957 operationem
1152 1884 1483 1953 intellectus,
1514 1892 1577 1942 ut
1619 1886 1674 1944 in
1712 1887 1831 1959 ipso
1859 1886 2142 1945 intellectu
2183 1886 2419 1945 dicentis

415 1975 679 2051 existens,
707 1988 817 2031 non
840 1976 996 2047 quasi
1021 1974 1268 2032 localiter
1289 1974 1346 2029 in
1374 1988 1440 2029 eo
1468 1981 1805 2042 contentum,
1840 1990 1941 2031 nec
1964 1975 2320 2049 corporaliter
2348 1974 2421 2033 ab

412 2078 480 2123 eo
519 2069 856 2137 separatum,
886 2062 984 2119 sed
1023 2064 1078 2119 in
1117 2064 1236 2137 ipso
1283 2061 1507 2135 quidem
1544 2062 1786 2119 existens
1826 2061 2124 2119 secundum
2170 2062 2417 2142 ordinem

411 2152 638 2225 originis
670 2170 683 2207 :
715 2161 771 2209 et
805 2152 1012 2227 eadem·
1039 2152 1180 2209 ratio
1216 2158 1301 2208 est
1332 2150 1400 2207 de
1440 2150 1785 2225 processione
1823 2166 1949 2224 quae
1982 2149 2435 2211 attenditu·r·se··

410 2241 650 2298 cundum
672 2241 1045 2314 operationem
1065 2240 1382 2311 voluntatis,
1405 2248 1567 2314 prout
1584 2255 1673 2297 res
1693 2247 1877 2297 amata
1899 2240 2087 2297 existit
2105 2242 2159 2297 in
2176 2250 2416 2312 amante,

413 2340 472 2389 ut
500 2346 666 2405 supra
695 2329 903 2387 dictum
937 2338 1042 2385 est.
1077 2329 1231 2386 Licet
1253 2335 1440 2385 autem
1469 2330 1615 2386 vires
1652 2330 2004 2387 intellectivae
2046 2337 2102 2386 et
2132 2332 2411 2391 sensitivae

410 2420 713 2478 secundum
737 2421 1016 2494 propriam
1042 2420 1311 2475 rationem
1339 2420 1449 2475 sint
1476 2418 1767 2475 nobiliores
1796 2420 2003 2476 viribus
2024 2420 2221 2479 animas
2250 2438 2417 2493 vege-

411 2510 615 2577 tabilis,
647 2525 756 2566 non
783 2517 966 2572 tamen
992 2509 1044 2563 in
1069 2508 1397 2576 hominibus,
1417 2508 1591 2565 autin
1619 2507 1741 2567 aliis
1764 2507 2091 2567 animalibus
2116 2510 2417 2569 secundum

411 2600 816 2674 processionem
849 2597 1223 2669 imaginativae
1260 2598 1450 2671 partis,
1479 2603 1575 2654 aut
1602 2597 1881 2654 sensitivae
1912 2596 2163 2670 procedit
2206 2596 2415 2671 aliquid

412 2688 716 2745 subsistens
741 2687 797 2742 in
835 2692 1032 2745 natura
1059 2686 1261 2758 speciei
1303 2684 1569 2757 ejusdem,
1606 2685 1700 2742 sed
1730 2685 1835 2742 ho'c
1868 2685 2045 2743 solum
2088 2679 2290 2743 accidit
2320 2702 2418 2759 per

414 2776 817 2849 processionem
841 2790 966 2849 quae
990 2774 1059 2830 fit.
1081 2774 1379 2831 secundum
1416 2775 1803 2848 operationem·
1823 2775 2021 2832 animae
2050 2774 2371 2847 vegetabilis
2400 2792 2415 2831 ι

413 2874 470 2923 et
493 2865 598 2925 hoc
624 2865 746 2922 ideo
771 2874 872 2934 est,
905 2865 1036 2938 quia
1067 2865 1122 2921 in
1149 2864 1402 2921 omnibus
1428 2863 1747 2937 compositis
1780 2880 1845 2919 ex
1876 2866 2107 2921 materia
2136 2871 2193 2920 et
2218 2864 2414 2932 forma,

346 2964 354 2973 ‘
411 2955 799 3029 multiplicatio
828 2953 1234 3011 individuorum
1257 2952 1312 3008 in
1341 2952 1535 3009 eadem
1558 2951 1739 3024 specie
1765 2949 1825 3007 fit
1844 2950 2142 3007 secundum
2172 2954 2418 3011 materiae

411 3041 756 3104 divisionem,
782 3043 936 3102 Unde
965 3044 1023 3099 in
1049 3042 1378 3110 hominibus,
1399 3051 1456 3098 et
1483 3040 1608 3097 aliis
1629 3038 1975 3108 animalibuS,
1998 3055 2125 3097 cum
2148 3056 2215 3096 ex
2243 3040 2417 3099 forma

413 3141 483 3192 et:
521 3135 756 3192 materia
799 3140 1160 3207 componatur
1201 3131 1517 3190 secundum-
1542 3130 1880 3204 corporalem
1924 3130 2261 3203 divisionem·
2294 3146 2436 3204 quae²

412 3224 690 3282 invenitur
711 3222 1010 3301 secundum
1037 3222 1458 3295 processionem,
1478 3236 1603 3294 quae
1616 3219 2419 3293 estsecundumoperationem

413 3314 611 3371 animae
634 3302 982 3383 vegetabilis,
1008 3318 1063 3367 et
1091 3325 1198 3367 non
1227 3308 1282 3365 in
1312 3308 1436 3366 aliis
1459 3308 2115 3385 operationibusanimae,
2151 3310 2422 3383 multipli-

410 3410 605 3459 cantur
632 3399 916 3459 individua
940 3400 1238 3457 secundum
1261 3399 1511 3455 eamdem
1534 3399 1864 3472 speciem.1n
1896 3398 2059 3454 rebus
2083 3408 2269 3455 autem
2292 3414 2437 3473 quae.

412 3506 518 3549 non
547 3497 676 3549 sunt
705 3506 772 3546 ex
805 3490 1034 3546 materia
1059 3495 1114 3545 et
1141 3487 1315 3545 forma
1338 3489 1677 3561 compositae,
1712 3504 1814 3544 non
1842 3495 2019 3558 potest
2051 3487 2281 3545 inveniri
2314 3488 2419 3543 nisi

411 3580 694 3638 distinctio
729 3578 994 3635 formalis
1015 3583 1249 3635 tantum.
1280 3576 1386 3634 Sed
1415 3576 1463 3633 si
1490 3576 1665 3633 forma
1700 3575 1997 3633 secundum
2026 3593 2205 3650 quam·
2234 3584 2420 3633 atten-

413 3670 562 3727 ditur
583 3668 888 3734 distincti0,
929 3668 1002 3723 sit
1037 3666 1346 3725 substantia
1373 3665 1472 3731 rei,
1504 3672 1721 3740 oportet
1748 3665 1893 3738 quod
1916 3664 2009 3721 illa
2036 3664 2325 3721 distinctio.
2343 3666 2435 3720 sit.

412 3775 595 3817 rerum
618 3742 1036 3815 subsistentium
1058 3755 1441 3830 quarumdam,
1460 3770 1565 3811 non
1591 3761 1777 3811 autem
1804 3753 1865 3810 si.
1884 3751 2073 3812 forma.
2092 3752 2181 3825 ill-a
2212 3767 2318 3809 non
2346 3755 2437 3811 sit.

414 3849 492 3904 rei
515 3847 784 3921 subjecta.
817 3846 915 3903 Est
951 3845 1120 3919 igitur
1152 3845 1529 3903 communem
1556 3845 1705 3902 omni
1742 3844 2131 3917 intellectu‚3ut
2164 3842 2417 3900 ex.dictis

414 3941 588 4009 patet,
621 3934 767 4008 quod
804 3941 1024 4007 oportet
1059 3932 1116 3990 id
1152 3933 1318 4013 ‘qu-odf
1341 3934 1400 3991 in
1428 3932 2067 4006 intellectufconcipitur,
2110 3931 2253 3989 sicut
2280 3946 2441 3988 con-.
2503 3950 2507 3955 ·
