2850 4517
815 331 864 386 ι.
892 347 975 366 -
999 332 1403 407 somnumve(
1456 335 1817 382 mammem
2242 325 2329 390 '75

313 441 524 514 tingere
561 445 760 514 potest.
782 442 842 500 In
887 443 1113 516 Angelis
1154 445 1300 502 enim
1343 461 1559 519 semper
1606 449 1781 505 virtus
1822 450 2087 508 naturalis
2131 459 2321 510 manet

313 536 506 603 potens
546 531 617 588 ad
653 546 782 588 suas
827 533 1176 606 operationes
1221 535 1577 594 exercendas,
1607 536 1870 596 Similiter
1896 549 2078 598 motus
2118 558 2315 616 corpo·

313 635 429 676 rum
457 618 766 677 coelestium
786 625 1086 695 numquam
1106 625 1416 680 exorbitare
1446 625 1819 682 invenitur.1n
1844 629 2159 702 corporibus
2188 635 2321 690 ve'ro

313 706 660 766 inferioribus
685 708 842 766 multi
865 709 1475 770 defectusnaturalium
1500 715 1780 772 actionum
1806 718 2129 790 contingunt
2153 737 2323 794 prop-

315 803 394 853 ter
417 799 801 871 corruptiones
828 812 883 856 et
919 799 1212 858 defectus
1197 818 1252 858 in
1282 804 1497 874 naturis
1536 819 1726 872 eorum
1756 805 2087 863 accidentes,
2113 808 2194 863 Ex
2219 809 2322 866 de-

312 885 462 943 fectu
479 887 630 942 enim
660 887 890 960 alicujus
916 871 1184 946 naturalis
1213 891 1469 964 principii
1506 892 1776 964 contingit
1805 893 2113 967 plantarum
2156 899 2323 953 steri-

312 975 450 1044 litaS,
482 978 946 1036 monstruositas
930 995 985 1036 in
1011 979 1366 1052 generatione
1407 980 1746 1050 animalium,
1775 988 1832 1038 et
1860 982 1985 1040 aliae
2010 984 2321 1056 hujusmodi

312 1064 763 1123 inordinationes,

1016 1241 1300 1310 CAPUT
1367 1243 1607 1320 CXIII.

363 1381 458 1454 ,De
477 1381 721 1463 duplici
741 1383 1048 1466 principio
1077 1386 1358 1462 aetionis,
1385 1386 1777 1467 ecquomodo,
1810 1391 1923 1450 aut
1948 1387 2016 1450 in
2038 1385 2256 1468 quibus

971 1479 1175 1554 potest
1200 1475 1467 1554 defectus
1491 1493 1633 1540 esso.

373 1604 512 1660 Sunt
538 1611 725 1661 autem
749 1606 1002 1679 quaedam
1029 1608 1295 1678 actiones,
1327 1624 1562 1682 quarum
1602 1607 1929 1681 principium
1952 1623 2059 1664 non
2094 1614 2179 1664 est
2214 1623 2322 1664 na-

309 1698 446 1759 tura,
479 1694 583 1750 sed
619 1694 893 1763 voluntaS,
923 1697 1086 1768 cujus
1114 1695 1393 1768 objectum
1439 1691 1524 1754 est'
1562 1697 1784 1764 bonum,
1829 1704 1889 1752 et
1926 1697 2051 1753 finis
2096 1697 2318 1770 quidem

309 1781 704 1854 principaliter,
736 1783 1063 1854 secundario
1108 1790 1294 1842 autem
1323 1786 1470 1858 quod
1500 1792 1583 1842 est
1611 1786 1686 1846 ad,
1724 1787 1906 1844 finem.
1933 1786 2023 1844 Sic
2064 1787 2233 1858 igitur
2260 1802 2321 1842 se

306 1869 469 1926 habet
494 1870 746 1942 operatio
772 1871 1081 1928 voluntaria
1103 1871 1173 1928 ab
1195 1872 1417 1943 bonum,
1450 1874 1593 1930 sicut
1620 1889 1679 1929 se
1696 1873 1863 1929 habet
1889 1872 2157 1930 naturalis
2185 1889 2319 1947 ope-

306 1962 450 2016 ratio
482 1958 556 2016 ad
586 1957 817 2015 formam
845 1975 943 2032 per
967 1974 1135 2032 quam
1165 1975 1253 2015 res
1281 1961 1415 2031 agit..
1446 1962 1598 2026 Sicut
1620 1960 1791 2031 igitur
1812 1961 2061 2017 defectus
2092 1969 2323 2017 natura-

308 2050 436 2106 lium
461 2048 750 2107 actionum
785 2047 1036 2114 accidere
1083 2063 1191 2105 non
1232 2053 1412 2120 potest
1460 2049 1516 2104 in
1558 2047 1685 2114 illis,
1720 2062 1845 2120 quae
1886 2063 1998 2105 non
2036 2049 2323 2120 patiuntur

311 2139 585 2196 defectum
607 2137 909 2194 secundum
937 2151 1070 2204 suas
1087 2136 1310 2205 formas,
1329 2138 1425 2194 sed
1451 2135 1627 2193 solum
1656 2136 2162 2210 incorruptibilibus
2180 2152 2321 2210 quo-

312 2244 425 2284 rum
468 2228 666 2287 sormae
716 2226 950 2283 deficere
978 2235 1254 2300 possunt:
1291 2227 1371 2285 ita
1418 2225 1744 2283 voluntariae
1794 2226 2043 2292 actiones
2084 2225 2321 2283 delicere

315 2322 533 2387 possunt
563 2315 621 2370 in
651 2313 777 2382 illie,
811 2314 865 2369 in
895 2314 1094 2388 quibus
1118 2313 1374 2384 voluntas
1401 2319 1583 2387 potest
1610 2329 1643 2372 a
1673 2313 1781 2370 fine
1814 2313 2071 2373 deficere.
2101 2314 2192 2376 Sic
2224 2315 2317 2370 ubi

224 2442 231 2448 -
315 2411 488 2464 autem
514 2419 626 2460 non
663 2409 842 2476 potest
879 2400 1134 2460 voluntas
1159 2417 1192 2458 a
1228 2403 1336 2468 fine
1364 2402 1619 2469 deficere,
1653 2401 2003 2473 manifestum
2040 2411 2146 2470 est,
2173 2403 2318 2475 quod

316 2491 382 2547 ibi
407 2493 660 2550 defectus
684 2491 1010 2550 voluntariae
1038 2491 1272 2556 actionis
1311 2506 1432 2548 esse
1460 2508 1565 2549 non
1594 2498 1797 2564 potest.
1830 2477 2095 2548 Voluntas
2133 2498 2317 2547 autem

319 2579 540 2647 deiicere
561 2597 672 2646 non
701 2585 881 2654 potest
896 2587 1149 2655 respectu
1179 2580 1326 2649 boni,
1349 2581 1495 2655 quod
1520 2587 1607 2638 est
1632 2581 1807 2654 ipsius
1833 2580 2071 2639 volentis
2099 2586 2316 2636 natura.

319 2667 584 2739 Quaelibet
613 2669 759 2726 enim
785 2685 874 2726 res
902 2685 1003 2726 suo
1037 2670 1201 2727 modo
1229 2670 1442 2742 appetit
1469 2684 1629 2725 suum
1659 2684 1779 2724 esse
1820 2668 2140 2742 perfectum,
2174 2670 2319 2740 quod

319 2767 394 2824 est
426 2759 634 2816 bonum
677 2758 1151 2830 uniuscujusque:
1177 2763 1431 2829 respectu
1453 2756 1582 2812 boni
1607 2771 1739 2813 vero
1761 2758 2051 2822 exterioris
2082 2757 2317 2812 deficere

311 2851 486 2920 'potest
530 2850 676 2906 bono
716 2849 820 2905 sibi
855 2844 1199 2904 connaturali
1249 2849 1531 2900 contenta.
1562 2843 1744 2914 Cujus
1765 2843 1930 2913 igitur
1957 2844 2191 2900 volentis
2216 2859 2323 2900 na-

281 2947 290 2956 ·
321 2944 431 2997 tura
459 2937 798 3014 est-ultimus
827 2937 950 2993 [inis
980 2933 1280 2993 voluntatis
1307 2930 1499 3004 ipsiuS,
1518 2929 1575 2986 in
1596 2923 1701 2998 hoc
1726 2928 1974 2996 desectus
1999 2929 2321 2995 voluntariae

283 3811 444 3932 ,ΙΨ

322 3027 546 3086 actionis
590 3028 907 3100 contingere
943 3041 1048 3082 nou
1078 3028 1292 3097 potest:
1324 3019 1433 3078 boc
1470 3027 1657 3090 autern
1697 3017 1867 3088 solius
1901 3019 1998 3074 Dei
2044 3026 2149 3080 est.
2178 3018 2319 3075 Nam

323 3116 429 3194 ejus
448 3116 690 3186 bonitaS,
711 3131 836 3190 quae
860 3123 943 3172 est
971 3113 1198 3170 ultimus
1219 3111 1342 3168 finis
1367 3114 1671 3182 rerum,est
1698 3123 1797 3166 sua
1824 3116 2043 3166 natura.
2072 3107 2317 3170 Aliorum

325 3212 494 3264 autem
530 3205 834 3264 volentium
861 3209 1059 3262 natura
1103 3217 1211 3260 non
1245 3210 1330 3258 est
1358 3201 1588 3258 ultimus
1612 3198 1736 3254 finis
1761 3198 2059 3259 voluntatis
2087 3212 2275 3257 eorum
2301 3214 2316 3257 ε

325 3295 454 3372 unde
491 3300 676 3368 potest
712 3295 770 3352 in
813 3295 895 3350 eis
934 3293 1182 3352 defectus
1222 3291 1547 3351 voluntariae
1592 3287 1825 3350 actionis
1864 3288 2181 3360 contingere
2222 3303 2319 3360 per

325 3381 435 3454 hoc,
461 3385 611 3459 quod
661 3384 915 3442 voluntas
961 3381 1351 3440 τεωιιιιοιθιιιι
1392 3381 1449 3439 in
1478 3377 1694 3454 proprio
1729 3376 1873 3436 bono
1901 3392 2011 3442 non
2045 3375 2319 3438 tendendo

325 3471 544 3532 ulterius
587 3475 642 3536 in
675 3489 949 3547 summum
977 3473 1198 3542 bonum,
1231 3445 1376 3545 quod
1423 3474 1510 3525 est
1538 3467 1763 3527 ultimus
1803 3466 1948 3532 finis.
1963 3467 2026 3528 In
2067 3465 2339 3523 omnihus.

326 3558 480 3632 igitur
515 3563 841 3638 substantiis
877 3559 1338 3621 intellectualibus
1375 3557 1579 3627 creatis
1618 3561 1799 3644 potest
1834 3553 2103 3668 defectus
2118 3552 2319 3616 velun-

329 3652 471 3710 tariae
499 3652 735 3712 actionis
761 3652 1098 3724 contingere
2328 3665 2335 3673 ·

1439 3822 1452 3850 'r
