2850 4517
779 362 846 407 x.
871 379 951 394 —
979 363 1220 408 commi
1261 363 1545 408 annonas
1586 365 1947 409 GRAEoonuu
2248 349 2368 409 493

361 479 413 535 11
436 479 560 535 Cor.
593 494 614 534 1
646 494 660 533 ε
685 497 710 531 α
739 478 907 535 Unxit
937 493 1038 534 nos
1065 479 1232 546 Deus,
1261 485 1316 535 et
1340 479 1581 551 signavit
1603 495 1724 548 noe,
1753 485 1809 538 et
1850 479 2005 536 dedit
2026 473 2225 555 pignus
2246 480 2368 555 spi-

361 567 502 624 ritus
524 566 578 623 in
597 566 856 624 cordibus
887 566 1108 624 nostris.
1139 587 1166 620 n
1194 568 1349 637 Quod
1397 569 1622 642 quidem
1646 570 1715 626 de
1748 569 1911 626 Patre
1943 575 2000 625 et
2038 569 2176 626 Filio
2200 569 2370 627 intel·-

362 657 456 728 ligi
502 663 736 724 oportet,
781 671 916 713 cum·
941 663 1175 730 uterque
1216 658 1482 730 Spiritum
1524 664 1779 714 sanctum
1825 658 1941 728 det,
1977 662 2039 714 ut
2085 665 2368 715 ostensum

360 753 465 812 est,
512 751 570 800 et
619 745 688 801 ud
733 745 933 818 Ephes.
983 761 1027 812 1,
1070 747 1138 801 ⁴3
1188 761 1202 801 ε
1239 746 1308 802 In
1349 762 1474 818 quo,
1528 745 1744 803 scilicet
1783 744 2021 814 Christo,
2075 747 2362 814 credentes,

359 834 566 907 siqnuti
592 833 716 890 estis
738 833 950 908 Spiritu
968 833 1345 908 promissionis
1366 841 1570 903 sancto,
1589 836 1685 909 qui
1710 842 1789 894 est
1810 834 2007 909 pignus
2034 822 2369 894 hisi-edituus

359 931 581 982 nostroe.

502 1123 658 1188 Item
678 1123 840 1205 quod
861 1123 1142 1204 Spiritus
1167 1126 1416 1186 sanctus
1442 1127 1530 1187 esc
1555 1140 1595 1187 a
1620 1121 1815 1188 Patre
1821 1141 1939 1205 per
1962 1123 2224 1188 Filium.

431 1279 690 1343 Truditur
719 1285 887 1341 etiam
912 1300 944 1340 a
975 1282 1254 1357 praedictis
1275 1283 1598 1340 Graecorum
1630 1283 1976 1352 Ductoribus,
2002 1283 2149 1358 quod
2190 1281 2371 1356 Spiri-

361 1381 454 1430 tus
473 1381 695 1430 sanctus
718 1380 804 1430 est
831 1390 864 1430 a
893 1375 1052 1430 Patre
1073 1389 1169 1447 per
1192 1371 1410 1428 Filium.
1440 1371 1588 1428 Dicit
1626 1372 1771 1429 enim
1814 1372 1982 1447 Cyril.
2009 1373 2065 1429 in
2095 1371 2190 1429 lib.
2217 1371 2369 1428 The-

361 1479 648 1519 saurorum
677 1480 690 1519 z
722 1483 749 1516 α
782 1463 928 1519 Deus
945 1464 1103 1521 Pater
1132 1479 1228 1536 per
1248 1478 1471 1519 manum
1499 1477 1656 1519 suam
1685 1463 1981 1536 propriam,
2008 1461 2066 1518 id
2104 1467 2189 1517 est
2212 1475 2370 1518 suam

361 1553 688 1626 sapientiam
711 1561 767 1610 et
792 1554 1117 1626 potentiam,
1149 1560 1349 1609 cuncta
1375 1552 1634 1625 produxit
1662 1555 1717 1607 in
1746 1567 1866 1608 esse
1891 1551 1945 1606 in
1977 1565 2084 1607 uno
2107 1566 2207 1607 suo
2231 1564 2363 1606 vero

359 1649 418 1698 et
459 1641 678 1698 vivifico
725 1649 892 1714 atque
928 1640 1126 1696 deifico
1163 1639 1511 1696 coessentiali
1562 1640 1664 1694 sibi
1714 1641 1934 1711 spiritu,
1976 1654 2139 1712 quem
2188 1638 2259 1694 de
2308 1653 2371 1694 se

359 1729 728 1787 essentialiter
765 1745 861 1801 per
901 1728 1154 1785 eumdem
1199 1724 1400 1783 Filium
1447 1727 1771 1783 naturaliter
1812 1737 2147 1784 coaetornum
2188 1727 2375 1800 spira-

357 1820 443 1876 vit
467 1835 530 1888 »3
563 1825 620 1874 et
654 1815 820 1873 Basil.
849 1816 984 1873 dicit
1016 1833 1030 1871 ι
1061 1836 1087 1868 α
1113 1817 1240 1873 Non
1263 1822 1347 1871 est
1379 1814 1549 1870 Filius
1573 1813 1978 1892 FiliiSpirituS,
2010 1817 2143 1888 quia
2181 1822 2266 1871 est
2304 1831 2372 1872 ex

356 1909 498 1974 Deo,
525 1905 736 1963 scilicet
761 1906 920 1961 Patre
945 1921 1043 1977 per
1070 1904 1269 1960 Filium
1301 1925 1348 1971 n,
1377 1912 1434 1961 et
1463 1902 1610 1960 idem
1632 1902 1769 1959 dicit
1786 1910 1979 1961 contra
2002 1904 2366 1960 Eunomium:

362 2017 391 2050 α
422 1996 479 2052 Si
503 2011 571 2050 ex
597 1993 765 2052 verbo
795 2000 890 2050 tuo
913 1994 964 2067 (o
990 1994 1087 2067 qui
1111 1994 1412 2050 inimicaris
1444 1993 1689 2064 veritati)
1721 2008 1789 2048 ex
1818 1993 2038 2066 proprio
2087 1991 2371 2050 intellectu

359 2091 460 2142 tuo
483 2084 737 2157 spiritum
765 2083 1042 2157 produciS,
1072 2099 1254 2140 aerem
1277 2099 1375 2156 per
1415 2081 1647 2140 verbum
1689 2081 2005 2148 verberans,
2036 2081 2179 2137 unde
2221 2081 2373 2152 eius-

361 2175 490 2232 dem
514 2173 766 2230 essentiae
792 2172 1054 2245 Spiritum
1085 2180 1338 2230 sanctum
1367 2186 1400 2228 a
1430 2172 1590 2227 Putre
1634 2187 1729 2244 per
1763 2169 1992 2227 verbum
2031 2169 2373 2242 unigenitum

362 2262 587 2319 dubitas
611 2261 940 2335 provenire?
973 2281 1000 2314 n
1027 2267 1084 2317 et
1114 2260 1255 2317 infra
1283 2277 1297 2315 ε
1333 2281 1360 2314 α
1388 2261 1470 2316 Ex
1500 2260 1661 2316 Patre
1687 2275 1747 2316 se
1782 2259 1960 2332 ipsum
1998 2257 2166 2314 Filius
2190 2257 2374 2313 nomi-

360 2357 462 2408 nat
488 2350 746 2418 Verbum,
765 2360 821 2408 et
845 2367 912 2406 ex
936 2352 1099 2407 Patre
1123 2366 1219 2424 per
1244 2365 1303 2406 se
1328 2348 1569 2407 Verbum
1592 2348 1855 2422 Spiritum
1884 2347 2040 2404 nobis
2068 2346 2373 2404 indubitan-

364 2446 452 2496 ter
489 2440 800 2498 affirmavit.
837 2459 864 2493 n
908 2440 988 2497 Ex
1032 2441 1137 2498 hoc
1180 2445 1366 2498 autem
1402 2439 1710 2511 ostenditur
1745 2439 1815 2496 de
1848 2437 2195 2505 necessitate,
2225 2434 2374 2510 quod

362 2529 600 2602 Spiritus
640 2538 865 2587 sanctus
908 2530 982 2605 sit
1027 2545 1061 2587 a
1108 2530 1264 2586 Filio.
1296 2531 1518 2586 Dictum
1557 2536 1663 2586 est-
1679 2528 2032 2600 enimsupra
2064 2525 2211 2601 quod
2248 2539 2376 2580 cum

363 2617 568 2675 dicitur
597 2615 797 2688 aliquis
844 2633 939 2689 per
976 2617 1184 2690 aliquid
1225 2619 1463 2690 operari,
1496 2622 1713 2690 oportet
1751 2615 1897 2689 quod
1936 2617 2009 2671 sit
2045 2613 2373 2688 principium

365 2701 630 2776 operandi
663 2701 768 2774 ipsi
805 2703 1075 2775 operanti,
1106 2703 1193 2759 vel
1234 2703 1433 2760 saltem
1470 2704 1544 2761 sit
1573 2703 1899 2776 principium
1936 2704 2272 2775 operationis
2308 2719 2375 2759 ex

365 2799 526 2866 parte
553 2791 671 2862 ejus
695 2790 763 2846 ad
793 2790 940 2863 quod
972 2789 1294 2846 terminatur
1321 2791 1590 2864 operatio·
1621 2790 1791 2846 Filius
1828 2794 2013 2847 autem
2058 2805 2164 2846 non
2193 2795 2378 2864 potest

367 2896 491 2937 esse
520 2879 850 2952 principium
874 2879 1118 2952 spirandi
1148 2880 1317 2946 Patri,
1349 2879 1496 2934 unde
1533 2877 1581 2935 si
1620 2880 1782 2935 Pater
1824 2895 1921 2952 per
1962 2878 2158 2934 Filium
2198 2879 2377 2950 Spiri-

369 2975 489 3025 tum
513 2977 764 3038 sanctum
787 2969 980 3041 spirat,
1009 2968 1078 3044 de
1102 2967 1433 3024 necessitate
1458 2966 1728 3040 sequitur,
1755 2968 1902 3042 quod
1926 2966 2097 3024 Filius
2119 2967 2193 3022 sit
2221 2967 2378 3040 prin-

369 3057 576 3131 cipium
614 3057 852 3130 Spiritus
889 3056 1084 3114 sancti.
1119 3055 1270 3112 Idem
1301 3063 1490 3113 autem
1529 3055 1764 3112 habetur
1804 3072 1872 3112 ex
1895 3072 1977 3113 0eo
2022 3055 2167 3128 quod
2205 3055 2373 3128 Greg.

369 3149 653 3221 Nyssenus
675 3147 810 3203 dicit
843 3164 856 3201 ι
891 3167 916 3200 α
944 3146 1206 3218 Spiritum
1231 3152 1485 3204 sanctum
1512 3161 1578 3202 ex
1602 3147 1765 3203 Patre
1792 3160 1911 3202 esse
1940 3145 2215 3200 mediante
2238 3144 2378 3200 Filio

371 3241 642 3292 tenemus.
661 3255 688 3288 n
709 3237 800 3292 Sic
819 3237 964 3292 enim
983 3236 1184 3292 dicitur
1202 3235 1441 3309 Spiritus
1463 3244 1689 3292 sanctus
1712 3251 1831 3291 esse
1859 3251 1891 3292 a
1911 3237 2073 3292 Patre
2101 3233 2377 3290 mediante

371 3326 530 3392 Filio,
555 3326 699 3382 sicut
740 3335 796 3382 et
837 3341 869 3381 a
899 3326 1062 3382 Patre
1099 3327 1216 3398 per'
1241 3324 1440 3381 Filium
1477 3326 1531 3382 in
1571 3331 1841 3398 quantum
1867 3325 2029 3382 Pater
2056 3333 2141 3382 est
2170 3322 2379 3397 priuci-

372 3415 524 3488 pium
545 3413 690 3484 Filii,
717 3421 775 3471 et
795 3413 964 3473 Filius
985 3413 1315 3488 principium
1337 3414 1575 3488 Spiritus
1596 3413 1795 3471 sancti.

799 3611 977 3689 Quod
1001 3611 1280 3692 Spiritus
1309 3619 1559 3678 sanetus
1583 3612 1671 3678 sit
1691 3631 1731 3678 a
1755 3611 1949 3678 Filio.

445 3771 551 3830 Sed
567 3771 686 3848 jam
710 3771 974 3831 accedere
997 3778 1213 3847 oportet
1243 3773 1311 3830 sd
1347 3774 1657 3847 ponendum
1687 3773 2045 3831 auctoritates
2080 3773 2379 3830 Doctorum

376 3861 717 3930 Graecorum,
745 3875 813 3920 ex
835 3861 1036 3946 quibus
1061 3861 1292 3918 habetur
1321 3877 1595 3935 expresse,
1626 3863 1773 3936 quod
1794 3864 2035 3937 Spiritus
2056 3869 2279 3921 sanctus
2307 3863 2380 3920 sit

376 3965 410 4009 a
432 3951 588 4009 Filio.
615 3952 766 4010 Dicit
783 3953 930 4010 enim
955 3951 1222 4010 Athenas,
1252 3952 1311 4008 in
1337 3951 1502 4026 epist.
1536 3951 1606 4010 sd
1642 3953 1997 4028 Serapionem
2027 3969 2044 4011 t
2074 3973 2101 4010 ιι
2130 3951 2381 4012 Christus
