2850 4517
503 376 592 421 IV.
619 390 699 403 --·
726 374 803 416 ΒΕ
847 374 1263 416 ΡΕΒΡΕΟΤΙΟΝΕ
1309 374 1472 416 vtTAE
1524 338 1900 420 spttzt‘ruams
2087 362 2203 421 357

195 496 314 566 ipso
348 490 495 565 quod
537 487 816 545 saecularis
856 489 1141 544 ordinatur
1176 486 1231 543 in
1260 488 1620 557 sacerdotem,
1655 490 1884 563 suscipit
1921 492 2206 549 executio-

194 596 319 636 nem
359 578 614 646 clavium,
658 578 753 633 sed
796 593 863 631 ex
906 576 1009 632 hoc
1048 576 1193 649 quod
1224 575 1423 652 aliquis
1471 577 1701 649 suscipit
1723 590 1936 635 curam.
1978 582 2032 637 Si
2078 597 2205 637 vero

193 669 483 747 intendunt
508 665 653 739 quod
680 682 746 721 ex
768 665 871 721 hoc
900 665 1017 737 ipso
1044 664 1191 738 quod
1220 670 1303 721 est
1328 664 1633 736 religiosuS‚
1665 682 1771 721 non
1799 671 1974 739 possit
2003 669 2205 727 habere
2271 732 2279 739 ‚

192 758 571 816 executionem
608 755 865 821 clavium,
913 750 1197 810 manifeste
1241 753 1438 810 salsum
1475 761 1577 822 est,
1625 765 1680 811 et
1721 766 1912 813 contra
1955 758 2010 813 id
2054 759 2201 832 quod

191 848 417 915 dicitur,
443 848 528 911 46,
558 843 811 917 quaestiO.
835 844 857 897 l
892 860 904 897 :
932 862 957 894 (ι
978 844 1116 899 Sunt
1136 842 1377 898 nonnulli
1403 842 1552 897 nullo
1577 842 1830 914 dogmate
1855 844 1998 913 fulti,
2027 847 2203 903 auda-

190 938 415 995 cissimo
440 934 661 1008 quidem
699 932 814 988 zelo
838 932 1013 1005 magis
1042 932 1423 989 amaritudinis
1453 947 1620 1004 quam
1643 932 1954 991 dilectionis
1982 936 2204 993 inflam-
2237 928 2242 932 ⁴

194 1025 350 1096 mati,
400 1031 705 1081 asserentes
751 1020 1064 1088 monachoS,
1110 1021 1241 1093 quia
1284 1020 1488 1076 mundo
1533 1022 1733 1077 mortui
1781 1030 1927 1091 sunt,
1975 1033 2030 1081 et
2088 1026 2202 1081 Deo

192 1116 405 1181 vivunt,
438 1108 793 1169 sacerdotalis
821 1108 986 1167 officii
1013 1109 1260 1182 potentia
1288 1108 1560 1179 indignos,
1593 1126 1772 1182 neque
1797 1114 2196 1184 poenitentiam,

192 1219 371 1277 neque
393 1200 851 1259 christianitatem
874 1196 1079 1270 largiri,
1112 1210 1214 1253 nec
1233 1196 1516 1254 absolvere
1546 1214 1706 1271 posse
1723 1216 1819 1273 per
1843 1202 2202 1259 sacerdotalis

190 1292 360 1349 officii
386 1290 649 1346 divinitus
679 1287 781 1343 sibi
812 1288 1113 1365 injunctam
1140 1293 1470 1359 potestatem
1501 1305 1513 1342 ι
1547 1288 1643 1343 sed
1675 1291 1895 1347 omnino
1921 1290 2198 1348 labuntur.

190 1384 384 1453 Neque
414 1379 557 1435 enim
584 1377 775 1433 beatus
812 1375 1139 1431 Benedictus
1162 1376 1550 1433 monachorum
1592 1382 1897 1451 praeceptor
1932 1378 2200 1437 almificus

190 1467 566 1541 hujuscemodi
609 1465 687 1521 rei
712 1464 895 1537 aliquo
938 1464 1097 1519 modo
1136 1464 1318 1521 extitit
1362 1465 1684 1529 interdictor
1709 1486 1758 1521 n.
1789 1468 1850 1523 ln
1878 1482 1987 1540 quo
2032 1469 2199 1525 etiam

192 1557 491 1613 notandum
529 1562 631 1621 est,
658 1554 714 1609 id
739 1552 912 1609 solum
950 1552 1220 1624 religiosis
1243 1569 1364 1609 esse
1392 1554 1666 1621 illicitum,
1698 1556 1846 1628 quod
1883 1557 1964 1612 eis
1993 1566 2074 1615 est
2101 1575 2200 1613 se-

190 1644 431 1703 cundum
470 1649 677 1700 statuta
723 1656 839 1699 suae
881 1641 1083 1712 regulae
1129 1642 1503 1697 interdictum.
1536 1644 1692 1709 Item,
1741 1644 2006 1702 inducunt
2053 1648 2200 1720 quod

191 1736 444 1800 habetur,
472 1735 560 1801 ⁴6,
589 1732 840 1803 quaestio.
870 1747 890 1786 1
919 1747 933 1785 :
963 1750 989 1782 α
1014 1729 1307 1785 Monachus
1331 1746 1438 1786 non
1479 1730 1738 1799 doctoris,
1771 1732 1866 1787 sed
1893 1732 2200 1805 plangentis

192 1824 357 1881 habet
376 1821 637 1879 officium.
664 1840 689 1873 ιο
711 1818 866 1890 Quod
892 1818 939 1873 si
970 1818 1091 1874 ideo
1111 1818 1376 1873 inducunt
1401 1825 1462 1873 ut
1484 1819 1736 1892 probent,
1756 1820 1903 1893 quod
1925 1838 2032 1879 non
2062 1839 2199 1877 con-

190 1913 343 1970 venit
372 1909 633 1967 monacho
659 1925 723 1963 ex
751 1908 855 1962 hoc
882 1906 1028 1979 quod
1052 1915 1136 1962 est
1164 1907 1462 1962 monachus
1491 1908 1637 1980 quod
1671 1908 1744 1963 sit
1768 1909 1978 1983 doctor,
2009 1927 2197 1967 verum

189 2010 293 2068 est,
340 1998 583 2071 alioquin
624 1996 799 2051 omnis
849 1993 1143 2051 monachus
1181 1994 1372 2049 doctor
1410 2002 1576 2050 esset.
1609 1996 1665 2051 Si
1707 2012 1837 2053 vero
1866 1996 2193 2069 intelligant,

190 2090 339 2164 qnod
356 2086 651 2144 monachus
676 2084 839 2140 habet
860 2083 1067 2155 aliquid
1097 2098 1405 2156 repugnans
1431 2084 1672 2140 doctoris
1691 2083 1891 2152 officie,
1912 2087 2199 2144 manifeste

186 2180 387 2236 salsum
425 2185 527 2243 est,
569 2174 869 2247 quinimmo
910 2172 1486 2228 convenientissimum
1534 2179 1618 2228 est
1669 2172 1936 2245 religiosis
1979 2170 2195 2241 docere,

188 2268 465 2344 praecipue
488 2280 703 2321 sacram
724 2262 1062 2334 Scripturam
1089 2278 1103 2316 ι
1138 2262 1280 2316 unde
1304 2276 1467 2333 super
1496 2261 1628 2317 illud
1652 2263 1808 2318 Joan.
1837 2280 1895 2319 iv
1929 2264 2199 2336 :Reliquit

189 2374 313 2429 erqo
336 2353 530 2411 mulier
542 2350 807 2423 hydriam,
829 2358 937 2406 etc.
961 2349 1097 2420 glos.
1117 2350 1270 2416 dicit,
1290 2356 1345 2403 et
1372 2358 1456 2405 est
1479 2354 1708 2421 August.
1741 2368 1753 2405 :
1777 2371 1803 2405 <
1828 2353 1966 2407 Hinc
1984 2353 2199 2409 discant

188 2442 615 2517 evangelizaturi
662 2439 813 2512 prius
854 2439 1125 2511 deponere
1167 2452 1356 2493 curam
1400 2444 1456 2492 et
1493 2439 1858 2496 onus-saeculi
1906 2458 1918 2496 :
1960 2442 2104 2497 unde
2144 2448 2199 2497 et

187 2534 455 2591 Dominus
501 2530 606 2585 illis
648 2526 971 2583 universalis
1012 2526 1276 2582 doctrinae
1323 2528 1597 2583 commisit
1637 2527 1896 2595 officium,
1941 2530 2032 2603 qui
2074 2547 2200 2602 eum

188 2622 409 2683 fuerant
437 2616 686 2673 omnibus
707 2612 915 2669 relictis
942 2613 1137 2680 secuti,
1170 2612 1377 2679 dicens,
1408 2614 1541 2670 Mat.
1569 2614 1692 2682 ult„
1722 2615 2007 2688 discipulis
2035 2617 2149 2672 suis
2181 2634 2195 2673 :

190 2711 397 2766 Euneos
424 2705 594 2763 docete
612 2719 785 2759 omnes
809 2708 1013 2774 pent-233
1049 2721 1075 2752 »
1102 2708 1157 2756 et
1181 2700 1376 2757 similis
1404 2704 1686 2776 responsio
1710 2709 1796 2759 est
1818 2704 1888 2760 ad
1913 2706 2092 2761 omnia
2119 2707 2200 2761 si-
2271 2730 2293 2735 s

188 2799 363 2864 milia,
382 2797 524 2853 sicut
548 2794 617 2850 ad
637 2793 790 2849 illud.
816 2808 831 2847 ε
862 2812 887 2844 «
908 2790 1029 2847 Alia
1058 2795 1141 2847 est
1165 2804 1334 2846 causa
1361 2789 1566 2859 clerici,
1593 2791 1701 2847 alia
1731 2792 1978 2848 monachi
2007 2814 2054 2849 ».
2074 2793 2198 2869 Cle-

188 2890 357 2952 rime,
395 2884 607 2941 scilicet
643 2882 847 2937 habens
875 2895 1083 2947 curam,
1124 2880 1259 2936 dicit
1293 2897 1305 2933 ε
1338 2894 1440 2951 ego
1483 2894 1687 2951 pasco:
1724 2883 2049 2950 monachuS,
2096 2900 2197 2955 ego

188 2991 407 3050 pascor,
430 2980 487 3028 et
507 2973 705 3028 iterum
732 2987 744 3025 :
767 2991 791 3022 α
810 2968 1105 3025 Monachus
1120 2969 1308 3024 sedeat
1323 2968 1604 3024 solitarius
1619 2977 1673 3025 et
1694 2977 1896 3027 taceat.
1919 2990 1944 3021 »
1964 2972 2064 3027 Per
2081 2972 2198 3028 haec

186 3065 339 3122 enim
368 3069 423 3119 et
452 3062 649 3117 similia
678 3059 987 3115 declaratur
1017 3058 1148 3130 quid
1192 3056 1460 3114 monacho
1489 3058 1781 3115 conveniat
1815 3076 1882 3115 ex
1921 3060 2022 3115 hoc
2053 3062 2196 3133 quod

186 3162 274 3210 est
299 3148 615 3207 'monachus
640 3164 747 3205 non
776 3155 960 3205 autem
990 3164 1084 3219 per
1107 3146 1230 3203 haec
1270 3146 1319 3201 ei
1359 3146 1706 3201 interdicitur
1737 3146 1844 3203 alia
1870 3149 2074 3220 majora
2105 3166 2197 3205 as-

186 3257 427 3308 sumere,
447 3239 501 3295 -si
524 3240 575 3295 ei
604 3238 805 3293 fuerint
839 3236 1146 3302 commissa,
1174 3236 1317 3291 sicut
1351 3234 1583 3291 clericus
1622 3251 1731 3291 non
1766 3244 1948 3309 potest
1975 3254 2198 3295 excom-

188 3331 473 3389 municare
513 3344 581 3383 ex
614 3326 719 3383 hoc
764 3324 910 3399 quod
956 3331 1039 3380 est
1067 3324 1317 3389 clericus,
1366 3330 1548 3395 potest
1596 3331 1780 3381 tamen
1817 3326 1865 3382 si
1893 3324 1996 3383 hoc
2035 3328 2084 3383 ei
2129 3329 2198 3384 ab

186 3420 460 3494 Episcopo
496 3414 892 3472 committatur.
918 3414 1075 3480 Item,
1108 3412 1253 3484 quod
1290 3412 1555 3469 inducunt
1600 3430 1705 3469 non
1746 3415 1999 3487 ampliuS,
2033 3434 2198 3489 quam
2234 3464 2240 3470 .

182 3513 329 3566 duos
368 3520 488 3561 esse
513 3503 731 3559 ordines
755 3517 788 3557 a
812 3499 1043 3556 Domino
1074 3500 1373 3569 institutos,
1401 3500 1612 3556 scilicet
1634 3500 1924 3559 duodecim
1959 3507 2198 3577 Aposto-

181 3599 388 3663 lorum,
424 3608 660 3667 quorum
688 3591 917 3647 formam
962 3594 1147 3645 tenent
1182 3586 1456 3659 Episcopi,
1500 3595 1553 3644 et
1581 3589 1929 3663 septuaginta
1967 3593 2198 3649 duorum

182 3682 616 3757 Discipulorum,
666 3696 900 3754 quorum
936 3677 1169 3735 formam
1213 3683 1397 3732 tenent
1436 3677 1614 3734 curati
1653 3680 1979 3755 presbyteri.
2023 3683 2078 3738 Si
2128 3685 2197 3738 ad

181 3778 291 3833 hoc
319 3772 599 3829 inducitur
623 3769 771 3843 quod
796 3766 1035 3839 religiosi
1064 3779 1170 3821 non
1192 3764 1395 3821 habent
1419 3766 1755 3824 ordinariam
1780 3784 1986 3837 curam,
2018 3771 2063 3825 si
2092 3786 2196 3825 non

177 3863 395 3923 fuerint
437 3859 520 3916 vel
550 3858 823 3931 Episcopi,
854 3856 941 3914 vel
987 3854 1185 3918 curati,
1232 3851 1409 3908 nullus
1442 3863 1622 3925 potest
1669 3844 1888 3928 negare.
1927 3858 1982 3914 Si
2013 3867 2196 3914 autem

177 3956 289 4011 hoc
320 3948 629 4018 intendant,
658 3948 805 4021 quod
832 3944 1074 4018 religiosi
1112 3958 1219 4000 non
1252 3949 1483 4017 possunt
1516 3944 1833 4017 praedicare,
1865 3945 1950 4004 vel
1979 3947 2196 4003 confes-
