2850 4517
494 353 613 412 338
973 371 1024 411 s,
1071 370 1302 411 ‘monas
1342 369 1669 418 somnitus
1709 368 2024 412 croscum

495 485 808 542 conversari
834 485 972 539 inter
1000 483 1173 540 malos
1201 484 1269 540 ad
1295 489 1502 542 statum
1538 483 1890 556 perfectionis
1917 482 2214 556 pertineat,
2245 499 2372 539 cum
2401 485 2513 541 hoc

495 574 798 632 secundum
822 589 995 630 sacrae
1030 573 1327 645 Scripturae
1355 573 1686 630 documenta
1710 571 2034 645 prudentius
2073 572 2403 629 declinetur.
2428 575 2516 632 ‚Ex

494 662 581 718 his
623 662 788 733 igitur
832 661 1015 718 verbis
1054 677 1162 717 non
1203 662 1530 728 ostenditur,
1559 661 1709 734 quod
1745 668 1924 717 status
1969 675 2163 716 curam
2201 664 2514 720 animarum

496 751 812 807 habentium
840 752 913 808 sit
940 750 1251 824 perfectior,
1283 749 1452 824 qua'm
1480 756 1659 809 status
1691 749 2091 821 religiosorum,
2118 751 2220 806 sed
2257 752 2408 824 quod
2439 754 2515 808 sit

496 839 873 912 periculosior.
902 841 1000 895 Per
1024 838 1127 896 hoe
1150 840 1319 896 etiam
1345 845 1498 913 patet
1522 839 1804 912 responsio
1833 838 1904 896 ad
1926 839 2098 896 verba
2120 839 2368 912 ejusdem
2383 857 2514 914 quae

496 928 848 1003 postmodum
872 928 1199 986 subduntur.
1216 929 1310 986 «si
1328 930 1472 1002 quis,
1490 928 1692 1002 inquit,
1709 927 1845 984 mihi
1863 930 2509 1001 proponeretoptionem‚
2565 987 2578 996 ‚

496 1019 591 1076 ubi
616 1017 833 1076 mallem
856 1018 1073 1090 placere
1100 1018 1155 1073 in
1185 1017 1363 1076 officio
1388 1017 1741 1084 sacerdotali,
1773 1033 1844 1074 an
1886 1016 1942 1074 in
1980 1015 2279 1073 solitudine
2314 1034 2513 1074 mona·
2561 1049 2574 1063 ο

498 1108 745 1176 chorum,
778 1108 895 1164 sine
924 1108 1333 1179 comparatione
1360 1107 1622 1179 eligerem
1649 1105 1804 1171 illud,-
1832 1104 1978 1176 quod
1999 1105 2153 1178 prius
2180 1106 2296 1163 dixi
2321 1127 2369 1176 n,
2399 1109 2513 1164 sci-

500 1197 629 1254 licet
677 1197 891 1270 placere
918 1197 1035 1257 Deo
1075 1197 1129 1252 in
1172 1195 1351 1253 officio
1376 1194 1729 1254 sacerdotali.
1765 1193 1872 1251 Ubi
1899 1195 2365 1251 considerandum
2402 1203 2509 1263 est,

501 1283 645 1358 quod
678 1301 786 1341 non
814 1284 969 1353 dicit,
1000 1285 1147 1357 quod
1178 1284 1363 1341 mallet
1394 1301 1514 1340 esse
1551 1284 1609 1341 in
1655 1282 1834 1340 officio
1878 1283 2230 1350 sacerdotali,
2261 1300 2428 1356 quam
2456 1285 2512 1339 in

500 1374 793 1431 solitudine
830 1373 1238 1440 monachorum,
1270 1374 1366 1430 sed
1404 1373 1552 1446 quod
1598 1371 1787 1428 mallet
1828 1371 1906 1427 ibi
1943 1387 2112 1444 quam
2157 1370 2246 1427 hic
2293 1372 2512 1444 placere

501 1463 636 1529 DeO,
673 1461 804 1534 quia
834 1462 887 1516 in
917 1461 1243 1518 sacerdotali
1276 1461 1454 1518 officio
1483 1461 1692 1534 absque
1720 1466 1949 1534 peccato
1992 1470 2210 1516 manere
2231 1458 2514 1526 difficilius

502 1555 607 1617 est,
638 1566 803 1624 quam
860 1565 1079 1607 manere
1133 1549 1341 1622 absque
1379 1558 1604 1622 peccato
1651 1549 1707 1605 in
1758 1548 2048 1605 solitudine
2091 1547 2508 1614 monachorum,
2545 1581 2552 1586 ·

502 1639 647 1696 sicut
686 1639 804 1711 jam
845 1653 1010 1712 supra
1052 1638 1285 1706 dixerat,
1329 1637 1423 1695 ubi
1476 1645 1665 1694 autem
1715 1645 1800 1694 est
1847 1637 2024 1711 majus
2073 1633 2393 1708 periculum,
2429 1637 2508 1692 ibi

504 1729 679 1802 msJ‘or
704 1729 879 1784 virtus
916 1729 1241 1796 ostenditur,
1268 1728 1317 1784 si
1340 1727 1644 1800 periculum
1679 1728 1939 1794 evitetur,
1971 1725 2115 1784 sicut
2153 1725 2270 1798 jam
2297 1725 2514 1782 dictum

505 1824 607 1874 est.
639 1817 709 1874 Et
736 1819 985 1890 quamvis
1015 1817 1245 1890 quilibet
1278 1817 1500 1889 ‘sapiens
1526 1817 1700 1888 magis
1727 1816 1957 1887 eligeret
1986 1821 2108 1871 esse
2137 1819 2306 1871 tantas
2329 1814 2516 1870 virtu-

506 1907 599 1976 tis,
630 1910 692 1961 ut
718 1906 885 1962 etiam
910 1906 1052 1964 inter
1077 1905 1317 1979 pericula
1344 1921 1709 1980 quascumque
1743 1903 1953 1962 illaesus
1979 1909 2166 1976 posset
2197 1902 2511 1975 persistere,

509 1995 690 2052 nullus
732 2000 915 2053 tamen
945 1995 1051 2050 nisi
1092 1995 1356 2068 insipiens
1396 2001 1603 2052 statum
1650 1993 2097 2068 periculosiorem
2129 2009 2196 2048 ex
2241 1990 2346 2049 hoc
2399 1993 2513 2066 ipso

506 2085 678 2142 statui
702 2085 962 2141 securiori
986 2085 1290 2157 praeferret.
1320 2085 1403 2140 Ex
1424 2085 1530 2142 hoc
1557 2084 1724 2141 etiam
1755 2089 1983 2158 apparet
2025 2083 2226 2139 solutio
2253 2082 2321 2139 ad
2347 2082 2514 2138 verba

508 2176 649 2246 Aug.
682 2174 881 2248 quibus
904 2174 1167 2230 asseritur
1195 2173 1327 2229 nihil
1352 2189 1472 2230 esse
1501 2174 1860 2246 periculosius
1889 2181 1945 2229 et
1984 2171 2309 2228 laboriosius
2337 2171 2514 2228 offlclo

511 2261 760 2335 Episcopi
794 2269 848 2318 et
894 2262 1225 2330 SacerdotiS,
1258 2267 1313 2317 et
1351 2261 1602 2330 Diaconi,
1629 2262 1676 2319 si
1716 2262 1856 2318 bene
1899 2266 2244 2328 exerceatur,
2273 2269 2328 2317 et
2385 2258 2514 2316 nihil

510 2367 628 2408 esse
650 2352 765 2406 Deo
792 2349 1202 2422 acceptabilius.
1226 2351 1308 2406 Ex
1333 2350 1438 2407 hoo
1465 2351 1610 2408 enim
1639 2351 1776 2424 ipso,
1809 2351 1957 2424 quod
1987 2356 2072 2406 est
2099 2349 2437 2406 laboriosum
2459 2356 2512 2404 et

509 2439 750 2508 difficile,
786 2439 1083 2494 immunem
1115 2455 1174 2494 se
1216 2455 1248 2496 a
1276 2446 1506 2512 peccato
1537 2449 1864 2497 conservare
1900 2439 1958 2495 in
1988 2439 2149 2511 huius
2189 2437 2356 2495 officii
2384 2455 2513 2496 exe-

509 2528 729 2586 cutione
769 2528 991 2600 majoris
1031 2528 1255 2585 virtutis
1293 2544 1412 2585 esse
1455 2529 1783 2597 ostenditur,
1811 2536 1868 2586 et
1913 2527 2216 2585 secundum
2255 2527 2361 2584 boc
2401 2529 2512 2584 Deo

512 2614 919 2690 acceptabiliuS,
948 2633 1055 2674 non
1084 2623 1267 2675 tamen
1310 2633 1379 2674 ex
1405 2618 1509 2674 hoc
1535 2618 1806 2691 sequitur,
1839 2616 1984 2692 quod
2023 2622 2202 2673 status
2246 2616 2513 2674 Sacerdo-

510 2714 629 2762 tum
672 2705 1061 2778 parochialium
1112 2714 1209 2763 aut
1245 2706 1710 2764 Archiaconorum
1755 2707 1829 2763 sit
1875 2706 2100 2779 majoris
2140 2704 2507 2778 perfectionis,

510 2811 678 2869 quam
699 2800 875 2852 status
898 2795 1295 2868 religionis‘Ad
1326 2796 1508 2853 omnia
1537 2812 1668 2854 vero
1693 2811 1819 2870 quae
1845 2795 2256 2868 subsequuntur
2279 2802 2336 2849 et
2357 2792 2512 2850 simi·

513 2885 613 2952 lia,
630 2892 713 2942 est
735 2900 841 2941 una
861 2884 1161 2958 eademque
1188 2886 1488 2958 responsio.
1511 2886 1652 2942 Nam
1679 2885 1736 2940 in
1759 2884 2012 2941 omnibus
2033 2883 2144 2939 illis
2167 2883 2512 2940 auctoritati-

516 2975 620 3031 bus
640 2991 746 3030 non
774 2981 1125 3048 comparatur
1151 2980 1329 3030 status
1349 2973 1627 3046 religionis
1651 2973 1821 3030 statui
1847 2979 2181 3039 curatorum,
2209 2972 2307 3028 sed
2340 2977 2515 3030 status

518 3062 903 3120 monachorum
940 3065 997 3119 in
1029 3071 1296 3137 quantum
1336 3068 1467 3120 sunt
1506 3062 1778 3133 monachi,
1808 3062 1979 3118 statui
2013 3060 2360 3119 clericorum.
2399 3061 2516 3118 Non

518 3152 662 3206 enim
688 3151 959 3220 monachi,
985 3152 1042 3207 in
1060 3167 1125 3208 eo
1150 3152 1295 3224 quod
1332 3158 1461 3208 sunt
1490 3151 1760 3218 monachi,
1789 3157 1917 3206 sunt
1951 3149 2158 3217 clerici,
2189 3165 2319 3207 cum
2359 3149 2518 3206 multi

516 3238 625 3295 sint
651 3239 899 3296 monachi
925 3239 1049 3296 laici
1079 3255 1093 3296 z
1124 3249 1180 3297 et
1216 3241 1460 3314 antiquis
1503 3240 1848 3313 temporibus
1875 3241 1989 3296 sere
2027 3252 2218 3296 omnes
2267 3237 2520 3296 monachi

512 3326 640 3383 laici
669 3336 845 3395 erant,
870 3334 931 3384 ut
967 3328 1217 3396 habetur,
1250 3331 1338 3385 ⁴6.
1378 3347 1438 3403 q.
1469 3345 1511 3386 ι.
1543 3329 1892 3386 Manifestum
1927 3335 2012 3385 est
2057 3337 2246 3386 autem
2290 3328 2522 3385 clericos

512 3416 567 3471 iu
591 3414 837 3474 Ecclesia
861 3417 959 3474 Dei
980 3405 1242 3490 majorem
1266 3418 1496 3489 gradum
1521 3418 1786 3486 obtinere,
1803 3431 1970 3491 quam
1999 3417 2190 3474 laicos.
2213 3417 2368 3475 Unde
2389 3414 2524 3472 laici

514 3515 902 3577 promoventur
929 3506 997 3562 ad
1027 3506 1363 3575 clericatum,
1399 3513 1666 3581 tanquam
1712 3507 1782 3564 ad
1817 3507 2025 3580 aliquid
2067 3508 2268 3578 maine,
2291 3511 2346 3561 et
2373 3504 2526 3560 sicut

512 3595 689 3665 major
712 3594 935 3665 gradus,
951 3594 1028 3650 ita
1051 3600 1108 3649 et
1130 3594 1363 3667 amplior
1381 3596 1558 3652 virtus
1585 3595 1886 3669 requiritur
1911 3594 1982 3651 ad
2007 3595 2210 3652 bonum
2237 3593 2522 3658 clericum,

515 3697 681 3753 quam
708 3681 778 3738 ad
806 3681 1007 3737 bonum
1036 3681 1254 3749 laicum,
1281 3683 1535 3755 quamvis
1557 3683 1627 3740 sit
1656 3682 1974 3741 monachus.
2005 3683 2112 3740 Sed
2159 3681 2216 3738 in
2255 3678 2531 3736 monacho

516 3770 716 3825 clerieo
739 3769 849 3827 duo
876 3778 1228 3838 concurrunt,
1247 3777 1304 3827 et
1330 3770 1708 3846 clericatus-et
1735 3775 1915 3828 status
1943 3769 2244 3844 religionis,
2268 3765 2532 3825 similiter

520 3856 575 3912 in
621 3857 821 3914 clerico
856 3858 1059 3917 liabent
1100 3873 1295 3918 curam
1330 3862 1658 3928 animarum,
1687 3861 1901 3936 scilicet
1935 3873 2070 3931 cura
2115 3859 2428 3917 animarum
2467 3863 2538 3914 et

522 3943 833 4002 clericatus.
862 3949 1017 4018 Quod
1044 3963 1173 4022 ergo
1198 3949 1384 4007 cleriei
1412 3950 1776 4027 praeferuntur
1799 3943 2258 4019 monachis,·nibil
2285 3945 2536 4022 pertinet
