2850 4517
645 352 731 395 iv.
760 365 840 381 —
869 350 946 393 nn
988 351 1407 396 rel-’emenone
1451 355 1616 397 πω
1667 356 2042 403 srmrrmms
2230 346 2352 405 349

334 474 508 534 statu,
549 475 611 523 ut
653 480 819 537 supra
858 467 976 538 jam
1014 467 1223 523 dictum
1250 476 1354 536 est,
1396 474 1581 525 tamen
1617 486 1807 528 verum
1849 478 1933 529 est
1975 474 2098 530 illos
2137 484 2350 549 septem

333 558 596 613 diaconos
626 554 793 611 etiam
822 555 875 609 in
912 562 1062 611 statu
1089 554 1442 628 perfectionis
1464 558 1651 626 fuisse,
1689 559 1833 615 illius
1870 562 2094 634 inquam
2130 565 2346 636 perfec,-

335 646 504 702 tionis
529 644 598 701 de
622 659 733 717 qua
763 642 1025 699 Dominus
1060 644 1195 700 dicit
1224 662 1236 699 z
1275 645 1335 701 si
1361 646 1442 701 vis
1481 646 1746 719 perfectus
1787 665 1912 714 esse,
1941 650 2072 705 vade
2097 659 2149 708 et
2186 642 2348 709 vende

333 733 515 790 omnia
543 749 657 806 quse
682 732 857 797 habes,
882 739 933 789 et
965 732 1103 798 veni,
1132 748 1343 805 sequere
1367 751 1470 790 me.
1497 736 1627 791 Mat.
1659 752 1785 793 xix.
1813 738 1954 793 Nam
1989 739 2196 796 relictis
2225 758 2346 797 om-

334 824 497 879 nibus
543 823 716 878 secuti
763 820 979 877 fuerant
1025 822 1319 889 Christum,
1371 822 1504 878 nihil
1546 826 1826 897 proprium
1856 827 2217 898 possidenteS,
2258 830 2349 885 sed

334 917 494 967 erant
517 909 823 981 illie-omnia
852 909 1171 976 eommunia,
1195 917 1257 965 ut
1280 910 1504 979 dicitur,
1531 916 1656 969 Act.
1684 929 1762 970 iv.
1786 930 1817 969 a
1843 916 2076 987 quorum
2100 916 2347 990 exemplo

334 1015 525 1057 omnes
570 998 861 1070 religiones
905 996 1170 1055 derivatae
1210 1007 1358 1056 sunt.
1400 1000 1556 1070 Quod
1601 1017 1730 1057 vero
1769 1008 2341 1077 octavoproponitur,

334 1091 527 1145 beatos
570 1087 923 1159 Stephanum,
954 1086 1328 1154 Laurentium,
1362 1097 1416 1145 et
1459 1089 1806 1147 vincentium
1851 1091 2262 1150 archidiaconos
2290 1095 2344 1150 in

333 1170 483 1234 statu
530 1175 879 1250 perfectionis
914 1175 1101 1244 fuisse,
1146 1178 1498 1234 concedimus
1546 1178 1787 1251 quidem,
1833 1180 1931 1235 sed
1971 1195 2078 1236 non
2122 1182 2345 1255 propter

334 1266 856 1333 archidiaconatum,
904 1265 1002 1321 sed
1030 1272 1253 1339 propter
1281 1268 1627 1341 martyrium,
1660 1268 1806 1341 quod
1847 1270 1993 1325 omni
2022 1271 2343 1342 perfectioni

270 1362 279 1371 ‘
334 1354 613 1426 religionis
636 1353 1113 1426 praefertur.Unde
1133 1354 1423 1427 dicitAug.
1457 1355 1509 1410 in
1528 1355 1621 1411 lib.
1648 1356 1716 1411 de
1741 1356 1978 1427 virginib
2003 1374 2017 1411 ι
2038 1378 2064 1411 α
2093 1358 2344 1415 Perhibet

332 1445 495 1516 hujus
539 1442 618 1498 rei
664 1441 1141 1515 praeclarissimum
1189 1442 1561 1499 testimonium
1607 1443 1981 1501 ecclesiastica
2018 1448 2338 1513 auctoritaS,

332 1536 391 1589 in
432 1548 540 1605 qua
570 1530 819 1587 fidelibus
860 1536 1050 1586 notum
1087 1538 1188 1598 est,
1234 1547 1343 1603 quo
1372 1530 1493 1588 loco
1523 1541 1813 1605 martyrae,
1847 1540 1904 1589 et
1933 1550 2042 1606 quo
2071 1534 2343 1593 defunctae

331 1619 775 1678 sanctimoniales
800 1619 869 1676 ad
898 1618 1089 1676 altaris
1116 1627 1462 1677 sacramenta
1500 1622 1800 1677 recitentur
1823 1641 1851 1674 x·
1882 1639 1895 1677 :
1937 1623 2019 1677 sic
2046 1624 2191 1679 enim
2219 1625 2342 1680 dico

331 1721 388 1768 et
430 1708 809 1767 Sebastianum
856 1708 911 1763 in
952 1714 1101 1765 statu
1147 1708 1498 1781 perfectionis
1537 1708 1724 1778 fuisse,
1773 1718 1830 1766 et
1877 1710 2193 1783 Georgi-um,
2243 1729 2343 1769 nec

333 1808 527 1856 tamen.
552 1805 773 1870 propter
809 1796 914 1853 hoc
954 1797 1199 1853 dicemus
1243 1796 1446 1853 milites
1491 1802 1698 1854 statum
1734 1797 2338 1871 perfectionisliabere.

331 1888 490 1958 Quod
528 1894 711 1943 autem
751 1901 894 1941 nono
922 1885 1197 1957 objicitur,
1230 1885 1375 1958 quod
1408 1884 1685 1958 prebyteri
1711 1874 1926 1951 curati,
1978 1893 2033 1942 et
2063 1888 2340 1945 archidia-

330 1977 454 2034 coni
475 1982 600 2030 sunt
618 1973 909 2029 similiores
932 1974 1219 2047 episcopie,
1245 1990 1411 2047 quam
1439 1973 1731 2045 religiosiS,
1756 1989 1950 2029 verum
1967 1982 2051 2031 est
2074 1986 2340 2048 quantum

330 2067 400 2123 ad
439 2063 669 2137 aliquid,
694 2061 904 2119 scilicet
930 2070 1198 2135 quantum
1222 2062 1292 2119 ad
1328 2077 1519 2119 curam
1551 2062 1914 2132 subditorum,
1934 2064 2043 2120 'sed
2072 2070 2340 2137 quantum

331 2156 401 2211 ad
432 2160 749 2227 perpetuam
782 2150 1187 2221 obligationem,
1222 2165 1346 2223 quae
1374 2151 1674 2223 requiritur
1702 2152 1778 2207 ad
1813 2158 2018 2208 statum
2047 2153 2342 2225 perfectio-

330 2246 436 2310 niS,
485 2241 777 2298 similiores
820 2245 948 2295 sunt
1000 2240 1253 2313 episcopo
1318 2239 1578 2311 religiosi,
1628 2256 1792 2312 quam
1850 2241 2239 2310 archidiaconi,
2285 2251 2340 2299 et

328 2330 635 2406 presbyteri
665 2328 865 2394 curati,
899 2334 959 2382 ut
986 2328 1374 2399 ex·praedictis
1396 2334 1571 2401 patet.
1602 2330 1755 2398 Quod
1790 2344 1918 2385 vero
1959 2330 2173 2385 decimo
2211 2346 2342 2403 pro·-

328 2421 570 2494 ponitur,
602 2417 749 2491 quod
787 2416 1190 2472 administratio
1230 2416 1551 2473 facultatum
1589 2417 1852 2474 Ecclesiae
1888 2424 2094 2475 statum
2126 2419 2341 2492 perfec-

332 2510 497 2565 tionis
540 2523 647 2563 non
695 2506 912 2573 minuit,
957 2504 1330 2561 indubitanter
1370 2505 1721 2563 concedimus
1767 2523 1781 2561 z
1828 2506 2068 2580 alioquin
2115 2509 2172 2563 in
2208 2509 2342 2581 ipsis

330 2596 685 2669 religionibus
717 2593 931 2666 praelati
975 2602 1031 2650 et
1070 2593 1160 2650 alii
1209 2593 1470 2650 officiales
1515 2596 1835 2667 temporalia
1882 2596 2262 2669 dispensantes
2309 2614 2340 2653 a

330 2686 507 2759 gradu
528 2683 873 2757 perfectionis
890 2682 1226 2738 deciderent.
1248 2682 1353 2737 Sed
1377 2681 1481 2736 hoc
1504 2682 1562 2738 in
1581 2683 1662 2737 eis
1682 2683 2030 2754 perfectionis
2055 2686 2338 2758 cujusdam

330 2780 541 2831 statum
594 2772 865 2838 diminuit,
920 2770 1067 2843 quod
1115 2768 1349 2842 propriis
1396 2785 1502 2824 non
1553 2768 1962 2837 abrenuntiant,
2013 2787 2113 2828 sua
2159 2775 2341 2830 omnia
2423 2766 2428 2771 ’

330 2869 554 2937 propter
608 2860 883 2916 Christum
932 2858 1321 2930 relinquentes,
1386 2856 1687 2929 quinimmo
1731 2857 2086 2914 ecclesiarum
2132 2860 2342 2917 fructus

330 2960 595 3024 tanquam
629 2950 877 3022 proprios
906 2946 1273 3003 lucrifaciunt.
1301 2946 1359 3001 ln
1388 2961 1454 3001 eo
1486 2961 1613 3001 vero
1642 2945 1788 3019 quod
1819 2946 2106 3002 undecimo
2140 2963 2342 3021 propo-

330 3042 501 3107 nitur,
527 3032 817 3094 manii'este
844 3036 1194 3091 inveniuntur
1222 3034 1490 3107 desipere,
1522 3033 1800 3105 vigilantii
1829 3048 2067 3089 errorem
2103 3050 2343 3109 sequen-

333 3136 438 3195 tes,
465 3135 656 3184 contra
684 3141 848 3199 quem
876 3125 1096 3181 Hieron.
1128 3122 1371 3179 scribens
1395 3122 1530 3180 dicit
1551 3139 1562 3179 ε
1582 3142 1608 3175 α
1631 3122 1783 3191 Quod
1810 3129 1994 3179 autem
2024 3125 2221 3181 asserit
2247 3142 2342 3182 eos

332 3216 529 3273 melius
554 3216 734 3271 facere
761 3215 855 3287 qui
888 3219 1114 3270 utantur
1145 3213 1307 3270 rebus
1335 3212 1467 3279 suiS,
1501 3218 1558 3267 et
1582 3210 1846 3284 paulatim
1883 3212 2091 3268 fructus
2121 3229 2341 3285 posses-

330 3306 544 3365 sionum
573 3303 905 3377 pauperibus
932 3302 1201 3368 dividant,
1224 3317 1389 3373 quam
1415 3300 1536 3356 illos
1552 3300 1646 3373 qui
1667 3300 2102 3372 possessionibus
2125 3319 2342 3359 venum·

332 3391 680 3452 datis-semel
727 3392 911 3448 omnia
954 3390 1279 3461 largiuntur,
1312 3405 1419 3445 non
1459 3405 1490 3445 a
1521 3404 1607 3443 me
1633 3388 1732 3453 eis,
1765 3388 1861 3442 sed
1902 3403 1935 3444 a
1962 3390 2194 3445 Domino
2224 3406 2340 3446 res·

332 3480 662 3555 pondebitur
693 3497 707 3534 :
746 3480 803 3535 Si
825 3478 909 3534 vis
942 3478 1204 3550 perfectus
1232 3493 1356 3543 esse,
1385 3476 1518 3537 vade
1545 3482 1594 3532 et
1631 3476 1994 3533 vendeomnia
2033 3493 2148 3548 quoe
2185 3478 2338 3534 habes

332 3579 383 3628 et
424 3571 495 3627 da
517 3568 867 3642 pataperibm,
897 3574 949 3624 et
986 3566 1127 3631 veni,
1158 3580 1370 3636 sequere
1405 3582 1508 3621 mo.
1536 3566 1619 3621 Ad
1665 3582 1806 3625 eum.
1832 3565 2074 3638 loquitur
2099 3568 2191 3637 qui
2223 3567 2340 3622 vult

330 3660 611 3734 perfectus
654 3673 795 3734 esse,
843 3656 938 3729 qui
988 3670 1115 3711 cum
1156 3653 1418 3726 apostolis
1465 3662 1695 3725 patrem,
1743 3654 2068 3720 naviculam,
2120 3664 2174 3712 et
2227 3662 2341 3711 rete

330 3745 595 3803 dimittit:
629 3746 733 3801 iste
766 3761 931 3818 quem
961 3752 1021 3800 tu
1051 3742 1261 3808 laudae,
1294 3742 1593 3798 secundum
1617 3750 1712 3799 aut
1737 3743 1932 3798 tertius
1959 3742 2162 3814 gradus
2185 3752 2337 3800 est».

328 3836 453 3891 Non
482 3848 613 3904 ergo
640 3840 865 3906 propter
888 3832 993 3889 hoc
1020 3828 1389 3887 archidiaconi
1415 3829 1499 3885 vel
1523 3830 1828 3905 presbyteri
1854 3832 2030 3887 curati
2059 3840 2186 3889 sunt
2216 3849 2340 3905 per-

331 3922 607 3990 fectiores,
654 3922 784 3995 quia
813 3930 1035 3981 servant
1060 3918 1512 3993 hospitalitatem
1553 3934 1717 3991 quam
1757 3919 2023 3989 monachi,
2071 3921 2165 3992 qui
2211 3938 2340 3996 pro..
