2850 4517
733 364 842 408 vn.
867 378 946 393 -·
973 362 1053 409 nr.
1094 362 1375 410 sumone
1423 350 1865 410 Arosronomm
2182 347 2303 411 415

294 487 356 536 ut
384 481 584 538 doceat
617 494 716 536 nos
739 479 976 552 qualiter
1011 479 1079 536 ad
1110 474 1341 551 gloriam
1376 477 1663 551 pervenire
1688 467 1981 552 possimus,
2010 470 2135 535 Act.
2163 476 2300 537 x'1v:

290 570 404 626 Per
444 569 643 627 multas
695 568 1071 625 tribulationes
1123 574 1338 641 oportet.
1370 583 1467 622 nos
1515 566 1731 625 intrare
1788 566 1850 622 iu
1904 584 2124 640 reynum
2179 570 2301 624 Dei.

293 650 522 728 Quarto,
555 658 737 714 differt
766 664 1032 731 quantum
1059 657 1128 715 ad
1154 662 1387 729 tempus,
1415 656 1904 729 quia·resurrectio
1934 656 2164 713 aliorum
2194 658 2305 713 dif-

291 746 467 804 fertur
495 762 669 821 usque
711 746 779 803 ad
828 746 988 801 finem
1031 745 1238 811 mundi,
1267 744 1373 801 nisi
1413 743 1688 818 aliquibus
1732 761 1801 801 ex
1842 736 2128 818 privilegio
2172 753 2306 802 ante·

291 835 647 905 concedatur,
682 843 744 891 ut
784 834 963 892 beatae
1003 832 1235 905 Virgini,
1271 841 1328 891 et
1375 840 1437 889 ut
1478 834 1569 907 pie
1604 834 1865 900 creditur,
1897 834 2059 891 beato
2104 835 2299 891 Joanni

290 921 679 995 Evangelistae.
710 921 816 979 Sed
844 912 1092 978 Christus
1124 921 1431 977 resurrexit
1464 920 1630 976 tertia
1668 919 1777 990 die,
1808 921 1967 993 cujus
2010 921 2155 978 r-atio
2194 929 2299 989 est,-

292 1011 422 1084 quia
451 1010 801 1078 resurrectio,
829 1016 884 1067 et
918 1025 1085 1077 mors,
1115 1016 1174 1066 et
1201 1009 1465 1066 nativitas
1518 1004 1719 1066 Christi
1761 1008 1865 1066 suit
1908 1018 2127 1083 propter
2171 1024 2303 1067 nos-

291 1106 438 1156 tram
461 1099 715 1166 salutem,
745 1106 802 1155 et
832 1098 956 1155 ideo
985 1104 1116 1156 tunc
1143 1097 1316 1155 voluit
1339 1114 1642 1170 resurgere,
1676 1098 1897 1172 quando
1938 1099 2087 1155 salus
2115 1107 2326 1162 nostra,

291 1188 648 1263 perficeretur
675 1206 689 1244 :
721 1188 864 1244 unde
893 1188 938 1244 si
977 1189 1168 1245 statim
1197 1186 1615 1252 resurrexisset,
1636 1204 1741 1245 non
1771 1178 1965 1243 tuisset
2009 1188 2297 1259 creditum,

292 1279 442 1351 quod
465 1277 658 1334 fuisset
694 1284 961 1339 mortuus,
989 1277 1144 1345 Item,
1177 1278 1224 1334 si
1272 1276 1507 1333 multum
1546 1275 1869 1344 distulisset,
1902 1274 2153 1350 discipuli
2196 1292 2302 1333 non

288 1366 680 1424 remansissent
720 1366 776 1422 in
816 1366 940 1433 fide,
968 1375 1023 1423 et
1061 1368 1144 1423 sic
1171 1365 1318 1423 nulla
1357 1365 1569 1422 utilitas
1594 1364 1789 1421 fuisset
1816 1365 1871 1421 in
1898 1366 2153 1439 passione
2176 1365 2298 1422 sua.

293 1454 437 1511 Psal.
468 1469 616 1510 xxrx
643 1464 658 1509 ε
685 1452 816 1520 Qua·
841 1452 1056 1511 utilitas
1077 1454 1140 1510 in
1160 1452 1420 1525 sauyuine
1438 1468 1551 1509 meo
1576 1450 1702 1509 dum
1730 1451 1975 1509 ᾱοεωηάο
2000 1452 2063 1509 in
2086 1469 2299 1525 corrup·

291 1542 529 1601 tionem?
555 1542 624 1599 Et
646 1542 769 1598 ideo
798 1542 886 1598 die
936 1542 1103 1599 tertia
1138 1541 1456 1610 resurrexit,
1488 1548 1551 1598 ut
1584 1541 1906 1599 crederetur
1947 1548 2212 1608 mortuuS,
2244 1549 2299 1597 et

291 1640 356 1689 ut
384 1630 635 1704 discipuli
662 1630 825 1686 fidem
847 1646 957 1687 non
979 1631 1315 1688 amitterent.
1333 1632 1629 1687 Possumus
1653 1638 1839 1687 autem
1864 1646 1932 1686 ex
1960 1630 2047 1697 iis,
2061 1637 2297 1703 quatuor

291 1720 363 1779 ad
391 1727 634 1776 nostram
657 1719 1019 1776 eruditionem
1046 1718 1317 1792 accipere.
1347 1719 1550 1786 Primo,
1579 1724 1641 1774 ut
1666 1718 1984 1774 studeamus
2011 1734 2297 1791 resurgere

289 1808 650 1881 spiritualiter
683 1825 716 1866 a
741 1814 917 1863 morte
947 1808 1161 1874 enimae,
1191 1823 1357 1881 quam
1394 1807 1724 1863 incurrimus
1761 1822 1860 1879 per
1892 1813 2194 1880 peccatum,
2223 1807 2294 1864 ad

287 1898 464 1956 vitam
479 1897 714 1970 justitiae
744 1913 869 1971 quae
889 1896 1121 1954 habetur
1144 1912 1240 1969 per
1268 1896 1671 1969 pOEnitentiam.
1696 1900 1835 1968 Apo,
1865 1896 2003 1967 Eph.
2033 1913 2070 1952 v
2097 1898 2293 1968 :Surye

289 1986 385 2059 qui
419 1985 641 2051 dormis,
675 1993 725 2041 et
763 2000 957 2057 exui-93
1002 2002 1037 2041 a
1081 1984 1330 2050 mortuis,
1369 1992 1420 2041 et
1465 1984 1790 2047 illuminabit
1836 1992 1886 2040 te
1926 1983 2194 2042 Christus.
2223 1984 2292 2039 Et

289 2074 410 2131 haec
433 2082 515 2130 est
543 2074 871 2130 resurrectio
900 2074 1093 2147 prima,
1122 2078 1292 2147 Apoc.
1322 2088 1406 2129 xx
1441 2090 1454 2129 :
1486 2073 1687 2130 Beatus
1707 2071 1801 2145 qui
1822 2072 1975 2129 habet
1991 2080 2207 2145 partem
2236 2071 2294 2129 in

289 2162 678 2219 resurrectione
724 2162 928 2235 prima.
971 2162 1238 2229 Secundo,
1289 2161 1436 2236 quod
1485 2176 1594 2217 non
1642 2161 1959 2217 differamus
2013 2176 2297 2233 resurgere

291 2252 572 2326 usquead
616 2259 867 2321 mortem,
895 2251 988 2307 sed
1024 2250 1151 2318 cito,
1180 2252 1312 2325 quia
1355 2248 1604 2307 Christus
1641 2250 1937 2307 resurrexit
1983 2250 2144 2306 tertia
2182 2249 2292 2307 die.

287 2340 470 2397 Eccle.
495 2357 534 2396 v
567 2357 580 2395 z
609 2340 692 2399 Ne
715 2340 896 2397 tardes
923 2340 1158 2397 converti
1186 2340 1256 2396 ad
1292 2340 1602 2405 Dovniuum,
1632 2344 1683 2395 et
1705 2356 1770 2395 ue
1792 2339 2007 2412 differas
2030 2338 2093 2393 de
2116 2338 2201 2395 die
2226 2338 2289 2395 in

287 2429 448 2495 diem,
471 2436 576 2486 etc.
611 2430 739 2503 quia
769 2446 872 2485 non
901 2422 1116 2502 poteris'
1132 2430 1375 2501 cogitare
1399 2444 1526 2503 quae
1554 2427 1831 2502 pertinent
1849 2428 1915 2484 ad
1946 2427 2180 2484 sulutem
2205 2428 2295 2483 in-

289 2519 550 2575 firmitate
577 2526 857 2589 gravatus
890 2518 959 2575 Et
1005 2518 1134 2592 quia
1163 2519 1330 2576 etiam
1357 2518 1542 2591 perdis
1574 2525 1787 2603 partem
1834 2516 2075 2574 omnium
2118 2514 2296 2572 bono-

287 2624 432 2677 rum,
461 2622 587 2679 quae
625 2606 800 2660 fiunt
785 2622 842 2660 in
870 2606 1131 2669 Ecclesia,
1163 2616 1218 2662 et
1255 2606 1431 2663 multa
1472 2605 1615 2661 mala
1660 2606 1894 2661 incurris
1940 2621 2008 2660 ex
2038 2622 2296 2677 perseve-

288 2696 472 2752 rantia
506 2694 557 2747 in
589 2698 836 2764 peccato.
864 2692 1124 2749 Diabolus
1153 2694 1318 2749 etiam
1364 2678 1570 2766 quanto
1599 2693 1806 2747 diutius
1846 2693 2110 2765 possidet,
2140 2700 2295 2751 tanto

289 2780 570 2839 difficilius
596 2778 844 2847 dimittit,
872 2788 936 2836 ut
961 2780 1096 2836 dicit
1118 2781 1284 2836 Beda.
1305 2780 1513 2847 Tertio,
1544 2786 1603 2834 ut
1643 2794 1991 2851 resurgamus
2025 2782 2095 2837 ad
2124 2782 2295 2838 vitam

288 2868 781 2942 incorruptibilem,
807 2874 871 2924 ut
905 2867 1116 2924 sciiicet
1151 2883 1259 2924 non
1300 2868 1502 2923 iterum
1540 2868 1855 2935 moriamur,
1887 2869 1943 2924 id
1972 2874 2076 2937 est,
2106 2868 2161 2923 in
2198 2870 2294 2925 tali

290 2958 571 3034 proposito
604 2956 749 3031 quod
781 2956 921 3013 ultra
950 2972 1056 3013 non
1079 2972 1386 3029 peccemus
1417 2958 1576 3013 Rom.
1606 2974 1667 3014 vr
1700 2975 1713 3011 ε
1743 2955 1987 3013 Christus
2014 2973 2296 3029 resurgens

291 3064 358 3104 ex
382 3045 629 3112 mortuis,
645 3046 767 3118 ,iam
789 3063 896 3102 uon
923 3042 1183 3112 moritur,
1209 3051 1318 3101 etc.
1346 3054 1401 3101 et
1430 3045 1571 3100 infra
1600 3060 1615 3100 t
1648 3046 1739 3102 Ita
1774 3052 1823 3102 et
1850 3062 1941 3102 vos
1984 3046 2289 3103 existimate

288 3152 380 3193 vos
418 3142 654 3191 mortuos
688 3133 896 3209 quidem
927 3151 1032 3191 esse
1065 3140 1298 3208 peccato,
1322 3133 1555 3191 viventes
1595 3140 1769 3191 autem
1812 3134 1921 3191 Deo
1968 3134 2029 3191 iu
2077 3134 2293 3191 Christo

290 3225 437 3281 Iesu.
463 3225 586 3284 Non
609 3240 732 3297 erqo
760 3231 942 3297 requei
962 3230 1236 3297 peccatum
1267 3224 1327 3279 in
1361 3229 1537 3279 vestro
1556 3222 1775 3279 mortali
1804 3240 2041 3295 corpore,
2070 3230 2131 3279 ut
2168 3223 2291 3279 obe-

289 3313 456 3371 diatis
489 3313 920 3386 concupiscentiis
961 3313 1074 3385 ejus
1113 3328 1133 3371 .·
1173 3312 1264 3368 sed
1309 3328 1472 3385 neque
1516 3310 1804 3368 exhibeatis
1840 3312 2074 3369 membra
2111 3318 2291 3369 vestra

293 3418 450 3458 arma
475 3400 780 3473 iniquitatis
799 3408 1030 3474 peccate,
1055 3398 1144 3456 sed
1180 3401 1412 3458 exhibete
1445 3418 1541 3467 vos
1556 3400 1671 3456 ‘Deo
1695 3406 1951 3472 tanquam
1977 3418 2043 3457 ex
2064 3402 2295 3457 mortuis

292 3490 539 3547 viventes.
572 3488 797 3559 Quarto,
834 3499 893 3545 ut
925 3506 1272 3561 resurgamus
1295 3490 1364 3548 ad
1396 3490 1574 3550 vitam,
1592 3506 1787 3548 novam
1817 3496 1874 3546 et
1899 3489 2209 3561 gloriosam,
2228 3500 2291 3547 ut

293 3580 502 3636 scilicet
533 3580 766 3635 vitemus
807 3578 987 3635 omnia
1033 3595 1158 3651 quae
1193 3580 1352 3652 prius
1394 3580 1611 3636 fuerant
1649 3578 1981 3646 occasiones,
2013 3584 2070 3635 et
2126 3595 2291 3636 causa

293 3668 486 3723 mortis
521 3674 576 3723 et
606 3668 1083 3739 peccati.Roman.
1110 3684 1170 3723 vi
1205 3683 1217 3722 t
1249 3667 1512 3733 Quomodo
1540 3667 1787 3725 Christus
1812 3660 2061 3724 surrexit·
2079 3684 2113 3723 a
2135 3683 2287 3723 mor-

293 3757 400 3813 cuis
423 3772 525 3829 per
548 3755 777 3827 ploriam
795 3755 996 3829 patris,
1025 3757 1105 3811 ita
1135 3763 1187 3813 et
1223 3772 1320 3811 uos
1345 3756 1407 3811 in
1423 3756 1663 3813 novitate
1690 3756 1814 3813 vitoe
1850 3757 2191 3813 ambulemus.
2217 3756 2290 3812 Et

291 3845 410 3903 haec
434 3862 574 3901 nova
598 3846 714 3903 vita
739 3851 824 3901 est
853 3846 964 3901 vita
985 3846 1236 3919 justitias,
1265 3860 1391 3920 quae
1409 3846 1636 3903 innovat
1667 3846 1927 3916 animam,
1958 3852 2015 3904 et
2036 3845 2290 3923 perducit

293 3934 368 3992 ad
390 3933 557 3990 vitam
585 3933 793 4007 gloriae.
824 3937 1020 3993 Amen.
