2850 4517
551 407 669 468 114
1029 427 1083 472 a.
1126 425 1361 471 ‘1¹quAE
1400 425 1729 478 numm-ms
1772 420 2083 472 croscum

547 541 701 597 modo
725 539 1156 614 comprehendam
1181 543 1374 615 .··qu0d
1399 556 1507 599 non
1533 547 1618 599 est
1645 540 2059 614 intelligendum
2089 540 2387 598 secundum
2414 544 2581 616 quod

551 630 962 704 comprehensio
986 629 1344 689 inclusionem
1366 631 1648 705 importat,
1676 631 1773 688 sed
1803 631 2104 689 secundum
2134 632 2279 706 quod
2306 633 2582 705 importat

440 771 444 776 .
553 718 1058 792 praesentialitatem
1087 727 1143 778 et
1168 720 1529 779 intentionem
1552 720 1851 795 quamdam
1879 722 1997 795 ejus
2021 720 2169 794 quod
2198 720 2401 777 dicitur
2423 736 2581 777 com·

554 807 838 881 prehendi,

1265 980 1549 1049 CAPUT
1594 983 1854 1050 CLXV.

670 1119 850 1198 Quod
869 1121 1070 1192 nidere
1107 1121 1304 1186 Deum
1325 1127 1413 1188 est
1439 1141 1672 1186 summa
1687 1122 2006 1202 perfectio,
2039 1126 2096 1185 et
2123 1120 2457 1185 delectatio.

547 1315 550 1320 ,
626 1255 836 1312 Rursus
861 1254 1320 1314 considerandum
1352 1264 1456 1325 est,
1485 1256 1630 1331 quod
1671 1273 1738 1312 ex
1780 1253 2211 1330 apprehensione
2237 1245 2577 1311 conveniens

557 1342 849 1400 delectatio
875 1350 1170 1416 generatur
1211 1346 1356 1402 sicut
1395 1347 1550 1403 visus
1572 1345 1879 1414 delectatur
1918 1344 1976 1402 in
2006 1343 2247 1416 pulchris
2270 1343 2573 1412 coloribuS‚

559 1439 615 1488 et
646 1437 840 1504 gustus
863 1432 922 1489 in
945 1433 1206 1490 suavibus
1238 1435 1527 1508 saporibus
1556 1452 1569 1489 τ
1596 1434 1691 1490 sed
1716 1433 1836 1490 haec
1863 1433 2085 1507 quidem
2113 1432 2406 1489 delectatio
2437 1449 2575 1489 sen-

560 1535 719 1576 suum
748 1529 930 1592 potest
954 1521 1207 1595 impediri
1235 1528 1460 1595 propter
1498 1523 1687 1594 organi
1718 1520 2209 1595 indispositionem,
2237 1537 2365 1577 nam
2397 1520 2575 1579 oculis

482 1626 488 1632 ·
559 1610 726 1681 aegris
751 1608 940 1668 odiosa
974 1617 1059 1666 est
1086 1610 1198 1678 lux,
1226 1626 1353 1684 quae
1375 1611 1527 1683 puris
1554 1619 1639 1668 est
1667 1609 1939 1667 amabilis·
1966 1612 2074 1668 Sed
2103 1611 2232 1684 quia
2262 1610 2578 1668 intellectus

560 1713 669 1755 non
696 1699 954 1772 intelligit
981 1715 1078 1773 per
1101 1714 1366 1771 organum
1394 1699 1697 1773 corporale,
1732 1707 1793 1756 ut
1832 1715 1996 1773 supra
2024 1705 2304 1758 ostensum
2331 1706 2435 1766 est,
2468 1698 2577 1755 de-

563 1787 841 1844 lectationi
867 1805 992 1862 quae
1021 1796 1106 1846 est
1130 1789 1190 1845 in
1211 1789 1651 1846 consideratione
1688 1790 1963 1857 veritatiS,
2005 1789 2153 1846 nulla
2184 1789 2409 1846 tristitia
2433 1804 2577 1846 con-

566 1878 847 1935 trariatur.
880 1880 1064 1937 Potest
1094 1886 1276 1937 tamen
1299 1896 1396 1954 per
1421 1879 1676 1936 accidens
1704 1895 1773 1934 ex
1793 1877 2233 1936 consideratione
2259 1877 2577 1936 intellectus

565 1965 790 2023 tristitia
814 1968 988 2041 sequi,
1033 1968 1086 2025 in
1116 1976 1384 2043 quantum
1409 1969 1465 2024 id
1507 1968 1654 2042 quod
1698 1966 2471 2040 intelligitur·apprehenditur
2510 1975 2576 2023 ut

563 2055 838 2128 nocivum,
866 2065 927 2114 ut
955 2058 1036 2115 sic
1071 2058 1366 2116 delectatio
1399 2058 1623 2132 quidem
1651 2057 1797 2113 adsit
1824 2056 2125 2112 intellectui
2162 2055 2231 2112 de
2259 2057 2575 2128 cognitione

565 2145 816 2204 veritatis
844 2163 856 2202 :
891 2148 1116 2204 tristitia
1142 2153 1325 2204 autem
1350 2147 1402 2202 in
1432 2147 1716 2204 voluntate
1744 2154 2008 2220 sequatur
2036 2146 2104 2202 de
2125 2162 2184 2202 re
2209 2161 2333 2219 quae
2353 2161 2578 2218 cognos·

565 2233 708 2290 citur
723 2249 830 2290 non
855 2235 911 2291 in
927 2244 1192 2308 quantum
1217 2235 1586 2307 cognoscitur,
1603 2235 1700 2291 sed
1726 2236 1781 2314 in
1806 2242 2075 2309 quantum
2098 2251 2197 2293 suo
2218 2241 2346 2291 actu
2372 2243 2573 2292 nocet:

566 2321 712 2375 Deus
742 2329 926 2378 autem
964 2322 1066 2379 hoc
1094 2323 1274 2394 ipsum
1320 2323 1468 2395 quod
1496 2329 1601 2393 est,
1640 2323 1848 2380 veritas
1874 2329 1980 2380 est.
2013 2325 2136 2380 Non
2180 2329 2361 2397 potest
2402 2325 2579 2396 igitur

568 2407 877 2464 intellectus
907 2409 1077 2466 Deum
1123 2409 1334 2477 videns,
1367 2411 1421 2466 in
1469 2412 1588 2482 ejus
1624 2411 1835 2468 visione
1874 2427 1982 2468 non
2019 2408 2304 2469 delectari.
2342 2412 2572 2482 Iterum,

507 2570 512 2574 ι
567 2495 714 2551 Deus
743 2503 826 2553 est
855 2497 975 2570 ipsa
1003 2497 1240 2566 bonitaS,
1266 2515 1393 2572 quae
1419 2505 1505 2554 est
1530 2499 1674 2557 ratio
1701 2499 2032 2569 dilectionis,
2065 2501 2209 2557 unde
2238 2516 2462 2558 necesse
2491 2508 2577 2558 est

568 2586 744 2657 ipsam
789 2585 942 2657 diligi
990 2587 1061 2642 ob
1099 2587 1352 2644 omnibus
1394 2573 1933 2662 apprehendentibus
1986 2591 2187 2663 ipsam.
2228 2591 2384 2648 Licet
2426 2591 2576 2648 enim

527 2677 544 2692 ‘
569 2673 775 2747 aliquid
801 2675 945 2746 quod
971 2675 1170 2733 bonum
1199 2685 1304 2744 est,
1327 2679 1500 2750 possit
1531 2695 1637 2734 non
1664 2677 1840 2750 diligi,
1865 2677 1951 2735 vel
1977 2679 2147 2735 etiam
2182 2680 2328 2748 odio,
2358 2680 2573 2750 haberi,

565 2761 670 2819 hoc
695 2779 800 2818 non
823 2772 908 2824 est
937 2764 992 2821 in
1015 2771 1283 2839 quantum
1311 2767 1738 2840 apprehenditur
1760 2775 1823 2823 ut
1848 2767 2070 2837 bonum,
2104 2768 2197 2826 sed
2225 2769 2279 2825 in
2307 2777 2575 2843 quantum

565 2852 992 2925 apprehenditur
1038 2840 1120 2911 ut*
1143 2857 1420 2914 nocivum.
1451 2857 1512 2912 In
1561 2857 1769 2913 visione
1814 2856 1984 2929 igitur
2030 2857 2150 2925 Dei,
2191 2859 2287 2931 qui
2324 2865 2409 2914 est
2454 2861 2577 2932 ipsa

566 2940 782 2998 bonitas
809 2948 867 2998 et
907 2945 1134 3014 veritas,
1176 2952 1393 3019 oportet
1436 2945 1581 3002 sicut
1616 2945 2179 3020 comprehensionem,
2210 2946 2289 3004 ita
2317 2947 2576 3004 dilectio-

565 3047 712 3098 nem,
743 3047 840 3088 seu
888 3031 1268 3090 delectabilem
1297 3034 1615 3090 fruitionem
1656 3035 1870 3103 adesse,
1908 3035 2209 3093 secundum
2245 3036 2380 3092 illud
2416 3037 2577 3095 Isaiae

569 3118 781 3175 ultimo.
819 3121 1100 3189 videbitis,
1129 3130 1184 3180 et
1207 3122 1457 3196 yaudobit
1479 3139 1572 3180 cor
1588 3111 1847 3182 vestrum.

1259 3296 1542 3363 CAPUT
1582 3297 1872 3366 CLXVI.

613 3431 920 3508 Quomodo
948 3436 1148 3498 omnia
1185 3435 1452 3500 videntia
1488 3440 1685 3501 Deum
1710 3441 2069 3518 confirmata
2092 3445 2241 3503 sunt
2264 3440 2336 3503 in
2360 3439 2531 3503 bono.

633 3563 715 3620 Ex
732 3564 837 3622 hoc
865 3574 1051 3622 autem
1080 3574 1327 3639 apparet,
1355 3569 1501 3640 quod
1528 3570 1711 3626 anima
1738 3569 1927 3626 videns
1949 3571 2145 3640 Deum,
2174 3569 2261 3627 vel
2284 3589 2575 3645 quaecum-

564 3669 672 3728 que
716 3654 826 3711 alia
863 3652 1167 3726 spiritualis
1207 3665 1460 3713 creatura
1506 3657 1671 3714 habet
1706 3660 2055 3716 voluntatem
2092 3659 2477 3716 confirmatam
2518 3660 2573 3716 in

565 3744 702 3816 ipsc,
757 3750 819 3798 ut
870 3743 940 3799 ad
991 3746 1329 3802 contrarium
1385 3748 1453 3802 de
1506 3757 1708 3822 caetero
1756 3764 1861 3821 non
1918 3748 2196 3826 flectatur.
2246 3749 2383 3824 Cum
2426 3749 2572 3825 enim

565 3831 840 3904 objectum
869 3833 1168 3892 voluntatis
1191 3836 1263 3892 sit
1303 3835 1525 3920 bonum³
1555 3815 1888 3922 impossibile
1916 3846 1999 3894 est
2040 3811 2382 3914 voluntatem
2408 3815 2573 3912 incli-

569 3915 687 3975 na'ri
717 3922 772 3978 in
800 3922 1029 3998 aliquid,
1056 3923 1161 3996 nisi
1189 3925 1293 3985 sub
1320 3926 1507 4026 aliqua
1539 3924 1749 3986 ratione
1784 3905 2305 4028 b0n12pnssihile
2277 3934 2362 4002 est
2385 3935 2573 4013 autem

567 4009 626 4063 iu
649 4023 994 4094 quocumque
1015 4003 1335 4092 particulari
1357 4013 1500 4082 bono
1518 4013 1725 4091 aliquid
1748 4015 2001 4084 deiicere,
2024 4015 2217 4088 quod
2200 4013 2307 4088 lpsi
2332 4031 2571 4088 cognos-
