2850 4517
488 345 606 404 504
964 359 1016 400 s.
1061 357 1293 400 ‘rueme
1334 353 1662 404 AQmNA‘rts
1704 353 2013 397 opuscum

491 481 651 531 netur
688 489 794 530 non
821 485 942 529 esse
970 471 1041 528 de
1077 471 1408 527 necessitate
1450 469 1576 526 fidei
1614 481 1712 540 per
1740 467 1903 541 quam
1943 467 2241 537 salvamur,
2270 471 2505 528 credere

489 564 753 636 Spiritum
795 569 1046 617 sanctum
1075 575 1194 616 esse
1223 576 1256 616 a
1283 559 1441 626 Filio,
1469 557 1866 615 ostendendum
1894 563 1980 613 est
2009 573 2105 630 per
2133 559 2504 616 auctoritates

491 652 775 708 doctorum
800 647 1135 716 Graecorum,
1160 649 1262 705 hoc
1281 664 1400 704 esse
1430 648 1499 704 de
1522 648 1849 704 necessitate
1868 645 1993 702 fidei
2020 653 2076 702 et
2104 645 2321 704 salutis,
2352 648 2501 705 Dicit

491 741 636 796 enim
655 737 986 796 Athanasius
1009 737 1063 792 in
1093 735 1325 808 epistola
1351 736 1419 792 ad
1437 734 1788 808 Serapionem
1816 751 1883 790 :.«
1915 734 2079 791 Juxta
2103 735 2248 809 quod
2268 735 2502 792 mandat

495 827 788 903 Apostolus
814 843 828 882 :
860 825 1190 884 Haereticum
1222 825 1500 882 hominem
1528 833 1650 897 post
1691 824 1926 898 primam
1956 831 2012 878 et
2040 824 2338 880 secundam
2366 839 2502 880 eor-

493 916 792 973 rectionem
833 915 1037 980 devit-a,
1069 913 1237 970 etiam
1283 915 1325 970 si
1361 929 1502 987 quos
1528 911 1733 968 videris
1767 927 1893 968 cum
1943 911 2061 982 Elia
2106 911 2357 969 volantes
2394 929 2500 986 per

495 1019 642 1072 aera,
675 1013 878 1061 etcum
901 1004 1060 1059 Petro
1085 1011 1141 1058 et
1165 1003 1348 1076 Moyse
1367 1003 1514 1058 sicco
1540 1001 1677 1074 pede
1706 999 1984 1058 calcantes
2007 1001 2199 1067 maria,
2233 1000 2341 1057 nisi
2369 1001 2509 1074 Spi-

493 1094 658 1149 ritum
683 1103 930 1150 sanctum
967 1091 1322 1165 profiteantur
1345 1092 1521 1147 Deum
1551 1089 1915 1146 essentialiter
1938 1105 2007 1146 ex
2034 1077 2148 1147 Deo
2182 1089 2318 1146 Filio
2346 1091 2509 1146 exis·

493 1189 719 1246 tentem,
745 1182 887 1237 sicut
915 1189 971 1236 et
997 1179 1196 1234 Filium
1231 1179 1555 1236 naturaliter
1584 1179 1758 1234 Deum
1786 1179 2031 1249 genitum
2068 1179 2403 1235 aeternaliter
2434 1195 2507 1236 ex

494 1273 611 1327 Deo
650 1271 812 1326 Patre
841 1269 1185 1330 existentem,
1221 1275 1281 1324 ut
1311 1283 1408 1324 nos
1447 1267 1785 1341 profitemur,
1818 1281 1911 1323 eos
1954 1281 2061 1322 non
2082 1257 2344 1339 recipias·
2374 1287 2401 1319 n
2432 1267 2505 1324 Et

495 1361 694 1416 iterum
713 1375 726 1413 ε
742 1378 768 1411 α
795 1355 1303 1429 Blasphemantibus
1326 1365 1381 1426 et
1412 1355 1739 1426 negantibus
1761 1354 2024 1428 Spiritum
2050 1363 2299 1412 sanctum
2324 1357 2505 1414 Deum

494 1461 613 1504 esse
640 1446 708 1501 de
736 1452 933 1501 natura
962 1445 1058 1498 Dei
1088 1443 1204 1510 filii,
1229 1459 1336 1499 non
1365 1444 1754 1500 communices.
1788 1462 1821 1495 *n
1853 1445 1991 1499 Item
2019 1443 2255 1517 Cyrill-us
2279 1444 2419 1502 dicit
2444 1447 2503 1503 iu

495 1535 633 1590 libro
666 1533 1066 1590 'thesaurorum
1111 1549 1124 1586 ε
1172 1553 1196 1586 α
1234 1533 1619 1590 Necessarium
1665 1531 1831 1588 saluti
1875 1541 2078 1589 nostrae
2122 1540 2207 1589 est
2243 1535 2501 1590 confiteri

495 1622 760 1694 Spiritum
787 1629 1042 1678 sanctum
1068 1620 1138 1676 de
1166 1620 1404 1676 essentia
1428 1620 1550 1675 Filii
1579 1620 1834 1686 existere,
1868 1628 2127 1692 tanquam
2154 1636 2224 1677 ex
2261 1622 2379 1694 ipso
2408 1638 2505 1678 se-

492 1710 731 1767 cundum
761 1717 1013 1766 naturam
1038 1700 1384 1766 existentem.
1420 1729 1447 1760 n
1478 1710 1614 1765 Item
1651 1709 1987 1782 Epiphanius
2019 1710 2073 1764 in
2110 1709 2250 1767 libro
2277 1711 2347 1766 de
2371 1711 2504 1768 Tri-

495 1799 668 1856 nitate
697 1815 711 1852 :
745 1817 772 1852 α
799 1799 874 1854 Te
902 1798 1081 1871 ipsum
1110 1797 1316 1854 alienas
1344 1815 1374 1853 a
1398 1797 1722 1870 gratia-Dei,
1754 1813 1879 1854 cum
1915 1814 2019 1853 non
2050 1798 2250 1871 recipis
2277 1815 2310 1855 a
2340 1801 2503 1857 Patre

494 1886 712 1954 Filium,
733 1902 910 1961 neque
937 1887 1202 1959 Spiritum
1225 1893 1477 1942 sanctum
1506 1901 1538 1942 a
1557 1886 1719 1943 Patre
1747 1885 1954 1941 'etFilio
1984 1885 2143 1942 dicis·
2168 1910 2193 1938 n
2220 1888 2377 1944 Patet
2391 1887 2501 1959 igi-

495 1982 604 2043 tur,
625 1975 772 2049 quod
803 1975 1130 2033 nullomodo
1155 1983 1282 2032 sunt
1307 1975 1595 2043 tolerandi,
1630 1974 1724 2049 qui
1747 1975 2009 2048 Spiritum
2036 1983 2287 2034 sanctum
2312 1994 2343 2035 a
2362 1978 2502 2035 Filio

498 2065 799 2138 procedere
828 2069 1048 2135 negant.

705 2261 885 2340 Quod
905 2261 1204 2342 Pantitae*
1225 2262 1541 2326 Romanus
1562 2266 1652 2325 est
1664 2261 1905 2341 primm
1926 2267 1983 2326 et
2004 2264 2304 2329 mmmm·

1116 2353 1278 2414 inter
1299 2368 1495 2414 omnes
1514 2351 1877 2449 Episcopus.

565 2505 772 2566 Similis
807 2513 994 2563 autem
1030 2523 1183 2563 error
1220 2514 1304 2564 est
1335 2508 1635 2566 dicentium
1669 2509 1873 2568 Christi
1918 2510 2212 2576 vicarium,
2233 2511 2505 2570 Romanae

497 2590 1104 2654 Ecclesi'ae‘Pontificem
1136 2608 1242 2653 uon
1280 2596 1483 2654 habere
1524 2599 1849 2670 universalis
1882 2599 2142 2657 Ecclesiae
2177 2607 2501 2672 primatum,

497 2685 668 2740 errori
697 2685 1016 2752 dicentium,
1049 2685 1308 2758 Spiritum
1351 2692 1605 2745 sanctum
1642 2703 1675 2744 a
1707 2687 1845 2744 Filio
1883 2703 1989 2744 non
2025 2688 2341 2762 procedere.
2382 2687 2507 2760 Ipse

500 2773 644 2828 enim
673 2772 920 2830 Christus
948 2775 1045 2830 Dei
1075 2774 1216 2830 filius
1240 2789 1394 2831 suam
1422 2774 1728 2832 Ecclesiam
1748 2782 2055 2846 consecrat,
2088 2782 2146 2832 et
2180 2777 2284 2834 sibi
2308 2777 2507 2834 consi·-

499 2869 632 2938 gnat
657 2862 864 2934 Spiritu
906 2869 1098 2918 sancto
1120 2864 1276 2935 quasi
1316 2878 1416 2920 suo
1456 2862 1773 2921 charactere
1813 2874 1869 2922 et
1907 2865 2108 2938 sigillo,
2138 2871 2199 2922 ut
2232 2882 2299 2922 ex
2341 2880 2507 2938 supra

499 2949 693 3022 positis
711 2950 1132 3007 auctoritatibus
1149 2951 1437 3008 manifeste
1464 2951 1715 3010 habetur.
1737 2953 1807 3010 Et
1830 2953 2101 3020 similiter,
2121 2953 2322 3011 Christi
2340 2954 2508 3010 Vica-

497 3036 614 3093 rius
645 3053 746 3093 suo
783 3038 1039 3111 primatu,
1068 3045 1124 3094 et
1164 3039 1507 3111 providentia
1538 3034 1848 3098 universam
1875 3041 2197 3107 Ecclesiam,
2232 3048 2501 3116 tanquam

502 3120 678 3178 fidelis
717 3123 985 3188 minister,
1016 3124 1231 3180 Christo
1269 3124 1571 3196 subjectam
1615 3134 1925 3184 conservat.
1972 3127 2392 3185 Ostendendum
2425 3135 2511 3184 est

501 3223 632 3281 ergo
661 3226 728 3266 ex
751 3210 1170 3269 auctoritatibus
1198 3213 1519 3271 Graecorum
1550 3214 1837 3272 doctorum
1874 3216 2264 3289 praedictorum
2306 3214 2511 3272 Christi

499 3297 776 3353 vicarium
831 3299 886 3354 in
943 3307 1116 3356 totam
1159 3299 1462 3358 Ecclesiam
1511 3301 1713 3359 Christi
1768 3304 2061 3376 potestatis
2109 3301 2513 3378 plenitudinem

499 3384 767 3442 obtinere.
797 3386 954 3466 Quod
974 3384 1120 3444 e‘nim
1148 3389 1428 3446 Romanus
1452 3389 1701 3448 Pontifex
1724 3407 2009 3463 successor
2041 3391 2189 3448 Petri
2212 3399 2269 3464 et
2304 3391 2511 3450 Christi

502 3471 770 3540 vicarius,
807 3475 882 3530 sit
927 3475 1132 3546 primus
1175 3483 1230 3532 et
1273 3477 1547 3534 maximus
1596 3480 1842 3536 omnium
1884 3480 2283 3554 episcoporum,
2322 3481 2513 3538 Canon

503 3557 720 3616 concilii
766 3576 1022 3634 expresse
1061 3564 1319 3631 ostendit,
1345 3565 1427 3621 sic
1460 3566 1649 3624 dicens
1690 3584 1703 3622 ε
1752 3587 1779 3621 α
1825 3569 2166 3628 Veneremur
2206 3568 2510 3626 secundum

503 3645 813 3717 Scripturas
827 3654 884 3704 et
905 3648 1188 3707 canonum
1209 3651 1588 3710 definitionem
1612 3655 2023 3714 sanctissimum
2048 3655 2294 3730 antiquae
2316 3656 2511 3714 Romae

501 3729 848 3805 Episcopum,
880 3738 1116 3810 primum
1157 3755 1279 3798 esse
1319 3747 1378 3798 et
1415 3744 1714 3800 maximum
1756 3743 2003 3801 omnium
2044 3744 2452 3818 episcoporum.
2480 3762 2507 3796 ι

501 3814 618 3871 Hoc
643 3827 826 3877 autem
848 3827 1162 3884 auctoritati
1187 3837 1453 3888 consonat
1476 3845 1651 3890 sacrae
1674 3831 1992 3907 Scripturas,
2012 3845 2139 3906 quae
2166 3831 2311 3889 inter
2331 3834 2513 3906 Apos-

503 3898 645 3958 tolos
672 3904 831 3964 Petro
871 3913 1120 3970 attribuit
1159 3917 1396 3987 primum
1440 3918 1621 3977 locum
1647 3925 1760 3978 tam
1796 3921 1857 3979 in
1891 3919 2227 3994 Evangeliis,
2254 3935 2425 3994 quam
2456 3920 2514 3977 in

1518 4091 1611 4100 ----..
1640 4093 1645 4098 .
