2850 4517
513 346 631 408 400
989 364 1020 406 s
1087 361 1320 404 monas
1362 361 1689 409 onmffls
1730 358 2036 402 croscum

511 477 567 533 in
589 475 797 534 eadem
837 475 1064 549 epistola
1097 460 1111 532 ἐ
1145 495 1172 529 α
1203 474 1370 531 Filius
1410 475 1489 531 ait
1521 492 1533 529 :
1568 473 1684 540 Ille,
1723 474 1947 530 'scilicet
1991 472 2228 545 Spiritus
2270 485 2519 542 sanctus,

509 582 589 621 me
623 565 962 637 clarificabit,
999 565 1053 622 id
1083 571 1186 630 est,
1215 563 1269 620 in
1299 580 1358 620 se
1383 573 1586 630 meam,
1629 570 1688 618 ut
1716 561 1878 620 habet
1902 578 1933 618 a
1960 578 2069 631 me,
2103 561 2398 630 Deitatem‚
2432 579 2523 618 me

510 655 807 727 gloriosum
826 657 998 711 Deum
1021 651 1451 710 demonstrabit:
1478 651 1612 709 sicut
1636 659 1684 708 et
1708 667 1797 724 eqo
1814 651 2054 723 qlorifico
2076 650 2300 706 Patrem
2324 668 2521 718 mettin,

511 743 566 798 id
584 751 686 809 est,
706 745 848 800 sicut
873 743 926 800 in
945 750 1030 798 me
1054 741 1255 815 abipso
1277 743 1393 813 ejus
1415 741 1589 799 habeo
1607 741 1881 797 Deitatem
1904 759 1951 794 n.
1979 740 2047 796 Et
2068 739 2301 796 Basilius
2324 751 2524 798 contra

511 832 836 889 Eunomium
865 831 998 889 dicit
1029 848 1044 886 ι
1073 851 1099 884 α
1133 831 1516 888 Denominatio
1544 846 1575 886 a
1606 831 1764 886 Patre
1795 829 1990 885 transit
2024 829 2076 884 in
2106 828 2322 897 Filium,
2359 837 2423 884 ut
2452 830 2525 886 de

512 922 624 978 Deo
657 922 813 978 Patre
850 923 923 984 sit
967 922 1114 977 Deus
1155 919 1341 987 Filius,
1375 936 1443 978 ex
1469 918 1691 976 domino
1732 917 2001 985 dominus,
2040 934 2105 974 ex
2144 918 2525 991 omnipotente

411 1055 418 1057 .
511 1011 872 1083 omnipotens,
901 1025 969 1066 ex
1005 1009 1252 1083 sapiente
1295 1009 1583 1082 sapientia,
1614 1024 1682 1065 ex
1716 998 2217 1080 summo'loquente
2252 1007 2520 1075 Verbum,

513 1115 580 1155 ex
605 1099 808 1160 virtute
838 1102 1043 1167 virtus;
1074 1114 1236 1154 verus
1259 1097 1439 1154 'Filius
1466 1097 1865 1154 dominationes
1889 1097 2065 1152 Patris
2093 1095 2257 1152 habet
2282 1095 2335 1150 in
2377 1113 2437 1152 se
2468 1117 2519 1152 υ.

512 1186 788 1243 Raetiam
827 1193 883 1244 et
909 1187 1142 1258 Spiritus
1169 1191 1392 1243 sanctus
1430 1194 1514 1242 est
1550 1186 1814 1242 Dominus
1848 1194 1904 1242 et
1941 1186 2104 1251 Deus,
2148 1184 2518 1256 omnipotenS‚

512 1274 746 1346 sapienS,
785 1275 990 1343 virtus3
1023 1273 1346 1330 naturaliter
1368 1289 1591 1330 sumens
1612 1272 1777 1330 habet
1814 1288 1847 1329 a
1870 1272 2099 1328 Domino
2129 1273 2241 1328 Deo
2271 1273 2435 1328 Patre
2463 1282 2522 1329 et

512 1361 666 1428 Filio,
695 1379 727 1419 a
755 1381 865 1436 quo
903 1369 1005 1428 est,
1037 1373 1093 1418 et
1127 1363 1309 1418 datur.
1340 1364 1498 1419 Patet
1526 1370 1711 1418 autem
1740 1360 1884 1434 quod
1921 1377 2019 1434 per
2041 1360 2317 1433 hoc·quod
2348 1360 2523 1417 Filius

512 1450 676 1506 habet
719 1451 1007 1517 Deitatem,
1059 1457 1113 1506 et
1149 1450 1417 1522 quidquid
1456 1449 1619 1507 habet
1664 1464 1697 1506 a
1743 1451 1923 1519 Patre,
1974 1448 2309 1506 aeterualiter
2351 1462 2439 1505 est
2486 1467 2522 1507 a

513 1539 692 1597 Patre.
724 1539 958 1611 Spiritus
987 1552 1114 1610 ergo
1143 1544 1383 1606 sanct-ue,
1409 1537 1746 1596 aeternaliter
1770 1555 1803 1594 a
1837 1539 1995 1594 Patre
2026 1545 2081 1594 et
2109 1536 2245 1596 Filio
2274 1539 2418 1595 sicut
2448 1537 2520 1595 ab

512 1625 592 1694 eis
615 1627 889 1699 accipiens
926 1628 1218 1694 Deitatem,
1247 1633 1302 1682 et
1329 1625 1596 1700 quidquid
1626 1625 1806 1682 babet.

758 1821 936 1898 Quod
963 1822 1174 1885 Filius
1196 1826 1483 1902 operatur
1499 1839 1613 1901 per
1647 1820 1951 1900 Spiritum
1977 1825 2273 1884 sanctum.

581 1983 826 2038 nabetur
841 1990 897 2039 et
925 1999 990 2039 ex
1015 1983 1344 2040 auctoritate
1367 1999 1541 2041 sacrae
1566 1983 1879 2056 scripturae,
1902 1981 2048 2057 quod
2073 1981 2243 2038 Filius
2260 1987 2520 2055 operetur

513 2072 568 2128 in
595 2071 800 2144 Spiritu
828 2078 1036 2137 sancte,
1087 2072 1171 2128 vel
1219 2089 1314 2144 per
1343 2072 1605 2144 Spiritum
1640 2079 1914 2129 sanctum.
1961 2073 2107 2128 Dicit
2148 2073 2295 2130 enim
2336 2075 2551 2145 Apes—-

512 2159 656 2214 tolus
679 2163 834 2216 Rom.
868 2175 942 2215 xv
976 2178 988 2216 ε
1019 2161 1144 2220 Non
1173 2161 1314 2217 enim
1340 2161 1506 2216 audeo
1534 2161 1741 2233 aliquid
1766 2161 1909 2233 loqui
1945 2176 2151 2226 eorum,
2181 2175 2296 2232 quoe
2312 2178 2416 2234 per
2438 2176 2520 2218 me

511 2263 617 2303 non
645 2247 810 2320 efficit
835 2247 1080 2304 Christus
1107 2249 1166 2304 in
1195 2249 1541 2306 obedientiam
1569 2248 1804 2322 penitam
1837 2249 1991 2304 verbo
2014 2255 2062 2304 et
2089 2249 2268 2320 factis.
2299 2250 2358 2304 in
2394 2266 2520 2305 mr-

512 2341 624 2392 tute
641 2335 914 2406 siynorum
941 2343 990 2392 et
1015 2337 1410 2410 prodigiorum,
1441 2338 1501 2394 in
1538 2338 1738 2395 virtute
1762 2337 1999 2410 Spiritus
2024 2336 2216 2394 sancti.
2246 2337 2317 2392 Et
2341 2328 2384 2392 1‘
2407 2338 2519 2396 Co-

511 2423 682 2478 rinth.·
710 2438 793 2482 n.-
817 2421 1019 2479 dicitur
1050 2441 1064 2477 ε
1109 2424 1274 2480 Nobis
1317 2427 1573 2484 revelavit
1599 2426 1742 2492 Deus
1772 2443 1874 2499 per
1899 2426 2149 2498 spiritum
2189 2441 2347 2480 suum
2374 2441 2397 2481 .·
2434 2433 2519 2482 est

399 2581 404 2587 ⁴
511 2525 684 2574 autem
707 2517 939 2590 spiritus
963 2517 1150 2574 Patris
1176 2525 1228 2576 et
1267 2519 1412 2576 Filii.
1463 2523 1622 2576 Pater
1651 2536 1779 2594 ergo
1824 2528 1881 2576 et
1923 2522 2086 2578 Filius
2122 2536 2215 2593 per
2241 2519 2515 2592 Spiritum

511 2613 760 2664 sanctum
801 2606 1092 2665 revelando
1137 2616 1453 2682 operantur.
1492 2610 1631 2666 Hinc
1670 2618 1755 2666 est
1794 2610 1961 2682 quod·
1985 2610 2247 2666 AthanaS.
2276 2607 2415 2665 dicit
2457 2609 2513 2665 in

509 2695 740 2769 epistola
756 2696 824 2753 ad
843 2697 1224 2771 Serapionem:
1243 2719 1269 2752 α
1285 2698 1453 2755 Filius
1467 2698 1565 2754 Dei
1591 2697 1943 2755 illuminando
1961 2713 2059 2754 nos
2084 2686 2442 2770 praex'reniens‚
2457 2705 2513 2753 et

503 2784 857 2857 justificando
882 2785 939 2841 in
964 2786 1071 2844 fide
1093 2787 1471 2852 corroborans,
1496 2794 1552 2842 et
1571 2788 1879 2861 Scripturas
1907 2786 2201 2843 reserando
2215 2787 2375 2843 donis
2396 2802 2514 2844 suae

511 2874 794 2946 sapientiae
823 2889 922 2930 nos
947 2873 1182 2949 replens,
1210 2892 1318 2932 non
1357 2876 1413 2930 in
1438 2874 1617 2932 alieno
1641 2886 1697 2933 et
1726 2893 1829 2933 non
1859 2891 1958 2932 suo
1978 2874 2179 2947 spiritu
2204 2873 2347 2932 dona
2374 2891 2513 2932 con-

509 2962 676 3029 cedit,
696 2964 981 3020 remittens
1002 2971 1245 3036 peccata,
1267 2971 1321 3020 et
1349 2963 1771 3022 charismatibus
1792 2980 1891 3021 nos
1921 2963 2299 3031 imbuens,sed
2328 2964 2511 3036 potius

511 3051 566 3106 in
595 3065 692 3106 suo
724 3052 940 3124 proprio
981 3052 1185 3124 Spiritu
1211 3059 1421 3108 sancto.
1460 3076 1485 3106 n
1516 3052 1748 3126 cyrillus
1776 3053 1940 3109 etiam
1989 3053 2125 3109 dicit
2163 3053 2220 3108 iu
2261 3066 2511 3108 sermone

509 3139 829 3209 dogmatum
857 3140 976 3206 Dei,
1009 3140 1155 3212 quod
1187 3161 1212 3192 α
1245 3141 1412 3197 Filius
1442 3142 1720 3215 proprium
1740 3139 1913 3215 'habet
1942 3141 1996 3197 in
2043 3157 2105 3197 se
2144 3140 2513 3196 essentialiter

508 3226 771 3298 Spiritum
795 3233 1062 3294 sanctum,
1090 3236 1237 3283 etex
1261 3244 1320 3284 se
1363 3228 1687 3284 naturaliter
1729 3227 1975 3295 missum,
2008 3228 2066 3284 in
2104 3242 2214 3300 quo
2250 3235 2512 3301 operatur
2555 3239 2568 3260 ·

509 3313 694 3372 divina
735 3314 1014 3380 miracula,
1047 3323 1305 3389 tanquam
1327 3317 1402 3372 :in
1434 3317 1652 3389 propria
1696 3323 1750 3373 et
1798 3329 2069 3374 verasua
2114 3318 2338 3373 virtute.
2373 3337 2399 3370 n
2432 3319 2512 3374 Ex

509 3402 614 3458 hoc
635 3409 818 3458 autem
843 3402 987 3475 quod
1009 3401 1176 3460 Filius
1199 3412 1461 3477 operatur
1485 3419 1581 3477 per
1606 3405 1867 3478 Spiritum
1906 3416 2176 3472 sanctum,
2206 3407 2278 3462 de
2314 3422 2513 3464 ncces-

509 3489 672 3552 strate
699 3482 1043 3548 concluditur
1072 3493 1215 3567 'quod
1240 3493 1477 3566 Spiritus
1504 3501 1726 3552 sanctus
1750 3496 1845 3550 sit·
1868 3511 1900 3550 a
1938 3494 2095 3550 Filio.
2129 3496 2312 3551 Potest
2362 3497 2509 3553 enim

508 3579 619 3634 dici
639 3579 844 3653 aliquis
868 3590 968 3654 ‘per
996 3580 1214 3654 aliquod
1246 3584 1464 3656 operari
1492 3582 1803 3656 dupliciter.
1823 3584 1943 3641 Uno
1972 3584 2134 3641 modo
2158 3599 2225 3640 ex
2253 3600 2338 3651 eo,
2361 3585 2521 3658 quod·

509 3667 562 3722 id
595 3684 690 3740 per
717 3669 860 3741 quod
891 3675 1168 3743 operatur,
1196 3677 1280 3727 est
1307 3670 1411 3727 sibi
1442 3672 1770 3746 principium
1796 3681 1851 3730 et
1891 3687 2058 3729 causa
2100 3672 2364 3746 operandi
2392 3674 2513 3729 sive

509 3755 748 3814 efficiens
775 3766 830 3814 et
855 3760 1258 3840 movens2sic'ut
1286 3759 1489 3816 dicitur
1516 3759 1731 3818 balivus
1754 3761 1968 3833 operari
1998 3768 2097 3834 per
2118 3761 2363 3832 Regem‘:
2392 3762 2513 3817 sive

509 3859 674 3900 causa
694 3845 956 3914 formalis,
983 3848 1126 3904 sicut
1154 3848 1356 3905 dicitur
1385 3850 1547 3906 homo
1586 3867 1685 3924 per
1718 3859 1891 3908 artem
1921 3851 2157 3922 operari.
2184 3850 2305 3907 Alio
2350 3849 2512 3906 modo

511 3929 611 3994 ita,
643 3932 785 4000 quod
822 3933 877 3987 id
907 3949 1001 4002 per
1041 3935 1186 4006 quod
1224 3945 1506 4011 operatur,
1538 3939 1610 3994 sit
1649 3953 1817 3996 causa
1848 3947 2093 4012 operato,
2124 3943 2181 3996 et
2224 3953 2333 3994 non
2370 3953 2513 4010 ope·
