2850 4517
627 399 712 442 iv.
740 415 821 428 --
846 401 925 444 ms
964 370 1385 445 Pnnmc'moisn
1429 401 1596 444 vrrAE
1647 401 2024 446 SPIRITUALIS
2211 369 2332 444 299

328 527 451 570 nem
472 514 677 570 mentis
714 514 1082 585 diverberant,
1116 517 1345 590 ejusque
1372 517 1550 574 aciem
1579 516 1894 572 obscurant.
1925 517 2071 572 Inter
2100 522 2332 574 caeteras

328 608 509 659 autem
543 603 915 675 proximorum
953 606 1383 662 necessitudines
1408 606 1649 662 maxime
1678 606 1880 662 affectu
1921 607 2192 677 conjugali
2221 609 2330 665 hu·-

325 707 517 749 manus
538 693 755 750 animus
781 695 1048 763 irretitur,
1076 695 1349 752 intantum
1378 696 1550 769 quod,
1583 695 1728 750 sicut
1755 693 1958 750 dicitur
1987 695 2139 750 Gen.-
2169 713 2232 761 11.
2262 715 2330 756 ex

319 797 417 837 ore
441 781 604 852 primi
633 783 875 854 parentis
898 799 911 837 ε
933 769 1217 856 Relinquet
1242 783 1391 840 homo
1418 785 1636 856 pati-'em
1666 789 1716 838 et
1747 789 1992 847 matrem,
2005 789 2057 839 et
2083 783 2331 840 adhaere-

322 867 400 925 bit
413 869 579 926 uxori
606 886 717 926 suoe
742 887 767 939 ‚·
790 877 845 927 et
870 871 995 928 ideo
1030 872 1101 929 ad
1130 872 1520 945 perfectionem
1547 871 1900 928 tendentibus
1934 871 2170 927 maxime
2205 873 2332 930 vin-

322 957 507 1014 culum
534 959 820 1032 conjugale
849 969 932 1017 est
961 961 1268 1029 vitandum,
1300 963 1433 1036 quia
1458 979 1557 1036 per
1583 961 1690 1018 hoc
1715 961 1878 1017 homo
1904 960 2140 1016 maxime
2183 961 2333 1018 curis
2418 1036 2427 1045 .

320 1047 679 1105 saecularibus
715 1049 1052 1122 implicatur.
1078 1051 1147 1108 Et
1192 1051 1335 1108 hanc
1376 1067 1602 1109 causam
1629 1050 1926 1124 Apostolus
1953 1049 2200 1121 assignat
2245 1050 2332 1106 sui

323 1137 555 1205 consilii,
607 1138 768 1211 quod'
800 1139 1029 1195 dederat
1084 1141 1154 1197 de
1206 1141 1546 1197 continentia
1598 1139 1887 1208 servanda,
1931 1139 2118 1194 dicens
2169 1141 2212 1206 1,
2261 1138 2332 1195 ad

320 1226 567 1282 Corinth.
597 1243 682 1282 vu
714 1243 731 1282 ε
764 1227 869 1294 Qui
902 1227 1017 1284 sim
1046 1245 1216 1285 umore
1253 1236 1349 1296 est,
1378 1230 1636 1286 sollicitus
1673 1237 1751 1288 est
1777 1244 1894 1303 quae
1916 1227 2136 1285 Domini
2180 1234 2329 1292 sunt,

319 1315 569 1387 quomodo
591 1317 795 1388 placeat·
820 1316 931 1373 Deo
960 1333 980 1375 .·
1010 1318 1104 1390 qui
1128 1327 1303 1376 autem
1340 1336 1459 1375 cum-
1487 1335 1655 1376 uoeorc
1681 1323 1778 1385 est,
1802 1317 2060 1374 sollicitus
2101 1324 2178 1374 est
2217 1331 2330 1389 quae
2365 1310 2378 1318 ”

318 1413 449 1462 sunt
486 1405 690 1461 mundi.
718 1407 790 1462 Ut
826 1422 956 1478 ergo
996 1407 1157 1464 bomo
1190 1409 1412 1464 liberius
1459 1410 1573 1464 Deo
1613 1415 1794 1476 vacet,
1827 1408 1992 1480 eique
2035 1406 2333 1480 perfectius

318 1494 604 1561 inhaereat,
631 1489 893 1552 secunda
916 1496 991 1554 ad
1028 1497 1418 1568 perfectionem
1472 1497 1561 1554 via
1610 1503 1694 1553 est
1742 1502 2007 1570 perpetua
2053 1496 2330 1553 castitatis

318 1582 653 1640 observatio.
678 1584 856 1640 Habet
882 1590 1069 1641 autem
1104 1593 1159 1641 et
1183 1586 1286 1642 boc
1319 1587 1674 1642 continentiae
1697 1586 1902 1642 bonum
1929 1585 2170 1658 aliquam
2206 1585 2332 1641 ido-

274 1694 285 1704 ·
315 1673 585 1730 neitatem
609 1680 663 1729 et
696 1673 1088 1746 perfectionem
1117 1675 1546 1746 adipiscendam.
1580 1675 1880 1749 Impeditur
1920 1675 2068 1731 enim
2114 1674 2330 1731 animus

313 1760 556 1817 hominis
586 1777 653 1816 ne
678 1760 847 1817 libere
868 1761 1041 1832 possit
1069 1762 1183 1816 Deo
1212 1777 1430 1828 vacare,
1458 1778 1566 1817 non
1589 1762 1766 1819 solum
1791 1779 1857 1818 ex
1883 1779 2067 1820 amore
2088 1763 2332 1820 exterio-

312 1867 443 1906 rum
470 1865 675 1916 rerum,
706 1850 805 1904 sed
838 1849 1012 1905 multo
1041 1850 1217 1920 magis
1259 1867 1325 1905 ex
1358 1851 1682 1907 interiorum
1726 1851 2043 1923 passionum
2069 1849 2328 1922 impulsu.

308 1940 468 1995 Inter
496 1951 688 1992 omnes
715 1943 901 1993 autem
937 1937 1229 1994 'interiores
1262 1939 1547 2011 passiones
1575 1939 1813 1994 maxime
1835 1939 2106 1994 rationem
2137 1938 2334 1994 absor-

309 2028 413 2084 bet
456 2024 901 2097 concupiscentia
944 2023 1165 2092 carnis‚'
1195 2034 1251 2082 et
1291 2041 1651 2082 venereorum
1694 2041 1867 2081 usus:
1909 2024 2054 2080 unde
2095 2028 2330 2096 August.

312 2115 459 2172 dicit
480 2115 537 2169 in
565 2128 584 2168 1
610 2113 1365 2186 libr.'Soliloquiorum:Nihil
1391 2131 1511 2171 esse
1541 2112 1718 2171 sentio
1738 2114 1882 2187 quod
1909 2114 2084 2185 magis
2114 2131 2182 2169 ex
2206 2129 2332 2170 arce

314 2201 547 2261 virtutis
590 2201 814 2274 dejiciat
862 2203 1105 2260 animum
1150 2203 1386 2271 virilem,
1439 2220 1603 2278 quam
1644 2202 2018 2261 blandimenta
2070 2202 2327 2269 foeminae,

314 2307 722 2366 corporumque
750 2291 842 2347 ille
868 2298 1176 2363 contactus,
1202 2291 1321 2349 sine
1357 2308 1468 2366 quo
1513 2308 1647 2350 uxor
1694 2292 1880 2350 haberi
1911 2307 2018 2348 non
2046 2297 2245 2363 potest,
2275 2295 2330 2346 et

314 2380 445 2439 ideo
473 2379 826 2437 continentiae
853 2382 943 2438 via
968 2389 1051 2437 est
1078 2382 1315 2439 maxime
1344 2383 1654 2439 necessaria
1678 2381 1748 2438 ad
1777 2381 2169 2454 perfectionem
2194 2394 2330 2435 con-

316 2470 677 2543 sequendam,
705 2485 873 2543 quam
908 2469 1131 2542 quidem
1177 2469 1323 2527 viam
1364 2471 1662 2544 Apostolus
1688 2469 1982 2527 consuluit.
2029 2485 2071 2537 1,
2103 2469 2174 2524 ad
2221 2469 2331 2525 Co-

316 2558 491 2614 rinth.
515 2573 620 2628 vu,
652 2557 992 2614 dicens1De
1028 2556 1333 2634 viryinibus
1370 2555 1696 2632 proeceptuin
1741 2559 1962 2615 Domini
2002 2575 2109 2614 non
2149 2555 2328 2621 habeo,

316 2645 601 2704 consilium
652 2653 829 2702 autem
871 2647 937 2701 do
984 2652 1239 2719 tanquam
1282 2647 1712 2702 misericordiam
1756 2654 2078 2712 consecutus,
2121 2651 2186 2702 ut
2229 2644 2331 2698 sim

316 2733 511 2806 fidelis.
547 2734 719 2806 Hujus
742 2739 929 2789 autem
969 2731 1076 2788 viae
1103 2732 1317 2787 utilitas
1344 2733 1654 2788 ostenditur
1689 2733 1884 2788 Matth.
1924 2727 2053 2799 κείς,
2087 2723 2178 2785 ubi
2203 2746 2330 2786 cum

318 2821 577 2894 discipuli
600 2821 818 2879 Christo
846 2820 1091 2877 dicerent
1121 2836 1135 2875 z
1168 2819 1225 2875 Si
1268 2820 1374 2874 ista
1412 2826 1487 2875 est
1531 2835 1691 2875 causa
1728 2819 1928 2876 homini
1977 2836 2098 2874 cum
2136 2835 2327 2882 uxore,

317 2927 429 2968 non
458 2910 665 2982 expedit
686 2911 905 2976 nubere,
934 2908 1197 2965 Dominus
1234 2908 1517 2980 respondit
1550 2923 1563 2961 z
1589 2907 1714 2967 Non
1743 2923 1919 2963 omnes
1947 2907 2166 2978 capiunt
2203 2922 2326 2961 ver-

316 2999 447 3058 bum
476 3001 643 3066 istud,
673 3000 763 3056 sed
806 2999 994 3072 quibua
1033 2999 1216 3054 datum
1252 2997 1352 3054 cst.
1389 2999 1450 3053 In
1491 3011 1601 3070 quo
1633 2996 1969 3054 arduitatem
2012 2995 2178 3068 hujus
2223 2996 2330 3053 viae

320 3089 587 3156 ostendit,
619 3097 675 3145 et
721 3089 853 3162 quia
896 3087 969 3146 ab
1006 3088 1126 3160 ejus
1168 3088 1555 3143 consecutione
1605 3085 1792 3142 deficit
1833 3085 2114 3141 bominum
2154 3084 2330 3140 virtus

320 3184 650 3243 communis,
682 3182 740 3234 et
772 3177 1041 3250 quia'no'n
1086 3176 1188 3234 nisi
1233 3176 1375 3232 dono
1418 3177 1534 3231 Dei·
1562 3176 1632 3232 ad
1667 3190 1788 3231 eam
1817 3173 2151 3248 pervenitur,
2183 3174 2329 3230 unde

318 3263 526 3321 dicitur
548 3258 794 3337 Sapient.
819 3279 969 3321 vnr:
994 3263 1156 3331 Scivi,
1182 3263 1432 3335 quoniam
1460 3261 1624 3319 aliter
1651 3277 1756 3317 non
1774 3278 1986 3335 possum
2011 3278 2114 3318 esse
2152 3261 2331 3319 conti-

321 3369 452 3410 nens
476 3352 586 3410 nisi
609 3354 756 3410 Deus
778 3353 883 3419 det,
914 3356 966 3410 et
991 3353 1083 3408 hoc
1111 3353 1285 3425 ipsum
1300 3359 1434 3408 erat
1459 3368 1668 3408 summa
1692 3350 1979 3424 sapientia,
2005 3351 2141 3406 scire
2175 3351 2331 3421 cujus

322 3449 451 3499 esset
478 3442 573 3499 hoe
591 3443 816 3499 donum:
836 3438 923 3498 cui
942 3448 1208 3498 consonat
1236 3442 1383 3515 quod
1406 3441 1702 3513 Apostolus
1720 3441 1912 3508 dicit,1
1933 3439 2179 3496 Corinth.
2203 3455 2287 3496 vn
2312 3457 2324 3493 :

329 3530 457 3590 Volo
483 3547 659 3588 omnes
678 3531 916 3588 homines
940 3547 1045 3586 esse
1069 3530 1209 3586 sicut
1242 3530 1514 3603 meipsum,
1547 3529 1756 3587 scilicet
1795 3530 1890 3603 qui
1933 3524 2328 3584 continentiam

322 3635 486 3678 servo
515 3621 635 3678 :sed
648 3620 1005 3694 unusquisque
1021 3618 1310 3694 proprium
1333 3619 1485 3676 habet
1508 3619 1702 3676 donum
1725 3635 1791 3674 ex
1807 3617 1936 3682 Deo,
1959 3615 2101 3672 alius
2124 3615 2327 3688 quidem

322 3709 421 3776 aie,
450 3710 590 3767 alius
616 3727 740 3767 vero
765 3710 840 3766 sic
868 3724 887 3766 .·
912 3709 1005 3765 ubi
1035 3716 1223 3782 aperte
1248 3709 1602 3765 continentiae
1628 3708 1826 3764 bonum
1851 3707 1995 3763 dono
2024 3706 2123 3762 Dei
2153 3705 2329 3775 ascri-

323 3797 494 3856 bitur.
521 3800 627 3858 Sed
656 3817 725 3857 ne
750 3815 939 3857 rursus
961 3798 1031 3856 ad
1059 3798 1163 3854 hoc
1191 3797 1389 3870 aliquis
1405 3798 1614 3852 donum
1649 3796 2094 3869 consequendum
2127 3808 2326 3850 secun-

326 3888 459 3947 dum
485 3905 616 3948 suas
654 3889 800 3949 vires
840 3889 1028 3946 conari
1057 3887 1315 3960 negligat,
1344 3885 1608 3953 Dominus
1638 3885 1706 3942 ad
1749 3884 1852 3942 hoc
1892 3885 2144 3941 hortatur
2172 3898 2330 3939 com-

327 3978 567 4037 muniter
594 3981 651 4036 et
677 3979 853 4052 primo
882 3978 1122 4050 quidem,
1150 3975 1417 4048 exemplo,
1449 3989 1574 4032 cum
1599 3973 1733 4034 dicit
1768 3990 1780 4029 ε
1811 3973 1948 4032 Sunt
1981 3971 2209 4030 eunuchi
2235 3971 2330 4045 qui
