2850 4517
509 343 589 406 64
984 358 1037 403 s.
1081 355 1316 400 ¹1*quAE
1353 351 1685 404 nomm-ns
1724 351 2034 418 croscum

512 483 758 534 auctore.
781 477 902 534 Non
927 479 1112 531 autem
1144 470 1443 549 praemissis
1470 468 1773 527 rationibus
1800 476 2079 525 arctamur
2105 468 2175 524 ad
2204 469 2519 542 ponendum

510 566 876 624 aeternitatem
904 562 1194 620 materiae:
1221 577 1328 619 non
1354 559 1500 616 enim
1526 557 1848 614 universalis
1876 573 2055 614 rerum
2080 558 2363 631 productio
2386 574 2518 632 pro-

513 656 628 729 prie
658 654 888 710 mutatio
913 645 1022 708 dici
1061 657 1263 724 potest.
1301 651 1360 704 In
1386 647 1532 705 nulla
1560 648 1705 703 enim
1731 647 2031 704 mutatione
2054 647 2363 719 subjectum
2390 664 2519 704 mu·-

514 744 737 802 tationis
769 759 868 816 per
891 741 1248 797 mutationem
1275 737 1611 810 producitur,
1639 736 1769 808 quia
1796 751 1904 792 non
1930 744 2012 792 est
2036 736 2180 792 idem
2211 736 2519 810 subjectum

457 863 463 871 ·
511 815 850 899 mutationiS,
899 837 955 888 et
991 829 1273 894 terminuS,
1317 834 1377 882 ut
1418 825 1628 883 dictum
1655 834 1758 882 est.
1809 827 1945 881 Cum
1980 825 2150 898 igitur
2191 827 2519 884 universalis

511 906 800 997 productio
826 901 1010 976 rerum
1033 934 1064 974 a
1093 918 1228 986 Deo,
1251 910 1609 990 'q'uae'creatio
1635 915 1852 983 dicitur,
1876 931 1935 971 se
1964 917 2221 973 extendat
2242 917 2312 973 ad
2332 917 2518 976 omnia

512 1028 639 1088 quae
667 1016 794 1067 sunt
821 1010 876 1064 in
901 1024 978 1078 re,
1008 1004 1318 1079 hujusmodi
1346 1004 1631 1078 productio
1659 1005 1927 1060 rationem
1950 1005 2271 1062 mutationis
2299 1008 2520 1080 proprie

513 1100 715 1158 habere
739 1113 844 1154 non
870 1103 1069 1170 potest,
1102 1095 1271 1151 etiam
1307 1094 1353 1150 si
1383 1110 1470 1150 res
1494 1100 1695 1150 creatae
1725 1094 2094 1167 producantur
2122 1094 2175 1149 in
2213 1111 2333 1152 esse
2362 1104 2521 1169 post-

515 1205 682 1264 quam
709 1203 814 1243 non
837 1185 1072 1242 fuerant.
1102 1185 1236 1240 Esse
1259 1184 1405 1240 enim
1432 1190 1554 1256 post
1580 1197 1685 1238 non
1715 1198 1836 1240 esse
1866 1197 1973 1238 non
1998 1180 2200 1238 sufficit
2229 1184 2299 1240 ad
2330 1201 2521 1244 veram

515 1279 784 1334 rationem
807 1275 1146 1342 mutationiS,
1166 1274 1269 1331 nisi
1295 1278 1630 1346 supponatur
1654 1273 1801 1345 quod
1828 1271 2136 1345 subjectum
2155 1290 2297 1330 nunc
2318 1276 2393 1332 sit
2416 1277 2525 1335 sub

513 1366 840 1441 privatione,
867 1371 923 1422 et
949 1379 1093 1420 nunc
1121 1362 1222 1418 sub
1257 1361 1451 1418 forma.
1483 1361 1638 1419 Unde
1664 1361 1721 1416 in
1760 1360 2090 1434 quibusdam
2119 1361 2392 1420 invenitur
2415 1365 2521 1422 hoc

516 1461 642 1530 post
667 1453 821 1522 illud,
848 1454 903 1508 in
928 1451 1124 1526 quibus
1151 1451 1369 1524 proprie
1398 1451 1539 1507 ratio
1572 1461 1771 1516 motuS,
1804 1455 1900 1506 aut
1930 1451 2249 1508 mutationis
2276 1468 2381 1508 non
2411 1459 2517 1522 est,

519 1546 663 1602 sicut
709 1559 834 1600 cum
870 1543 1072 1599 dicitur
1100 1541 1244 1614 quod
1297 1557 1363 1597 ex
1403 1540 1493 1597 die
1522 1541 1583 1596 fit
1629 1555 1753 1597 nox.
1795 1539 1885 1596 Sic
1932 1539 2101 1612 igitur
2138 1542 2242 1596 etsi
2286 1544 2523 1602 mundus

521 1649 642 1690 esse
679 1632 962 1705 incaeperit
998 1637 1288 1704 postquam
1327 1645 1437 1686 non
1477 1629 1673 1696 fuerat,
1706 1644 1814 1684 non
1850 1630 2245 1702 oportetquod
2280 1630 2384 1688 hoc
2424 1649 2525 1706 per

521 1722 761 1795 aliquam
792 1720 1148 1778 mutationem
1189 1718 1262 1775 sit
1290 1717 1515 1784 factum,
1542 1718 1636 1773 sed
1682 1734 1779 1790 per
1820 1717 2175 1787 creationem,
2218 1737 2345 1794 quae
2392 1737 2523 1780 vere

463 1854 468 1860 .
524 1810 754 1868 mutatio
783 1825 891 1865 non
915 1813 1018 1876 est,
1040 1808 1134 1864 sed
1159 1808 1413 1880 quaedam
1443 1805 1635 1863 relatio
1664 1806 1745 1862 rei
1768 1811 1969 1864 creatae
1992 1823 2025 1864 a
2050 1817 2299 1865 creatore
2321 1825 2527 1867 secun-

519 1900 649 1956 dum
679 1915 838 1955 suum
867 1914 986 1954 esse
1009 1896 1386 1970 dependentiS,
1414 1911 1541 1952 cum
1573 1894 1762 1951 ordine
1792 1895 1859 1952 ad
1898 1911 2004 1952 non
2028 1912 2150 1952 esse
2184 1900 2525 1970 praecedens.

519 1989 580 2045 In
608 1989 753 2044 omni
781 1987 926 2043 enim
956 1985 1258 2060 mutatione
1275 1990 1494 2058 oportet
1521 2000 1640 2040 esse
1670 1984 1875 2058 aliquid
1906 1984 2254 2053 idem‚·aliter
2282 1995 2338 2043 et
2364 1988 2529 2046 aliter

520 2093 580 2133 se
607 2077 1028 2148 habenS,utpote
1058 2074 1204 2148 quod
1235 2091 1376 2130 nunc
1403 2073 1478 2129 sit
1515 2073 1617 2129 sub
1645 2089 1751 2128 uno
1780 2081 2052 2145 extremo,
2084 2081 2139 2131 et
2177 2078 2526 2148 postmodum

520 2165 626 2221 sub
652 2164 780 2231 alio,
812 2164 958 2236 quod
987 2162 1208 2235 quidem
1237 2162 1290 2217 in
1329 2161 1606 2218 creatione
1643 2162 1944 2218 secundum
1979 2164 2059 2220 rei
2086 2165 2379 2222 veritatem
2418 2184 2527 2225 non

523 2252 818 2318 invenitur,
841 2251 936 2307 sed
965 2249 1142 2305 solum
1165 2248 1463 2305 secundum
1492 2249 1956 2322 imaginationem,
1976 2261 2137 2325 prout
2162 2255 2531 2328 imaginamur

522 2356 688 2397 unam
731 2347 787 2395 et
831 2338 1082 2395 eamdem
1125 2353 1243 2394 rem
1283 2354 1388 2394 non
1433 2337 1620 2406 fuisse,
1665 2347 1721 2396 et
1764 2341 2109 2412 postmodum
2144 2359 2263 2401 esse
2304 2361 2317 2402 ε
2360 2354 2417 2404 et
2445 2349 2530 2405 sic

523 2428 824 2486 secundum
855 2427 1151 2501 quamdam
1191 2425 1606 2484 similitudinem
1642 2430 1849 2485 creatio
1881 2431 1990 2487 dIci
2020 2437 2219 2504 potest.
2262 2434 2531 2493 Similiter

523 2516 692 2572 etiam
719 2512 960 2570 secunda
1004 2514 1237 2585 objectio
1279 2529 1384 2570 non
1427 2515 1595 2586 cogit.
1625 2516 1779 2588 Licet
1808 2517 1953 2573 enim
1978 2533 2172 2574 verum
2210 2519 2284 2576 sit
2318 2522 2525 2590 dicere,

525 2603 670 2680 quod
709 2609 1004 2676 antequam
1043 2602 1279 2658 mundus
1317 2609 1481 2670 esset,
1523 2604 1778 2676 possibile
1822 2613 1941 2664 erat
1984 2608 2244 2664 mundum
2291 2625 2411 2667 esse
2438 2612 2531 2669 vel

526 2691 663 2757 fieri,
698 2706 802 2748 non
841 2697 1021 2747 tamen
1047 2697 1262 2763 oportet
1303 2691 1405 2747 hoc
1442 2693 1741 2748 secundum
1771 2693 2010 2768 aliquam
2046 2698 2351 2768 potentiam
2392 2699 2527 2757 dici.

527 2780 737 2856 Dicitur
766 2780 910 2836 enim
947 2779 1202 2852 possibile
1230 2780 1284 2836 in
1313 2780 1757 2849 enuntiabilibuS,
1790 2784 1937 2856 quod
1978 2783 2251 2857 significa-t
2287 2787 2531 2862 aliquem

529 2869 748 2926 modum
791 2868 1058 2935 veritatis,
1110 2869 1256 2941 quod
1301 2870 1513 2926 scilicet
1560 2887 1736 2954 noeque
1778 2878 1863 2928 est
1908 2874 2305 2944 necessarium,
2350 2893 2533 2951 neque

529 2958 861 3032 impossibile
896 2975 910 3014 z
942 2958 1085 3014 unde
1130 2957 1440 3030 hujusmodi
1488 2959 1744 3032 possibile
1787 2976 1893 3018 non
1930 2964 2242 3020 'secundum
2287 2966 2533 3040 aliquam

527 3048 830 3120 potentiam
872 3047 1093 3111 dicitur,
1137 3054 1198 3102 ut
1244 3045 1600 3118 Philosophus
1628 3047 1787 3104 docet
1838 3048 1894 3104 in
1935 3051 1989 3106 5.
2036 3052 2201 3110 Meta.
2246 3053 2302 3110 Si
2341 3062 2533 3116 autem

528 3135 826 3190 secundum
857 3134 1098 3208 aliquam
1119 3135 1418 3206 potentiam
1441 3133 1662 3202 dicitur,
1686 3136 1941 3208 possibile
1970 3141 2232 3197 mundum
2260 3157 2399 3210 esse,
2423 3158 2533 3200 non

527 3227 613 3280 est
641 3223 1004 3279 necessarium
1030 3221 1176 3295 quod
1203 3221 1419 3278 dicatur
1447 3225 1745 3280 secundum
1774 3227 2074 3298 potentiam
2105 3227 2400 3302 passivam,
2433 3233 2534 3289 sed

530 3310 832 3367 secundum
883 3313 1184 3384 potentiam
1223 3309 1480 3380 activam,
1525 3318 1587 3367 ut
1625 3314 1769 3386 quod
1810 3315 2031 3385 dicitur,
2072 3319 2219 3390 quod
2266 3320 2535 3378 mundum

529 3398 788 3474 possibile
830 3399 932 3455 suit
973 3415 1093 3456 esse
1139 3404 1434 3473 antequam
1486 3408 1647 3468 esset,
1688 3403 1769 3458 sic
1805 3404 2146 3476 intelligatur
2189 3409 2539 3480 quod‘Deus·

531 3486 709 3559 potuit
753 3487 1015 3544 mundum
1052 3488 1105 3544 in
1140 3503 1260 3544 esse
1297 3489 1617 3559 producere,
1648 3497 1941 3566 antequam
1982 3495 2310 3566 produceret
2342 3513 2357 3554 z
2386 3500 2539 3555 uode

529 3592 637 3634 non
665 3578 912 3650 cogimur
937 3593 1136 3650 ponere
1160 3578 1443 3634 materiam
1472 3581 1837 3652 praeextitisse
1864 3583 2089 3640 mundo.
2120 3585 2213 3642 Sic
2236 3601 2368 3659 ergo
2398 3587 2541 3644 fides

529 3663 800 3723 catholica
827 3665 957 3721 nihil
984 3667 1097 3721 Deo
1119 3672 1453 3723 coaeternum
1482 3668 1651 3740 ponit,
1673 3677 1727 3725 et
1756 3678 1978 3742 propter
2000 3671 2104 3729 hoc
2130 3680 2449 3744 creatorem,
2478 3681 2541 3734 et

527 3754 786 3826 factorem
807 3752 1042 3810 omnium
1065 3753 1351 3812 visibilium
1377 3762 1429 3812 et
1456 3756 1807 3814 invisibilium
1826 3760 2143 3818 confitetur.

1380 3920 1683 3937 —u—u-—u—
