2850 4517
460 358 577 418 126
936 375 989 418 s.
1032 372 1267 419 'ruoim
1304 371 1635 423 scomma
1676 371 1988 417 ornacum

460 490 709 547 rumdam
732 505 864 547 vero
889 490 1085 548 animae
1114 490 1166 545 in
1192 488 1415 545 miseria
1439 487 1646 556 vivent,
1680 488 1982 545 secundum
2004 486 2138 544 illud
2164 487 2298 545 Luc.
2326 470 2465 546 πίνη

459 578 712 637 Mortuus
739 585 818 636 est
844 579 1008 645 dives,
1039 585 1091 635 et
1112 577 1349 651 sepultus
1376 579 1435 633 in
1465 576 1703 648 inferno.

1092 750 1375 817 CAPUT
1455 748 1822 853 CLXXIX.
1879 762 1882 765 ⁴

535 865 715 967 Quod
731 907 913 973 poma
940 890 1363 955 damnatorum
1389 895 1478 953 est
1499 892 1566 953 iu
1593 890 1775 952 malis
1799 893 1924 952 tam
1949 882 2408 969 spiritualibus,

1138 997 1317 1060 quam
1353 979 1789 1059 corporalibus.

532 1112 995 1170 Considerandum
1024 1119 1205 1170 tamen
1237 1120 1339 1181 est,
1372 1113 1520 1187 quod
1549 1119 1862 1170 sanctarum
1906 1112 2211 1168 animarum
2238 1111 2470 1167 felicitas

465 1203 519 1257 in
561 1201 689 1259 solis
724 1202 881 1259 bonis
909 1202 1282 1275 spiritualibus
1318 1203 1423 1258 erit
1456 1218 1468 1257 :
1501 1217 1663 1275 poena
1689 1217 1818 1257 vero
1849 1201 2151 1257 animarum
2181 1200 2470 1256 damnata·-

464 1308 584 1346 rum
612 1298 738 1347 ante
780 1291 1235 1348 resurrectionem
1282 1307 1389 1347 non
1435 1291 1610 1347 solum
1639 1291 1744 1346 erit
1779 1290 1836 1345 i'n
1887 1290 2042 1346 malis
2071 1288 2466 1363 spiritualibuS,

468 1388 525 1435 ut
568 1379 736 1452 aliqui
780 1387 1126 1452 putaverunt,
1169 1380 1263 1436 sed
1312 1381 1479 1437 etiam
1527 1396 1717 1453 poenas
1760 1394 2052 1451 corporeas
2097 1378 2468 1435 sustinebunt.

466 1470 633 1540 Cujus
658 1467 996 1526 diversitatis
1042 1470 1183 1525 ratio
1211 1475 1314 1537 est,
1348 1470 1478 1542 quia
1517 1470 1715 1525 animae
1756 1477 2072 1524 sanctorum
2113 1467 2244 1522 dum
2285 1467 2340 1522 in
2371 1466 2472 1523 hoc

469 1557 669 1613 mundo
697 1556 917 1613 fuerunt
943 1558 1259 1630 corporibus
1288 1560 1477 1625 unitas,
1519 1574 1676 1613 suum
1707 1557 1952 1612 ordinem
1994 1564 2369 1622 servaverunt,
2415 1570 2472 1610 se

467 1646 629 1702 rebus
655 1646 1025 1719 corporalibus
1048 1660 1151 1702 non
1178 1647 1535 1719 subjiciendo,
1563 1647 1658 1703 sed
1679 1646 1780 1702 soli
1802 1648 1932 1709 Dee,
1961 1644 2016 1700 in
2041 1647 2198 1718 cujus
2219 1644 2472 1701 fruitione

470 1743 585 1791 tota
613 1750 801 1790 eorum
820 1734 1053 1791 felicitas
1070 1735 1341 1801 consistit,
1370 1750 1476 1791 non
1501 1741 1685 1791 autem
1715 1739 1768 1789 in
1799 1734 2073 1807 aliquibus
2101 1734 2474 1807 corporalibus

470 1823 625 1880 bonis
655 1840 669 1880 z
700 1824 966 1881 malorum
994 1832 1178 1881 autem
1204 1824 1402 1881 animae
1431 1832 1644 1881 naturas
1671 1823 1859 1879 ordine
1890 1838 1995 1878 non
2019 1830 2266 1891 servato,
2290 1839 2473 1896 seper

471 1913 723 1969 affectum
775 1913 937 1970 rebus
978 1912 1352 1987 corporalibus
1397 1913 1776 1979 subdiderunt,
1831 1912 2014 1967 divina
2067 1919 2123 1967 et
2169 1912 2473 1985 spiritualia

470 2010 898 2061 contemnentes.
924 2003 1080 2060 Unde
1107 2018 1448 2076 consequens
1493 2008 1596 2069 est,
1630 2010 1690 2058 ut
1720 2003 2013 2074 puniantur
2055 2016 2160 2057 non
2190 2002 2367 2058 solum
2405 2018 2473 2057 ex

474 2091 773 2162 privatione
817 2091 1183 2165 spiritualium
1211 2091 1496 2157 bonorum,
1537 2091 1633 2146 sed
1673 2091 1838 2146 etiam
1883 2107 1977 2163 per
2009 2090 2111 2147 hoc
2137 2089 2283 2163 quod
2313 2089 2476 2145 rebus

472 2177 842 2252 corporalibus
868 2179 1193 2235 subdantur.
1222 2179 1290 2233 Et
1320 2178 1444 2233 ideo
1468 2179 1513 2233 si
1543 2194 1651 2250 qua
1689 2179 1743 2233 iu
1772 2179 2068 2251 scripturis
2109 2180 2280 2235 sacris
2319 2180 2474 2234 inve-

474 2268 714 2333 niuntur,
738 2283 863 2338 quae
877 2268 1082 2323 sanctis
1097 2265 1381 2322 animabus
1394 2264 1758 2337 corporalium
1779 2266 2042 2323 bonorum
2063 2267 2473 2341 retributionem

475 2356 816 2428 promittant,
846 2356 1076 2427 mystice
1098 2361 1225 2410 sunt
1248 2355 1586 2427 exponenda,
1614 2356 1914 2411 secundum
1943 2356 2086 2429 quod
2117 2357 2170 2411 in
2199 2356 2474 2429 praedictis

474 2443 768 2517 scripturis
787 2443 1093 2515 spiritualia
1106 2443 1206 2498 sub
1225 2442 1588 2516 corporalium
1608 2444 1964 2500 similitudine
1982 2445 2256 2516 designari
2275 2445 2469 2502 solent.

475 2533 610 2603 Quae
638 2548 767 2589 vero
810 2532 1093 2588 animabus
1120 2531 1502 2609 damnatorum
1541 2535 1910 2605 praenuntiant
1947 2549 2134 2607 poenas
2162 2549 2467 2607 corporeaS,
2555 2608 2561 2613 .

478 2630 665 2696 utpote
690 2621 835 2694 quod
862 2622 932 2678 ab
954 2622 1078 2693 igne
1100 2621 1293 2678 inferni
1323 2622 1731 2691 cruciabuntur,
1752 2629 1880 2680 sunt
1907 2624 2205 2680 secundum
2234 2623 2470 2680 litteram

476 2710 845 2782 intelligenda.
1533 2720 1540 2727 ’

1130 2878 1413 2953 CAPUT
1473 2884 1807 2952 CLXXX.

778 3025 993 3087 Utrum
1016 3025 1220 3087 anima
1239 3027 1440 3105 possit
1449 3026 1596 3104 pati
1617 3025 1690 3088 ab
1714 3026 2173 3107 iquacorporeo.

540 3160 622 3213 Ne
646 3166 831 3215 autem
855 3157 1015 3213 alicui
1042 3157 1335 3214 absurdum
1362 3158 1630 3223 videatur,
1663 3159 1902 3216 animam
1932 3176 1964 3215 a
1992 3175 2220 3232 corpore
2247 3174 2476 3232 separa-

475 3254 587 3303 tam
616 3245 685 3302 ab
724 3247 849 3317 igne
889 3263 1149 3319 corporeo
1196 3246 1329 3319 pati,
1379 3248 1832 3304 considerandum
1875 3258 2094 3305 estnon
2136 3264 2256 3305 esse
2283 3256 2475 3305 contra

474 3343 723 3392 naturam
748 3336 1051 3408 spiritualis
1073 3335 1396 3392 substantiae
1437 3335 1649 3407 alligari
1686 3339 1922 3410 corpori.
1967 3338 2083 3393 Hoc
2123 3339 2268 3393 enim
2297 3348 2352 3395 et
2384 3354 2478 3411 per

474 3434 724 3481 naturam
754 3426 833 3492 fit,
864 3425 1007 3480 sicut
1042 3433 1194 3497 patet
1236 3426 1293 3480 in
1330 3425 1529 3480 unione
1557 3427 1754 3483 animae
1783 3426 1850 3481 ad
1879 3442 2096 3500 corpuS,
2130 3433 2187 3483 et
2227 3444 2324 3499 per
2355 3444 2476 3484 ma·

472 3516 622 3585 gicas
651 3522 815 3578 arteS,
844 3532 939 3587 per
967 3529 1104 3586 quas
1132 3514 1329 3587 aliquis
1356 3515 1580 3586 spiritus
1606 3515 1951 3589 imaginibuS,
1989 3525 2084 3572 aut
2113 3517 2348 3584 annum,
2383 3526 2474 3574 aut

474 3601 745 3674 aliquibus
780 3601 1086 3674 hujusmodi
1117 3602 1370 3673 alligatur
1401 3620 1415 3658 ε
1461 3602 1566 3660 hoc
1609 3603 1776 3675 igitur
1804 3621 1872 3659 ex
1900 3605 2320 3661 divina-virtute
2359 3606 2473 3661 fieri

473 3698 670 3762 potest,
703 3698 765 3747 ut
790 3691 989 3764 aliquae
1010 3692 1320 3764 spirituales
1346 3692 1684 3759 substantiae,
1713 3694 1965 3766 quamvis
1991 3695 2290 3749 secundum
2320 3710 2474 3751 suam

474 3788 725 3837 naturam
766 3780 875 3836 sint
902 3797 1065 3853 super
1116 3781 1297 3836 omnia
1325 3782 1629 3853 corporalia
1679 3782 1928 3853 elevem,
1974 3782 2250 3855 aliquibus
2293 3799 2476 3857 corpo·

478 3868 628 3923 ribus
652 3869 959 3939 alligentur,
992 3878 1051 3924 ut
1094 3876 1241 3942 puta,
1269 3870 1380 3941 igni
1411 3870 1679 3937 infernali,
1711 3888 1819 3927 non
1847 3872 1925 3927 ita
1955 3870 2100 3944 quod
2129 3858 2310 3944 ipsum*
2351 3872 2474 3927 uni-

476 3956 662 4023 ficant,
704 3958 801 4011 sed
854 3958 998 4028 quod
1042 3974 1109 4014 eo
1153 3960 1554 4032 quodammodo
1605 3962 1995 4031 astringantur,
2045 3967 2103 4015 et
2147 3958 2252 4017 hoc
2297 3961 2474 4033 ipsum
