2850 4517
766 422 810 469 1.
843 440 924 453 --
951 416 1350 470 COMPBNDIUM
1391 420 1753 472 rnnonoem
2143 396 2263 469 163

908 622 1194 691 CAPUT
1267 624 1587 711 CCXVII,

761 763 854 827 De
879 765 1136 827 materia
1163 766 1435 846 corporis
1476 765 1728 831 Christi.

306 894 615 977 Secundum
639 898 921 969 praemissa
947 897 1114 969 igitur
1137 897 1422 957 evidenter
1445 904 1692 972 apparet,
1724 896 1904 973 qualis
1921 899 2109 957 debuit
2136 912 2258 959 esse

235 988 495 1061 corporis
531 986 732 1044 Christi
770 986 1045 1044 formatio·
1081 989 1301 1046 Poterat
1340 988 1612 1063 siquidem
1638 989 1789 1045 Deus
1812 990 2021 1062 Corpus
2052 990 2257 1048 Christi
2286 1052 2297 1056 ,

235 1095 305 1135 ex
329 1077 465 1139 limo
484 1084 646 1139 terrae
673 1076 928 1144 formare,
955 1076 1042 1133 vel
1070 1092 1140 1134 ex
1162 1084 1511 1152 quacumque
1541 1078 1791 1147 materia,
1822 1079 1964 1136 sicut
1992 1080 2252 1139 formavit

235 1184 434 1242 corpus
481 1166 643 1239 primi
683 1166 946 1243 parentis·
994 1166 1099 1224 Sed
1129 1167 1234 1224 hoc
1278 1167 1533 1227 humanae
1573 1169 1985 1237 restaurationi,
2030 1177 2258 1244 propter

235 1272 406 1331 quam
454 1256 595 1312 filius
637 1256 763 1325 Dei,
790 1261 851 1312 ut
895 1256 1152 1325 diximus,
1197 1270 1420 1314 carnem
1449 1257 1765 1332 assumpsit,
1802 1273 2102 1332 congruum
2146 1274 2257 1316 non

233 1346 452 1403 suisset.
493 1346 615 1402 Non
658 1345 809 1408 enim
849 1345 1183 1411 sufficienter
1224 1354 1422 1405 natura
1465 1346 1687 1404 humani
1716 1348 1933 1421 generis
1968 1364 2036 1405 ex
2076 1348 2257 1422 primo

235 1441 462 1507 parente
490 1432 758 1501 derivata,
787 1447 921 1509 qum
941 1435 1186 1498 sananda
1221 1442 1358 1502 erat,
1393 1436 1449 1493 in
1478 1436 1769 1510 pristinum
1798 1436 2057 1495 honorem
2089 1438 2256 1495 resti-

235 1527 358 1579 tuta
382 1532 546 1589 esset,
595 1524 641 1579 si
691 1522 912 1607 aliunde
939 1539 1142 1597 corpus
1166 1531 1472 1583 assumeret
1509 1525 1710 1583 diaboli
1742 1526 1938 1593 victor,
1970 1533 2027 1583 et
2064 1528 2257 1584 mortis

238 1613 619 1687 triumphator,
683 1613 786 1669 sub
827 1614 1026 1687 quibus
1071 1614 1369 1695 humanum
1415 1630 1588 1689 genus
1636 1616 1914 1690 captivum
1966 1616 2257 1675 tenebatur

235 1710 458 1777 propter
481 1713 767 1778 peccatum
794 1706 954 1778 primi
985 1706 1252 1778 parentis.
1283 1705 1393 1771 Dei
1413 1712 1600 1763 autem
1624 1706 1868 1780 perfecta
1896 1713 2026 1763 sunt
2064 1720 2251 1780 opera,

233 1802 292 1850 et
321 1793 392 1850 ad
421 1793 721 1866 perfectum
763 1794 1033 1866 producit,
1080 1795 1226 1869 quod
1257 1810 1517 1868 reparare
1544 1795 1801 1863 intendit,
1844 1803 1901 1852 ut
1933 1796 2100 1852 etiam
2133 1796 2256 1867 plus

233 1882 485 1955 adjiciat,
503 1898 670 1955 quam
679 1882 857 1940 fuerat
870 1884 1232 1951 subtractum,
1249 1884 1451 1941 secund
1460 1900 1553 1944 um
1568 1884 1698 1941 illud
1716 1882 1959 1955 Apostoli
1974 1883 2167 1940 Roma.
2182 1884 2217 1937 5
2238 1896 2251 1937 t

235 1968 438 2027 Gratia
468 1969 570 2025 Dei
594 1986 692 2043 per
721 1970 994 2029 Christum
1015 1964 1244 2046 amplius
1267 1970 1581 2038 abundavit,
1611 1982 1777 2050 quam
1806 1968 2068 2026 delictum
2093 1969 2249 2027 Adae.

234 2059 578 2117 Conveniens
609 2060 776 2132 igitur
801 2060 924 2132 suit,
951 2069 1012 2118 ut
1060 2061 1161 2118 Dei
1205 2060 1347 2117 filius
1375 2076 1574 2133 corpus
1602 2067 1909 2125 assumeret
1950 2059 2019 2115 de
2055 2054 2255 2115 natura

235 2157 597 2223 propagatum
621 2150 690 2207 ab
713 2150 910 2207 Adam.
936 2150 1148 2219 Adhuc,
1168 2151 1570 2208 incarnationis
1597 2149 1919 2225 mysterium
1941 2144 2255 2205 hominibus

237 2240 538 2313 proficuum
568 2256 665 2314 per
703 2238 869 2297 fidem
909 2242 1179 2298 redditur.
1225 2242 1344 2298 Nisi
1373 2239 1519 2311 enim
1548 2240 1796 2296 homines
1823 2238 2111 2299 crederent
2150 2236 2255 2295 Dei

238 2328 412 2387 filium
452 2344 569 2387 esse
610 2330 703 2405 qui
742 2328 905 2387 homo
933 2330 1245 2399 videbatur,
1296 2344 1404 2387 non
1434 2335 1793 2404 sequerentur
1840 2341 1966 2386 eum
2006 2326 2256 2393 homines

236 2426 301 2475 ut
341 2418 532 2476 salutis
574 2428 874 2489 auctorem,
909 2419 1055 2494 quod
1092 2419 1298 2478 Iudaeis
1335 2419 1557 2486 accidit,
1604 2421 1700 2494 qui
1741 2434 1809 2476 ex
1855 2418 2253 2479 incarnationis

237 2509 500 2584 mysterio
545 2516 765 2585 propter
797 2508 1255 2577 increduiitatem,
1303 2509 1710 2567 damnationem
1754 2509 1934 2581 potius
1962 2521 2132 2582 quam
2160 2521 2261 2565 sav.

233 2595 410 2660 lutem
451 2606 578 2655 sunt
615 2598 916 2655 consecuti.
954 2600 1028 2655 Ut
1057 2615 1186 2672 ergo
1214 2598 1318 2655 hoc
1359 2597 1632 2655 ineffabile
1672 2598 1999 2671 mysterium
2040 2596 2255 2655 facilius

236 2687 574 2755 crederetur,
600 2686 768 2743 Filius
790 2688 888 2744 Dei
905 2688 992 2744 sic
1014 2689 1197 2744 omnia
1216 2688 1572 2761 dispensavit,
1590 2692 1653 2741 ut
1678 2702 1739 2742 se
1768 2698 1954 2742 verum
1980 2684 2253 2742 hominem

237 2792 360 2833 esse
401 2777 733 2844 ostenderet,
779 2778 922 2851 quod
953 2794 1058 2835 non
1103 2776 1182 2835 ita
1211 2776 1507 2844 videretur,
1552 2777 1598 2831 si
1637 2773 1857 2831 aliunde
1886 2782 2139 2830 naturam
2168 2771 2252 2829 sui

237 2867 486 2940 eorporis
528 2867 816 2939 acciperet,
849 2884 1016 2941 quam
1065 2883 1132 2924 ex
1161 2874 1359 2923 natura
1395 2865 1653 2922 humana.
1703 2862 2045 2919 Conveniens
2084 2862 2252 2932 igitur

239 2956 366 3026 fuit,
419 2964 479 3013 ut
525 2972 722 3031 corpus
768 2974 798 3014 a
839 2957 1015 3030 primo
1045 2966 1270 3030 parente
1314 2962 1673 3028 propagatum
1720 2956 2045 3007 assumeret.
2089 2950 2249 3015 Item,

241 3045 386 3102 filius
411 3046 508 3103 Dei
534 3048 698 3104 homo
721 3046 1158 3103 sactus-humano
1174 3045 1358 3119 generi
1387 3044 1621 3101 salutem
1652 3039 1919 3108 adhibuit,
1948 3055 2054 3095 non
2076 3037 2253 3096 solum

239 3134 584 3193 conferendas
630 3136 824 3208 gratiae
864 3136 1185 3201 remedium,
1235 3134 1330 3190 sed
1373 3134 1543 3190 etiam
1588 3129 1881 3203 praebendo
1924 3129 2251 3202 exemplum,

240 3224 388 3297 quod
415 3226 690 3297 repudiari
737 3240 846 3281 non
872 3231 1074 3298 potest.
1120 3224 1362 3280 Alterius
1387 3222 1531 3279 enim
1572 3220 1805 3277 hominis
1843 3226 1899 3275 et
1925 3219 2177 3277 doctrina
2198 3224 2255 3275 et

240 3316 433 3372 vitain
457 3314 684 3371 dubium
705 3317 843 3372 verti
864 3322 1061 3388 potest,
1089 3321 1313 3387 propter
1330 3314 1605 3371 defectum
1628 3310 1883 3367 humanae
1905 3308 2252 3381 cognitioniS,

241 3411 297 3461 et
327 3405 596 3462 veritatis·
629 3405 734 3462 Sed
759 3405 903 3461 sicut
926 3406 1073 3479 quod
1099 3405 1240 3462 iilius
1269 3404 1368 3460 Dei
1395 3403 1575 3469 docet,
1608 3400 1981 3457 indubitanter
2011 3398 2258 3455 creditur

240 3512 430 3552 verum
458 3514 472 3550 ε
517 3496 596 3552 ita
625 3497 769 3570 quod
801 3504 1080 3568 operatur,
1112 3495 1355 3551 creditur
1401 3491 1776 3550 indubitanter
1816 3490 2040 3545 bonum.
2074 3488 2257 3560 Opor-

240 3586 351 3641 tuit
391 3590 573 3642 autem
605 3595 666 3642 ut
701 3584 757 3641 in
786 3602 850 3643 eo
881 3584 1187 3658 exemplum
1215 3584 1587 3656 acciperemus
1629 3590 1683 3640 ct
1712 3582 1901 3653 gloriae
1930 3588 2094 3652 q'uam
2124 3590 2256 3650 spe-

236 3690 444 3742 ramus,
473 3679 530 3729 et
556 3674 776 3731 virtutis
797 3692 906 3748 qua
934 3676 1108 3746 ipsam
1129 3689 1418 3729 meremur.
1447 3670 1750 3745 Utrumque
1774 3670 1921 3727 enim
1946 3665 2257 3738 exemplum

234 3764 422 3819 minus
463 3761 659 3821 efficax
702 3773 868 3833 esset,
919 3764 965 3819 si
1008 3762 1227 3820 aliunde
1269 3768 1521 3819 naturam
1560 3761 1803 3833 corporis
1846 3754 2253 3830 assumpsisset,

229 3870 407 3929 quam
448 3854 595 3910 unde
637 3852 731 3910 alii
773 3854 1020 3911 homines
1062 3859 1366 3912 assumunt.
1399 3852 1455 3909 Si
1495 3851 1581 3907 cui
1624 3851 1768 3905 enim
1811 3846 2253 3922 persuaderetur,

227 3944 402 4017 quod,
427 3942 691 3999 toleraret
732 3943 1016 4016 passiones
1043 3944 1188 4001 sicut
1227 3941 1475 3999 Christus
1515 3937 1793 4007 sustinuit,
1826 3936 1972 4011 quod
2010 3938 2259 4010 speraret

222 4044 288 4095 se
321 4040 770 4092 resurrecturum
811 4031 954 4091 sicut
983 4032 1230 4091 Christus
1271 4030 1586 4099 resurrexit,
1626 4035 1813 4105 posset
1847 4024 2259 4085 excusationem
