2850 4517
664 400 788 459 356
1152 414 1204 459 s.
1249 413 1482 457 'moiun
1523 401 1850 461 AQU1NATIS'
1894 412 2202 455 opuchLA

664 530 1017 603 obligatione,
1049 548 1157 604 qua
1194 546 1251 587 se
1280 529 1530 604 Episcopi
1562 528 1804 600 obligant
1833 528 1901 583 ad
1933 534 2250 601 perpetuam
2281 543 2481 585 curam
2517 530 2672 603 plebis

662 620 971 677 habendam
1000 638 1013 675 :
1048 620 1189 676 unde
1231 619 1524 693 Apostolus
1567 617 1721 685 dicit,
1753 619 1775 673 1
1805 616 2050 673 Corinth.
2083 632 2206 689 cap.
2240 633 2305 673 ix
2337 633 2354 673 t
2385 617 2670 677 Necessitas

662 708 795 765 mihi
818 708 1117 766 incumbit:
1149 724 1229 764 voe
1252 708 1395 763 enim
1416 706 1552 763 mihi
1573 715 1649 763 est
1669 705 1720 761 si
1749 719 1856 761 non
1880 706 2331 777 evanqelizavero.
2367 707 2440 763 Et
2467 724 2670 765 causam

668 798 1009 855 necessitatis
1038 797 1245 864 subdit,
1278 798 1465 853 dicens
1498 814 1512 853 ε
1547 796 1682 853 Cum
1705 795 1840 852 liber
1875 812 2032 851 essem
2059 812 2124 851 ecr
2149 796 2416 863 omnibus,
2458 799 2672 854 omniunt

662 903 743 943 me
772 902 981 943 servum
1017 886 1139 959 feei,
1178 885 1390 943 scilicet
1418 902 1516 959 per
1545 890 1866 959 perpetuam
1891 884 2280 956 obligationem
2325 903 2338 939 :
2375 887 2526 943 unde
2556 894 2606 943 et
2629 889 2672 942 iu

664 975 917 1033 Decreta.
964 991 1070 1031 non
1114 974 1393 1031 inducitur
1427 973 1582 1047 quasi
1623 978 1914 1040 statutum,
1960 974 2055 1028 sed
2096 974 2252 1044 quasi
2293 977 2518 1031 ratione
2562 993 2672 1050 pro-

668 1065 879 1121 batum.
934 1063 1090 1134 Quod
1130 1079 1262 1120 vero
1312 1077 1454 1120 nono
1497 1063 1838 1136 proponitur,
1886 1061 2090 1118 nullam
2143 1062 2454 1119 efficaciam
2509 1066 2670 1126 habet.

665 1152 887 1209 Certum
924 1158 1008 1207 est
1054 1150 1199 1206 enirn
1238 1150 1383 1223 quod
1424 1149 1493 1205 de
1530 1151 1654 1221 jure
1683 1152 1960 1205 communi
2001 1164 2110 1204 non
2139 1148 2300 1205 debet
2331 1150 2538 1224 aliquis
2565 1153 2674 1224 eligi

668 1240 736 1297 ad
766 1241 1173 1314 Episcopatum‚
1204 1254 1304 1294 nec
1332 1238 1496 1293 debet
1520 1238 1798 1311 suscipere
1823 1224 2364 1307 Archidiaconatum‚
2397 1241 2492 1297 vel
2529 1258 2673 1313 paro-

664 1330 804 1386 chiae
839 1332 1045 1394 curam,
1090 1328 1195 1383 nisi
1242 1329 1315 1383 sit
1361 1328 1415 1382 in
1465 1327 1638 1383 sacris
1685 1326 1967 1383 ordinibus
2003 1329 2341 1383 constitutus
2386 1332 2673 1386 secundum

667 1416 1040 1473 ecclesiastica
1082 1421 1309 1472 statuta.
1353 1415 1460 1471 Sed
1497 1416 1551 1470 in
1595 1415 1682 1471 his
1704 1416 1849 1487 Papa
1895 1421 2075 1488 potest
2103 1416 2454 1489 dispensare,
2500 1426 2556 1474 et
2585 1420 2674 1474 ali-

667 1506 885 1579 quando
914 1505 1212 1577 dispensat,
1257 1511 1311 1559 et
1342 1511 1473 1561 tunc
1514 1504 1778 1561 habentes
1823 1520 2014 1561 curam
2053 1505 2572 1577 Archidiaconatus,
2601 1509 2672 1564 vel

666 1592 961 1667 parochiae,
994 1593 1079 1649 vel
1126 1593 1293 1649 etiam
1336 1593 1383 1648 si
1431 1593 1484 1649 in
1525 1593 1826 1666 Episcopos
1865 1595 1975 1649 sint
2005 1593 2186 1665 electi,
2221 1605 2456 1668 possunt
2501 1598 2671 1653 relicta

672 1699 803 1739 rura
832 1681 1153 1739 contrahere
1192 1672 1619 1748 matrimonium,
1657 1682 1736 1737 ita
1777 1682 1927 1755 quod
1969 1699 2077 1739 non
2105 1684 2386 1741 dirimitur
2407 1686 2528 1757 jam
2555 1702 2672 1743 con-

674 1777 929 1840 tractum,
959 1770 1105 1844 qu⁴od
1134 1771 1202 1827 de
1230 1770 1500 1842 religiosis
1523 1770 1630 1825 dici
1657 1785 1762 1826 non
1791 1778 1992 1842 potest.

1378 1942 1661 2012 CAPUT
1715 1944 1965 2011 XXVI.

958 2083 1106 2162 Quae
1134 2102 1313 2168 opera
1340 2085 1422 2147 ad
1448 2061 1764 2165 religiosos
1792 2084 2090 2163 pertinere
2110 2091 2395 2163 possunt.

739 2214 933 2278 Restat
964 2219 1131 2290 igitur
1178 2216 1490 2285 dicendum,
1539 2234 1664 2291 quae
1689 2232 1852 2291 opera
1900 2216 1969 2273 ad
2013 2232 2104 2273 eos
2147 2218 2466 2291 pertineant
2507 2220 2674 2293 quiin

668 2308 951 2379 religionis
987 2312 1137 2362 statu
1178 2311 1324 2375 sunt,
1374 2306 1480 2362 Sed
1528 2305 1657 2378 quia
1695 2306 1764 2361 de
1809 2304 1894 2361 his
1920 2306 2078 2379 plene
2126 2306 2256 2363 alibi
2307 2310 2671 2371 tractavimus,

666 2396 867 2452 sufficit
901 2395 991 2451 hic
1031 2400 1255 2468 propter
1300 2394 1724 2451 calumniatores
1771 2410 1947 2468 pauca
1985 2396 2242 2467 quaedam
2280 2396 2546 2454 inserere.
2593 2400 2676 2453 In-

668 2487 877 2541 ducunt
924 2483 1069 2539 enim
1106 2476 1351 2540 'verbum
1396 2482 1660 2557 Hierony.
1710 2482 1858 2556 quod
1899 2482 2132 2539 habetur
2169 2485 2226 2539 in
2264 2485 2525 2553 decretis,
2570 2487 2680 2541 dis-

670 2572 889 2629 tincti0.
912 2572 999 2637 95,
1018 2570 1158 2627 otim
1178 2588 1197 2629 .·
1216 2590 1243 2625 α
1264 2574 1574 2644 Antequam
1593 2571 1792 2627 diaboli
1811 2572 2074 2629 instinctu
2094 2573 2277 2631 studia
2297 2575 2351 2629 in
2371 2575 2678 2646 religionem

667 2662 893 2729 fierent,·
908 2660 999 2716 ubi
1030 2661 1197 2717 miror
1226 2660 1272 2717 si
1310 2656 1415 2716 hoc
1451 2656 1820 2728 introducant,
1853 2660 2012 2734 qnasi
2051 2662 2290 2733 religiosi
2330 2664 2550 2719 studere
2581 2679 2680 2719 non

670 2750 925 2816 debeant,
988 2765 1115 2805 cum
1167 2748 1409 2806 studium
1455 2754 1512 2805 et
1566 2765 1738 2806 sacrae
1776 2750 2076 2823 Scripturae
2119 2752 2418 2823 praecipue,
2476 2752 2543 2808 ad
2597 2767 2681 2807 eos

669 2838 905 2894 maxime
936 2838 1223 2911 pertineat,
1257 2838 1352 2912 qui
1384 2838 1556 2894 vitam
1587 2838 2068 2911 contemplativam
2103 2840 2406 2911 elegerunt,
2453 2856 2682 2912 praeser-

668 2927 771 2983 tim
819 2942 943 2983 cum
989 2930 1328 2999 Augustinus
1370 2926 1542 2997 dicat,
1587 2928 1672 2994 ⁴9,
1707 2927 1776 2981 de
1813 2926 2050 2983 Civitate
2087 2926 2206 2994 Dei,
2243 2928 2391 3000 quod
2435 2944 2469 2985 a
2507 2930 2679 2985 studio

669 3015 1061 3087 cognoscendas
1106 3016 1354 3072 veritatis
1392 3030 1552 3071 nemo
1581 3014 1930 3087 prohibetur,
1953 3015 2099 3087 quod
2140 3015 2209 3071 ad
2242 3016 2518 3073 laudabile
2563 3034 2681 3089 per-

670 3105 812 3161 tinet
860 3106 1054 3160 otium.
1072 3124 1112 3157 .›2
1136 3106 1191 3163 Si
1222 3108 1365 3161 enirn
1394 3103 1500 3159 hoc
1527 3104 1873 3159 intenderent
1902 3120 1998 3178 per
2021 3104 2140 3161 haec
2169 3105 2337 3185 verba
2365 3107 2682 3180 Hieronymi

672 3192 925 3264 probare,
958 3194 1374 3251 convinceretur
1400 3208 1494 3264 per
1523 3192 1577 3248 id
1603 3192 1749 3265 quod
1779 3193 2026 3265 sequitur
2055 3194 2108 3249 in
2139 3197 2335 3250 eodem
2363 3196 2534 3267 capit.
2564 3216 2592 3248 α
2623 3195 2685 3250 Ει
2712 3263 2717 3268 ⁸

672 3280 947 3337 diceretur
984 3283 1041 3338 in
1070 3282 1283 3355 populis
1323 3282 1482 3353 :Ego
1525 3296 1644 3336 sum
1675 3278 1846 3349 Pauli,
1879 3298 2008 3353 ergo
2052 3298 2172 3338 sum
2199 3283 2392 3355 Apollo
2429 3303 2456 3336 n
2493 3301 2507 3340 ε
2547 3283 2684 3340 unde

672 3369 1023 3426 manifestum
1048 3378 1131 3426 est
1157 3369 1303 3426 hunc
1331 3386 1450 3425 esse
1487 3369 1825 3426 intellectum
1866 3371 2017 3427 verbi
2048 3372 2341 3443 praemissi.
2377 3375 2686 3445 Antequam

672 3456 877 3514 diaboli
914 3458 1175 3539 instinctu
1204 3458 1407 3525 studia,
1444 3457 1500 3514 id
1529 3461 1632 3526 est,
1661 3458 2038 3532 depressiones
2067 3460 2124 3515 in
2161 3460 2446 3531 religione,
2481 3461 2688 3517 scilicet

671 3545 991 3613 christiana,
1041 3546 1253 3601 fierent.
1298 3547 1456 3627 Item,
1505 3545 1769 3603 inducunt
1809 3547 1954 3620 quod
1997 3553 2242 3621 potestas
2287 3548 2494 3621 ligandi
2524 3559 2690 3621 atque

591 3673 600 3680 -
672 3634 919 3691 solvendi
950 3638 1216 3707 quantum
1250 3634 1320 3689 ad
1358 3635 1756 3702 executionem,
1783 3635 1870 3692 vel
1907 3637 2250 3694 executionis
2291 3638 2572 3694 rationem
2605 3652 2691 3692 sa-

671 3724 987 3781 cerdotibus
1012 3724 1281 3795 religiosis
1304 3738 1411 3779 non
1438 3724 1696 3781 tribuitur
1726 3740 1738 3779 :
1768 3725 1941 3781 miror
1971 3731 2156 3781 autern
2181 3726 2252 3782 ad
2276 3725 2408 3799 quid
2438 3728 2692 3784 tendant.

671 3816 727 3871 Si
760 3814 905 3869 enim
934 3813 1015 3869 sic
1043 3812 1369 3885 intelligunt,
1405 3814 1552 3887 quod
1580 3812 1830 3870 monachi
1859 3814 1904 3869 si
1927 3813 2132 3871 habent
2170 3832 2237 3870 ex
2263 3815 2366 3871 hoc
2389 3816 2513 3888 ipso
2549 3815 2696 3889 qnod

673 3902 997 3958 ordinantur
1034 3902 1089 3958 in
1131 3903 1464 3966 sacerdotes,
1505 3902 1883 3957 executionem
1919 3902 2177 3970 clavium,
2209 3920 2400 3959 verum
2451 3910 2542 3961 est
2572 3905 2702 3977 qui-

674 3986 801 4041 dem
832 4002 845 4039 t
890 3988 982 4043 sed
1014 3988 1117 4064 hoc
1140 3989 1285 4045 idem
1314 3990 1383 4045 de
1405 3987 1762 4045 saecularibus
1788 3989 1902 4045 dici
1927 3996 2126 4063 potest.
2159 3992 2280 4047 Non
2304 3991 2454 4047 enim
2489 4009 2566 4049 ex
2603 3992 2704 4048 hoc
