2850 4517
512 362 594 426 94
992 378 1044 423 s.
1088 377 1321 422 'meam
1360 375 1693 426 Aonium-18
1732 373 2043 434 oruscnca,

1147 535 1434 652 CAPUT
1480 575 1881 644 cxxxvn.

742 715 921 794 Quod
946 716 1235 781 dicantur
1256 734 1375 781 csse
1395 717 1610 798 aliqua
1638 715 1915 781 casualia
1940 720 1999 780 et
2016 711 2304 795 fortuita.

584 850 848 922 Quamvis
887 859 1072 909 autem
1110 851 1293 911 omnia
1331 849 1499 906 etiam
1542 849 1767 908 minima
1806 849 2069 906 divinitus
2104 849 2511 922 dispensentur,

515 945 577 998 ut
605 948 888 998 ostensum
915 949 1021 1007 est,
1043 939 1176 996 nihil
1199 947 1382 999 tamen
1411 939 1663 1012 prohibet
1704 939 1891 1013 aliqua
1936 938 2187 998 accidere
2228 954 2261 996 a
2287 953 2425 996 casu
2463 945 2519 994 et

515 1030 753 1088 fortuna.
807 1028 1087 1100 Contingit
1127 1028 1274 1086 enim
1313 1029 1524 1102 aliquid
1570 1034 1823 1102 respectu
1866 1027 2137 1086 inferioris
2176 1043 2361 1086 causae
2400 1043 2521 1084 esse

514 1117 820 1184 fortuitum,
850 1117 937 1173 vel
961 1116 1198 1184 casuale,
1227 1117 1358 1174 dum
1393 1123 1593 1189 praeter
1620 1120 1741 1190 ejus
1775 1117 2133 1178 intentionem
2166 1116 2376 1190 aliquid
2400 1115 2524 1188 agi-

518 1214 626 1274 tur,
659 1207 803 1280 quod
831 1212 1012 1262 tamen
1037 1221 1144 1262 non
1169 1211 1253 1262 est
1281 1205 1587 1274 fortuitum,
1616 1205 1703 1262 vel
1726 1206 1947 1265 casuale
1987 1212 2239 1279 respectu
2269 1205 2523 1278 superio-

516 1295 596 1350 ris
633 1309 834 1361 causae,
870 1299 1069 1366 praeter
1111 1295 1266 1365 cujus
1305 1294 1663 1350 intentionem
1703 1310 1809 1350 non
1851 1293 2050 1366 agitur,
2082 1294 2225 1350 sicut
2266 1299 2422 1366 patet
2456 1293 2523 1348 de

519 1383 757 1450 domine,
789 1381 886 1454 qui
909 1383 1047 1438 duos
1075 1397 1264 1440 servos
1285 1383 1356 1440 ad
1387 1383 1642 1438 eumdem
1672 1382 1851 1440 locum
1878 1383 2067 1450 mittit,
2100 1383 2177 1439 ita
2206 1382 2355 1455 quod
2384 1396 2525 1437 unus

513 1472 732 1542 ignoret
779 1471 848 1526 de
905 1471 1034 1538 alio,
1085 1470 1279 1528 horum
1343 1487 1643 1528 concursus
1704 1471 1941 1538 casualis
1996 1463 2080 1528 est
2131 1479 2401 1544 quantum
2453 1467 2527 1527 ad

521 1567 833 1638 utrumque,
867 1575 972 1615 non
998 1564 1182 1629 autem
1205 1568 1470 1633 quantum
1500 1560 1570 1615 ad
1596 1559 1901 1616 dominum.
1926 1559 2017 1620 Sic
2054 1559 2223 1630 igitur
2250 1574 2379 1614 cum
2418 1557 2525 1614 ali·-

520 1663 630 1721 qua
653 1648 910 1704 accidunt
934 1656 1130 1722 praeter
1158 1649 1519 1706 intentionem
1560 1664 1851 1706 causarum
1886 1649 2269 1716 secundarum,
2294 1647 2525 1705 fortuita

521 1742 666 1807 sunt,
694 1737 780 1793 vel
812 1737 1074 1806 casualia,
1101 1736 1290 1797 habito
1319 1744 1572 1810 respectu
1600 1739 1670 1794 ad
1717 1737 1839 1794 illas
1873 1752 2087 1802 causaS,
2120 1742 2175 1792 et
2202 1734 2533 1809 simpliciter,

521 1826 764 1882 casualia
813 1826 922 1882 dici
974 1833 1220 1898 possunt,
1279 1827 1410 1898 quia
1458 1827 1684 1882 effectus
1735 1824 2055 1899 simpliciter
2105 1824 2529 1882 denominantur

521 1915 821 1972 secundum
851 1915 1221 1972 conditionem
1252 1916 1622 1988 proximarum
1660 1930 1969 1988 causarum.
1996 1914 2054 1972 Si
2101 1930 2231 1971 vero
2258 1914 2529 1980 habeatur

523 2005 798 2079 inspectus
821 2005 892 2064 ad
917 2007 1111 2076 Deum,
1133 2021 1244 2062 non
1273 2011 1402 2062 sunt
1425 2005 1673 2074 fortuita,
1697 2005 1796 2062 sed
1822 2003 2065 2078 provisa.

1138 2169 1422 2236 CAPUT
1469 2169 1903 2237 CXXXVIII.

797 2311 1023 2372 Utrum·
1033 2311 1238 2386 fatam
1263 2309 1348 2372 sit
1371 2310 1584 2390 aliqua
1612 2303 1861 2387 natam,
1893 2314 1950 2374 et
1976 2309 2127 2390 qaid
2150 2308 2255 2372 sit.

593 2441 675 2496 Ex
702 2439 806 2496 hoc
829 2447 1012 2497 autem
1048 2449 1273 2514 apparet
1303 2459 1429 2515 quae
1448 2443 1520 2498 sit
1542 2443 1681 2500 ratio
1712 2443 1835 2500 fati.
1857 2445 1992 2500 Cum
2022 2440 2349 2505 enimmulti
2378 2443 2537 2512 effec-

526 2537 616 2586 tus
657 2529 1005 2586 inveniantur
1031 2529 1325 2586 casualiter
1367 2530 1655 2603 provenire
1696 2532 1997 2588 secundum
2037 2530 2535 2588 considerationem

526 2615 888 2680 secundarum
911 2631 1218 2684 causarum,
1233 2617 1457 2689 quidam
1480 2616 1789 2690 hujusmodi
1810 2619 2035 2674 effectus
2059 2618 2113 2672 in
2134 2617 2341 2678 nullam
2363 2633 2538 2691 supo-

529 2705 727 2761 riorem
771 2719 995 2763 causam
1031 2704 1376 2762 ordinantem
1421 2721 1517 2762 eos
1560 2707 1820 2762 reducere
1862 2707 2070 2774 volunt,
2096 2721 2235 2779 quos
2286 2696 2541 2764 totaliter

528 2808 728 2864 negare
752 2792 924 2850 fatum
954 2808 1176 2850 necesse
1201 2802 1306 2850 est.
1331 2793 1567 2864 Quidam
1596 2811 1726 2851 vero
1754 2795 1853 2852 hos
1882 2797 2125 2865 effectus,
2154 2795 2250 2867 qui
2272 2794 2536 2851 videntur

529 2881 774 2938 casuales
809 2887 865 2938 et
902 2881 1133 2948 fortuiti,
1161 2882 1218 2937 in
1246 2885 1581 2955 superiorem
1614 2900 1837 2941 causam
1866 2884 2210 2941 ordinantem
2238 2899 2337 2940 eos
2364 2882 2536 2940 redu·
2628 2883 2637 2892 '

529 2987 652 3028 cere
697 2971 1004 3040 voluerunt,
1054 2970 1150 3028 sed
1207 2971 1571 3044 corporalium
1617 2975 1862 3030 ordinem
1918 2989 2028 3029 non
2080 2973 2535 3042 transcendentes

530 3059 897 3117 attribuerunt
925 3059 1322 3116 ordinationem
1365 3060 1683 3133 corporibus
1712 3062 1902 3132 primis
1926 3060 2139 3117 scilicet
2164 3060 2489 3118 coelestibus
2518 3075 2539 3118 z

531 3156 583 3204 et
615 3148 668 3203 hi
696 3147 868 3205 iatum
904 3164 1025 3206 esse
1051 3147 1308 3203 dixerunt
1335 3147 1447 3202 vim
1480 3147 1765 3221 positionis
1802 3149 2061 3213 siderum,
2094 3165 2161 3204 ex
2196 3163 2309 3221 qua
2338 3149 2539 3222 hujus-

533 3236 675 3294 modi
705 3237 932 3293 effectus
967 3237 1282 3307 contingere
1307 3234 1581 3291 dicebant.
1614 3237 1717 3291 Sed
1757 3237 1886 3310 quia
1926 3243 2207 3294 ostensum
2247 3245 2353 3303 est,
2389 3237 2537 3311 quod

532 3325 840 3383 intellectus
877 3333 932 3382 et
960 3327 1230 3392 voluntas,
1260 3339 1385 3395 quae
1423 3329 1551 3378 sunt
1595 3325 1815 3396 propria
1862 3325 2129 3398 principia
2166 3325 2539 3382 humanorum

529 3421 770 3482 actuum,
801 3416 1016 3488 proprie
1038 3412 1356 3486 corporibus
1383 3411 1699 3467 coelestibus
1723 3427 1829 3467 non
1852 3413 2323 3486 subduntur‚‚non
2353 3421 2543 3488 potest

529 3505 637 3562 dici
662 3504 810 3578 quod
835 3520 900 3562 ea
924 3519 1048 3578 quae
1083 3499 1394 3566 casualiter,
1422 3499 1507 3557 vel
1534 3499 1757 3556 fortuito
1790 3501 1850 3556 in
1882 3502 2045 3559 rebus
2084 3502 2343 3560 humanis
2383 3505 2541 3562 acci-

501 3589 660 3653 'dere
685 3593 960 3662 videntur,
988 3591 1317 3648 reducantur
1362 3589 1417 3644 in
1459 3603 1688 3660 corpora
1733 3588 1978 3647 eoelestia
2019 3591 2162 3647 sicut
2210 3593 2267 3646 in
2306 3607 2550 3652 causam

529 3683 896 3742 ordinantem.
919 3683 1112 3738 Fatum
1139 3684 1322 3734 autem
1352 3692 1460 3732 non
1478 3676 1695 3732 videtur
1723 3693 1842 3733 esse
1866 3678 1967 3733 nisi
1992 3679 2044 3735 in
2068 3679 2231 3736 rebus
2252 3673 2539 3749 humanis,

529 3775 583 3831 in
614 3773 816 3847 quibus
835 3778 920 3828 est
945 3778 1000 3828 et
1023 3769 1258 3826 fortuna.
1286 3767 1366 3822 De
1388 3764 1475 3820 his
1496 3765 1642 3820 enim
1662 3763 1835 3820 solent
1860 3763 2027 3839 aliqui
2058 3784 2329 3840 quaerere,
2350 3769 2543 3828 futura

529 3877 857 3932 cognoscere
884 3859 1149 3924 volentes,
1172 3853 1318 3917 etde
1345 3853 1431 3908 his
1459 3868 1492 3909 a
1534 3851 1902 3908 divinantibus
1938 3857 2256 3928 responderi
2294 3874 2542 3916 consue-

533 3948 614 4008 vit
646 3950 830 4009 :unde
869 3957 925 4010 et
963 3948 1135 4010 satum
1175 3961 1209 4002 a
1250 3941 1412 4005 fando
1464 3947 1548 3999 est
1584 3939 1933 4012 appellatum,
1970 3950 2027 4000 et
2063 3943 2188 4006 ideo
2232 3945 2321 4007 sic
2346 3947 2543 4010 -fatum
