2850 4517
546 328 611 371 lv
1414 324 1700 369 MONITUM

544 442 861 520 Aquinatis
897 442 1107 500 florem
1150 439 1412 501 delibent
1454 442 1607 517 apud
1650 442 1935 501 Jacobum
1964 442 2302 504 Echardum
2330 444 2550 525 Scrip-

547 536 701 594 tores
735 530 883 591 Ord.
906 529 1095 608 praed.
1127 533 1273 590 tom.
1305 530 1356 604 Ι,
1381 532 1551 604 quus
1580 530 1877 590 eruditum
1902 534 2394 606 commentarium
2420 543 2552 595 nos·

545 621 808 697 metipsi,
842 620 1156 696 aliquando
1184 623 1247 678 et
1273 618 1390 678 alio
1418 616 1571 693 loco,
1607 620 1668 678 in
1709 618 1901 680 lucem
1940 622 2139 694 edere,
2178 624 2550 701 propositum

545 712 966 787 decretumque
1008 710 1312 770 habemus.

623 800 942 877 Reliquum
972 803 1065 859 est
1093 802 1158 859 ut
1177 798 1248 857 de
1263 798 1515 873 quadam
1537 797 1866 873 quaestione
1891 797 2339 860 hermeneutica
2362 820 2549 877 pauca

545 890 830 949 dicamus,
865 890 929 947 In
983 886 1336 963 Compendio
1379 884 1706 964 theologice,
1740 904 1869 962 cap.
1904 904 2124 947 ccxx1v
2154 887 2259 968 (al.
2294 890 2548 970 comm),

545 982 608 1038 et
634 979 693 1037 in
717 976 1118 1056 Eaepositione
1151 973 1566 1038 Salutationis
1593 972 1921 1054 Anyelicoe,
1948 994 2081 1053 cap.
2114 995 2157 1051 1,
2192 979 2256 1038 S.
2293 979 2551 1040 Thomas

546 1067 618 1126 de
647 1066 1024 1141 conceptione
1047 1066 1119 1123 B.
1143 1064 1414 1141 Virginis
1435 1064 1648 1124 Mariae
1678 1082 1747 1123 eo
1775 1066 1949 1125 modo
1975 1066 2260 1143 loquitur,
2292 1068 2393 1145 qui
2424 1070 2552 1145 plu·

545 1156 708 1215 ribus
736 1173 844 1214 non
879 1153 1041 1213 visus
1071 1156 1164 1213 est
1189 1170 1324 1213 cum
1354 1154 1633 1229 dogmate
1658 1170 1693 1212 a
1721 1153 1831 1213 Pio
1861 1155 1935 1215 P.
1968 1155 2057 1214 IX
2088 1174 2277 1233 nuper
2305 1158 2550 1217 definito

544 1242 881 1304 convenire.
931 1242 1108 1302 Certe
1139 1241 1362 1301 nemini
1403 1241 1792 1302 dubitandum
1819 1246 1913 1302 est
1950 1244 2090 1320 quin
2138 1245 2187 1303 si
2218 1246 2567 1322 Angelicusx

545 1336 750 1392 nostra
778 1335 957 1392 aetate
986 1331 1346 1411 scripsisset,
1396 1330 1853 1406 diligentissime
1882 1348 1950 1390 ac
2004 1328 2259 1392 dilucide
2302 1351 2553 1411 expres-

545 1422 724 1485 sisset
749 1421 982 1497 insigne
1011 1420 1284 1497 Deiparae
1313 1418 1719 1496 privilegium.
1757 1420 2050 1486 Quidnam
2097 1425 2297 1482 autem
2338 1440 2554 1485 revera

545 1511 800 1571 senserit
829 1511 893 1571 S.
921 1512 1142 1570 Doctor
1165 1510 1237 1568 de
1263 1508 1661 1567 immaculatae
1685 1508 1957 1585 Virginis
1992 1510 2408 1588 conceptione,
2436 1532 2550 1573 non

545 1604 638 1660 est
677 1600 851 1661 facile
889 1599 1156 1659 definire.
1191 1600 1275 1657 De
1309 1598 1421 1657 hac
1460 1598 1764 1658 salebrosa
1793 1598 2119 1677 quaestione
2147 1600 2269 1676 legi
2308 1608 2554 1678 possunt

544 1691 802 1761 Joannes
827 1708 862 1747 a
905 1688 969 1747 S.
1002 1688 1252 1759 Thema,
1287 1687 1378 1747 De
1400 1685 1824 1764 approbatione
1862 1686 2149 1749 doctrinm
2174 1688 2242 1751 S.
2282 1690 2547 1765 Thomoe,

545 1779 697 1855 disp.
732 1778 810 1851 II,
844 1782 961 1839 art.
1003 1777 1083 1850 II,
1116 1780 1178 1836 et
1206 1776 1287 1842 H,
1328 1777 1579 1849 Hurter,
1626 1774 1912 1855 Theoloy.
1947 1776 2210 1856 dogmat.
2248 1780 2545 1857 compend.

545 1871 690 1925 tom.
716 1865 796 1939 11,
825 1884 924 1927 nn.
952 1863 1247 1937 467-470,
1276 1864 1376 1940 qui
1402 1868 1662 1924 mentem
1685 1865 1959 1941 Angelici
1978 1867 2274 1941 Doctoris,
2295 1872 2362 1928 ut
2386 1870 2551 1929 nobis

548 1955 808 2027 videtur,
860 1953 1320 2031 prudentissime
1375 1954 1717 2029 exquirunt.
2148 1986 2155 1991 ·

623 2042 832 2102 Liceat
859 2044 1100 2103 tandem
1125 2042 1374 2101 verbum
1403 2041 1602 2101 facere
1632 2043 1704 2101 de
1730 2042 2008 2118 opusculo
2036 2046 2190 2117 quod
2219 2045 2277 2102 in
2310 2046 2421 2104 hoc
2441 2066 2551 2106 vo-

547 2132 769 2191 lumine
798 2131 1026 2191 decimo
1072 2130 1202 2188 loco
1253 2129 1515 2205 ponitur,
1559 2129 2017 2205 inscribiturque
2061 2130 2287 2193 Contra
2326 2150 2553 2198 errores

555 2217 916 2283 Groecorum.
935 2220 1019 2276 Eo
1040 2217 1100 2275 in
1126 2232 1304 2293 opere
1322 2216 1581 2291 plurima
1602 2217 1672 2275 de
1700 2216 1836 2274 fidei
1866 2216 2146 2293 dogmata
2175 2218 2271 2297 (de
2297 2222 2553 2284 Proces-

548 2307 712 2367 sione
735 2306 1002 2383 ¹Spiritus
1031 2305 1242 2378 sancti,
1267 2304 1338 2363 de
1368 2302 1624 2363 Romani
1648 2304 1956 2365 Pontificis
1986 2306 2268 2383 primatu,
2298 2310 2369 2369 de
2394 2312 2552 2371 Pur-

547 2395 805 2471 gatorio,
839 2392 983 2471 etc.)
1013 2392 1256 2469 egregie
1286 2396 1664 2469 exponuntur
1692 2410 1761 2452 ac
1789 2392 2187 2454 vindicantur.
2220 2398 2551 2460 Fatendum

547 2489 746 2543 tamen
777 2486 870 2543 est
895 2485 1163 2543 sanctum
1193 2483 1509 2542 Doctorem
1540 2498 1654 2540 non
1685 2481 1871 2541 semel
1900 2483 2007 2541 sub
2038 2484 2272 2543 nomine
2301 2488 2554 2548 Patrum

548 2588 881 2649 graecorum
906 2571 1164 2648 plurima
1192 2569 1469 2630 attulisse
1497 2570 1865 2645 testimonia,
1885 2588 2017 2647 quae
2045 2575 2407 2635 recentiores
2430 2578 2554 2637 cri-

548 2661 652 2720 tIci
673 2661 935 2727 unanimi
958 2676 1246 2720 consensu
1275 2660 1436 2719 inter
1464 2658 1669 2736 spuria
1687 2659 1987 2736 rejiciunt.
2008 2661 2151 2721 Haec
2168 2662 2427 2725 Thomas
2447 2684 2555 2726 sua

547 2754 723 2811 aetate
759 2750 1000 2826 legebat
1025 2749 1086 2808 in
1115 2749 1464 2825 quibusdam
1489 2748 1810 2821 codicibus,
1838 2747 1958 2808 imo
1987 2749 2048 2808 in
2091 2753 2371 2827 opusculo
2399 2756 2553 2832 quod

548 2839 662 2915 ipsi
709 2840 985 2899 Urbanus
1012 2839 1086 2898 P.
1129 2838 1211 2897 IV
1243 2836 1599 2897 mittendum
1627 2842 1967 2898 curaverat.
2000 2838 2134 2900 Non
2164 2840 2280 2901 nisi
2306 2842 2553 2903 latinam

549 2928 884 2989 versionem
913 2932 1152 2988 sanctus
1180 2928 1401 2987 Doctor
1429 2926 1601 3000 vidit,
1634 2944 1880 3003 eamque
1910 2945 2025 2986 non
2053 2946 2171 2987 una
2198 2930 2329 2987 vice
2358 2931 2554 2993 minus

453 3090 462 3097 ·
549 3023 887 3078 accuratam
933 3017 1251 3099 significat.
1293 3016 1597 3091 Numquid
1646 3016 1838 3076 eidem
1875 3019 1967 3076 est
1994 3015 2144 3075 vitio
2172 3020 2549 3094 vertendum,

549 3107 703 3181 quod
723 3107 933 3165 horum
962 3104 1441 3163 testimoniorum
1470 3105 1838 3165 authentiam
1860 3106 1933 3164 ad
1958 3122 2205 3165 examen
2236 3124 2349 3166 non
2370 3126 2555 3169 voca-

550 3194 732 3266 verit,
779 3198 883 3253 aut
919 3191 1189 3252 fraudem
1231 3193 1437 3251 statim
1468 3192 1961 3269 deprehenderit?
1990 3194 2287 3255 Caeterum
2318 3196 2377 3255 in
2412 3215 2557 3274 pos·-

553 3286 745 3341 tremo
773 3299 974 3358 opere,
1006 3279 1256 3343 Summa
1283 3279 1567 3340 videlicet
1610 3279 1961 3361 theologica,
1996 3284 2313 3360 praedictas
2346 3290 2557 3345 aucto-

553 3371 767 3431 ritates
796 3370 1066 3447 nuspiam
1108 3369 1284 3429 affert
1323 3368 1609 3445 AquinaS.
1640 3370 1805 3446 Lege
1847 3372 1933 3431 De
1970 3372 2218 3446 Rubeis,
2252 3373 2347 3435 De
2370 3374 2559 3453 pestis

553 3462 610 3519 et
635 3458 884 3537 scriptis
909 3456 978 3520 S.
1015 3456 1257 3517 Thomoe
1284 3457 1525 3517 dissert.
1551 3458 1752 3537 XVII,
1780 3476 1912 3536 cap.
1942 3477 2008 3533 11,
2047 3460 2341 3533 Venetiis,
2376 3463 2554 3538 1750,

591 3565 687 3621 ag.
736 3546 847 3606 197
876 3565 904 3605 s
952 3591 964 3605 .

551 3566 587 3624 P
631 3626 810 3685 Faxit
833 3564 990 3686 De‘ixs
1021 3629 1085 3686 ut
1111 3626 1280 3685 labor
1307 3642 1342 3684 a
1371 3624 1540 3685 nobis
1569 3629 1879 3704 susceptus
1907 3626 2165 3688 fovendo·
2195 3630 2556 3707 optimarum

552 3715 996 3793 disciplinarum
1021 3714 1216 3774 studio
1239 3714 1553 3785 inserviat,
1583 3732 1804 3775 necnon
1833 3714 1893 3775 in
1917 3716 2203 3778 Ecclesiae
2229 3720 2555 3781 utilitatem

553 3804 856 3882 divinique
880 3800 1134 3863 nominis
1162 3802 1415 3880 gloriam
1446 3800 1647 3863 cedati
