2850 4517
536 368 659 430 420
1017 378 1071 426 s.
1114 376 1348 423 ¹1·quAE
1389 374 1714 427 somnum
1755 368 2069 422 opvsounn

516 496 731 567 'it-etus,
750 500 858 555 etc.
877 495 1120 553 »Contra
1148 498 1335 551 autem
1359 493 1506 549 hune
1521 492 1774 550 timorem
1798 482 2063 560 debemus
2083 498 2326 568 ,quatuor
2351 494 2555 555 habere

512 580 802 644 remedia.
833 582 1077 641 Primum
1104 586 1189 639 est
1217 580 1365 639 bona
1406 580 1677 655 operatio.
1705 582 1900 654 Apost.
1921 581 2083 637 Rom.
2110 584 2224 640 x'ut
2256 599 2269 637 z
2313 581 2408 643 Vis
2449 600 2552 641 non

537 675 728 733 timere
763 670 1117 747 potestatem?
1142 669 1355 729 Benuni
1386 669 1500 743 fae,
1531 674 1590 726 et
1639 667 1851 726 habebis
1873 668 2086 727 laudem
2104 686 2170 727 ex
2194 670 2312 729 illa.
2343 674 2553 731 Secun-

538 764 673 819 dum
696 767 780 818 est
804 760 1077 818 confessio
1096 764 1157 816 et
1176 754 1503 833 poenitentie
1543 757 1614 814 de
1639 756 1972 835 commissis}
1996 756 2053 814 in
2077 776 2190 835 qua
2218 760 2344 818 tria
2351 759 2556 819 debent

512 860 681 918 ‘esse,
710 849 921 908 seilicet
961 848 1144 905 dolor
1146 848 1208 905 in
1233 847 1589 921 cogitatione,
1615 843 1835 919 p'udor
1817 863 1877 902 ιιι
1901 846 2264 917 confessione,
2311 857 2370 910 et
2396 866 2557 907 acer-

516 936 687 996 'bitas
730 939 787 995 in
836 922 1235 1015 satisfactione,
1278 950 1405 1011 quae
1443 926 1668 1021 quidem
1718 933 1942 1009 expient
1996 948 2220 1012 poenam
2263 943 2555 999 aeternam.

520 1028 791 1087 Tertium
818 1032 905 1085 est
944 1018 1313 1119 eleemosyna,
1352 1040 1480 1098 quae
1510 1024 1702 1082 omnia
1721 1026 1985 1083 mundat.
2014 1027 2153 1085 Luc.
2181 1043 2337 1085 xv1·
2349 1028 2558 1087 Facite

516 1115 689 1175 'vobis
726 1115 925 1173 amieos
968 1115 1031 1173 de
1070 1114 1403 1172 mammona·
1415 1113 1746 1187 iniquitatis,
1757 1121 1840 1171 vt
1879 1130 1999 1172 cum
2048 1110 2376 1189 defeceritis,
2415 1117 2558 1174 reei-

516 1204 521 1214 '
537 1206 700 1281 piant
742 1222 832 1263 ves
860 1205 925 1263 iu
962 1210 1168 1262 oeterna
1208 1203 1598 1264 tabernacula.
1617 1192 1910 1273 Quartum·
1930 1210 2016 1261 est
2052 1204 2317 1273 charitaS,
2345 1205 2558 1263 scilieet

512 1290 700 1353 ‘amor
729 1291 831 1351 Dei
875 1301 932 1352 et
971 1290 1227 1368 proximi,
1258 1308 1385 1367 quae
1400 1290 1640 1366 quidem
1667 1290 1921 1375 eharitas
1947 1294 2128 1367 operit·
2153 1294 2557 1353 multitudinem

538 1390 902 1458 peecatorum,
930 1390 993 1439 ut
1012 1382 1223 1440 dicitur
1250 1380 1277 1439 1
1302 1383 1451 1438 Petr.
1483 1380 1579 1449 iv,
1599 1362 1936 1449 etPro'verh.
1964 1396 2030 1439 x.
2113 1392 2126 1399 ‘

616 1470 785 1529 Credo
813 1470 875 1527 iu
896 1468 1164 1544 Spiritum
1186 1470 1464 1527 Sanctum·
1481 1467 1635 1539 Siout
1657 1467 1870 1527 dietum
1903 1472 2006 1539 est,
2035 1469 2272 1529 Verbum
2315 1472 2420 1529 Dei
2467 1480 2557 1531 est

541 1558 687 1617 filius
730 1560 850 1627 Dei,
894 1560 1039 1617 sicut
1070 1553 1300 1616 verbum
1336 1543 1574 1615 'hominis
1622 1557 1716 1616 est‘
1739 1544 2039 1644 οοιιεεριίο’
2057 1559 2387 1617 intellectus·
2441 1561 2562 1619 Sed

516 1640 878 1723 'quandoque
912 1646 1075 1705 homo
1104 1646 1269 1704 hahet
1291 1647 1535 1718 verbum
1572 1654 1871 1716 mortuum,
1903 1648 2108 1719 seilicet
2135 1646 2354 1722 quando
2382 1649 2559 1707 bomo

518 1731 753 1810 'cogitat
775 1752 902 1811 quae
924 1722 1090 1793 'debet
1120 1732 1319 1804 faeere,
1352 1736 1450 1793 sed
1475 1743 1660 1793 tamen
1683 1736 1938 1796 voluntas
1968 1736 2204 1798 faciendi
2249 1753 2360 1793 non
2397 1738 2562 1795 adest

516 1826 648 1884 ἐι·
680 1826 824 1885 sicut
852 1825 1073 1900 quando
1099 1825 1260 1881 homo
1282 1822 1462 1894 'credit
1490 1830 1547 1881 et
1581 1840 1690 1881 non
1728 1834 2008 1901 operatur,
2036 1826 2174 1883 fides
2209 1826 2331 1900 ejus
2355 1826 2564 1885 dicitur

518 1912 523 1920 ’
548 1923 787 1982 mortua,
816 1922 877 1972 ut
905 1914 1107 1973 dieitur
1130 1912 1301 1973 Jacob
1326 1929 1393 1971 ιι.
1418 1913 1660 1972 Verbum
1687 1922 1873 1973 autem
1903 1915 2003 1971 Dei
2036 1920 2124 1972 est
2153 1916 2361 1972 vivum.
2387 1916 2561 1974 Hebr.

516 1996 521 2005 “
550 2014 613 2061 ιν
640 2018 655 2059 ι
688 2000 853 2062 Vivus
875 2007 951 2059 est
976 2016 1147 2059 sermo
1174 1999 1295 2057 Dei.
1314 1990 1397 2058 ·Et
1423 1999 1558 2079 ¹ideo
1587 2015 1811 2059 neeesse
1857 2009 1962 2071 est,
1992 2002 2140 2077 quod
2172 2003 2320 2061 Deus
2358 2002 2568 2059 hebeat

548 2106 738 2149 secum
766 2090 1107 2147 voluntatem
1144 2094 1202 2147 et
1234 2103 1478 2147 amorem
1499 2084 1523 2146 ἰ
1549 2090 1693 2147 unde
1733 2094 1967 2163 August.
2000 2092 2056 2146 in
2086 2088 2181 2145 lib.
2203 2090 2283 2147 'de
2307 2090 2510 2148 Trinit.
2543 2106 2561 2146 ε

523 2170 579 2231 ἀ
605 2176 849 2235 Verbum
894 2177 1041 2251 quod
1086 2175 1367 2234 insinuare
1405 2175 1744 2235 intendimus
1785 2191 1912 2233 cum
1951 2190 2160 2247 amore,
2202 2176 2408 2234 notitia
2449 2182 2564 2233 est.

516 2266 701 2323 'Siout
724 2273 910 2323 autem
934 2263 1175 2324 Verbum
1192 2260 1301 2323 'Dei
1329 2268 1415 2325 est
1443 2264 1612 2323 Filius
1640 2264 1758 2333 Dei,
1783 2265 1862 2321 ita
1896 2278 2050 2321 amor
2079 2264 2182 2321 Dei
2211 2270 2298 2321 est
2320 2264 2566 2337 Spiritus

523 2355 806 2413 Sanetus,
832 2352 905 2411 Et
944 2352 1073 2410 inde
1098 2359 1204 2423 est,
1231 2346 1380 2428 quod
1410 2348 1543 2411 tune
1568 2353 1730 2410 homo
1773 2352 1940 2410 habet
1963 2352 2233 2425 Spiritum
2272 2354 2562 2419 Sanctum,

524 2432 774 2517 ³quando
798 2434 979 2514 diligit
1014 2442 1211 2499 Deum.
1242 2460 1270 2497 ιο
1312 2446 1509 2516 Apost.
1531 2442 1696 2501 Rom.
1721 2458 1760 2499 v
1792 2458 1805 2496 ε
1838 2441 2094 2499 Charitas
2117 2441 2222 2499 Dei
2259 2442 2460 2514 diffusa
2485 2448 2566 2499 est

516 2530 529 2541 ⁵
548 2523 613 2587 in
636 2526 1108 2588 eordibusuostris
1123 2545 1228 2603 per
1244 2529 1513 2605 Spiritum
1533 2529 1805 2597 Sanctum,
1816 2529 1908 2603 qui
1930 2529 2088 2588 datus
2115 2536 2191 2587 est
2219 2531 2386 2589 nobis.
2410 2531 2562 2589 Fue-

522 2626 679 2678 ·runt
707 2625 895 2676 autem
935 2616 1126 2693 aliqui,
1154 2619 1249 2694 qui
1290 2618 1436 2678 male
1477 2620 1778 2677 sentientes
1816 2621 1885 2677 de
1909 2618 2119 2693 Spiritu
2153 2620 2377 2689 Sancto,
2405 2620 2572 2679 dixe-

548 2712 681 2767 runt
696 2706 846 2783 quod
868 2713 989 2766 erat
1011 2722 1205 2767 servus
1228 2714 1286 2767 et
1306 2708 1561 2767 minister
1583 2708 1704 2767 Dei.
1721 2708 1792 2766 Et
1821 2708 1944 2766 ideo
1969 2710 2149 2767 saneti
2172 2709 2245 2767 ad
2273 2725 2574 2768 removen-

550 2798 684 2855 dum
710 2797 811 2855 hos
842 2812 1055 2855 errores
1082 2797 1413 2857 addiderunt
1442 2798 1687 2875 quinque
1722 2797 1890 2858 verba
1929 2798 1988 2855 in
2034 2798 2144 2856 elio
2192 2798 2459 2874 Symbolo
2499 2799 2572 2856 de

547 2876 759 2960 Spiritu
786 2886 1008 2945 sancto.
1033 2887 1278 2946 Primum
1301 2894 1407 2958 est,
1439 2889 1588 2963 quod
1616 2886 1746 2946 licet
1786 2888 1899 2946 sint
1939 2887 2033 2947 alii
2069 2888 2317 2961 spiritus,
2350 2887 2573 2945 seilicet

522 2975 765 3048 'Angeli,
814 2984 942 3033 sunt
988 2980 1175 3037 tamen
1207 2976 1449 3037 ministri
1490 2978 1612 3045 Dei,
1639 2977 1941 3035 secundum
1984 2975 2125 3035 illud
2167 2976 2422 3050 Apostoli
2454 2977 2578 3033 He-

535 3063 687 3123 ‘brae.
715 3080 777 3122 ι·
806 3062 994 3124 omues
1018 3072 1149 3126 sunt
1170 3064 1637 3127 administratorii
1657 3062 1914 3147 spiritus:
1941 3064 2038 3123 sed
2066 3064 2300 3139 Spiritus
2325 3064 2574 3121 Sanctus

548 3152 819 3211 Dominus
841 3159 946 3212 est.
958 3157 1117 3213 1ῐοιιιι.
1145 3170 1233 3215 1v:
1246 3156 1489 3232 Spiritus
1507 3162 1587 3216 est
1610 3156 1847 3224 Detes,et
1870 3156 2064 3229 Apost.
2089 3170 2155 3213 ιι.
2187 3152 2438 3211 Corinth.
2467 3167 2574 3215 ιιι·

520 3242 527 3325 J
557 3227 823 3299 Dominus
856 3250 1035 3302 autem
1073 3244 1305 3317 spiritus
1333 3252 1466 3305 est:
1495 3252 1552 3302 et
1585 3244 1712 3302 inde
1749 3250 1854 3312 est,
1890 3243 2040 3317 quod
2081 3241 2176 3299 ubi
2218 3247 2299 3301 est
2336 3242 2578 3313 spiritus

523 3326 799 3413 ‘Domina
827 3330 903 3388 ibi
922 3339 1003 3390 est
1026 3332 1267 3401 libertas,
1291 3342 1354 3393 ut
1385 3333 1588 3391 dieitur
1618 3334 1666 3390 Π
1697 3332 1945 3391 Corinth.
1976 3347 2066 3401 ιιι,
2097 3332 2255 3406 eujus
2284 3333 2435 3389 ratio
2463 3338 2556 3389 est

522 3430 529 3435 ·
557 3418 689 3496 quia
716 3419 851 3477 facit
876 3419 1106 3493 diligere
1133 3421 1329 3489 Deum,
1355 3426 1411 3479 et
1441 3420 1618 3479 aufert
1647 3436 1887 3479 amorem
1914 3420 2103 3478 mundi
2139 3438 2154 3477 ι
2185 3426 2241 3477 et
2268 3420 2400 3478 ideo
2429 3420 2580 3478 dioi-

518 3516 693 3591 Itur.
679 3524 693 3539 ·
718 3506 789 3566 Ιπ
812 3507 1083 3582 Spiritum
1107 3508 1362 3568 Sanctum
1388 3510 1700 3567 Dominum.
1725 3509 2040 3568 Secundum
2074 3514 2180 3581 est,
2206 3509 2340 3583 quia
2375 3509 2434 3565 in
2471 3508 2582 3565 hoc

551 3602 640 3655 ost
667 3596 793 3653 vita
814 3596 1034 3665 animae,
1061 3597 1211 3672 quod
1251 3597 1602 3683 conjungitur
1643 3599 1778 3667 Deo,
1811 3614 1938 3657 cum
1978 3598 2099 3671 ipse
2145 3598 2298 3655 Deus
2335 3596 2417 3656 sit
2461 3597 2580 3654 vita

512 3687 535 3759 ⁴3
551 3684 770 3753 animae‚
803 3684 948 3743 sicut
973 3686 1159 3746 anima
1186 3685 1305 3745 vita
1332 3686 1599 3761 corporis.
1625 3686 1742 3745 Deo
1783 3693 1972 3745 autem
2011 3686 2301 3761 conjungit
2329 3686 2584 3759 Spiritus

550 3767 798 3831 Sanctus
820 3790 922 3848 per
948 3784 1217 3846 amorem,
1238 3775 1372 3850 quia
1412 3776 1530 3849 ipse
1559 3781 1642 3834 est
1687 3790 1844 3834 amor
1884 3775 2006 3843 Dei,
2037 3783 2094 3832 et
2133 3774 2259 3830 ideo
2295 3773 2582 3831 vivificat.

544 3860 709 3919 Ioan.
739 3876 842 3922 lx:
873 3862 1121 3937 Spiritus
1138 3871 1217 3925 est
1236 3865 1330 3939 qui
1352 3863 1638 3937 vivificat:
1653 3864 1808 3923 unde
1832 3863 2066 3922 dicitur.
2081 3862 2160 3921 Et
2181 3860 2581 3933 vivificantem.

552 3946 802 4008 'tertium
824 3956 930 4021 est,
958 3955 1105 4027 quod
1136 3954 1373 4033 Spiritus
1396 3954 1630 4015 Sanctus
1665 3958 1754 4014 est
1786 3954 2034 4029 ejusdem
2068 3951 2409 4011 substantiae
2445 3965 2586 4011 oum
