2850 4517
642 382 730 428 IV.
762 398 841 416 -ν
863 383 945 429 DE
986 384 1405 431 PRRFltc'rloNR
1446 386 1628 431 Vl'l'AE·
1661 382 2032 434 stl'wAms
2207 359 2332 437 311

334 496 790 572 contemplativa.
811 496 963 554 Dicit
990 498 1137 557 enim
1168 498 1249 555 sic
1278 516 1293 553 ε
1319 498 1612 557 Abstinere
1651 500 1736 558 vel
1775 502 2025 573 jejunare
2051 494 2332 579 debemus,

337 594 536 645 utnon
562 601 663 643 nos
697 586 1013 643 necessitati
1046 588 1328 660 jejunandi
1374 589 1690 657 subdamus,
1714 605 1784 647 ne
1812 590 1928 661 jam
1968 586 2075 648 non
2127 592 2336 659 de'voti,

336 677 435 733 sed
481 676 639 733 inviti
674 690 791 741 rem
828 692 937 733 non
978 676 1285 735 voluntarie
1325 677 1610 735 faciamus.
1642 680 1869 737 Posseut
1900 680 2074 737 etiam
2121 682 2192 737 ad
2235 680 2338 737 hoc

336 765 600 821 inducere
622 763 769 835 quod
797 763 931 820 dicit
968 768 1163 837 Apost.
1192 766 1243 821 11
1268 767 1393 823 Cor.
1425 782 1491 823 ix
1522 785 1535 821 :
1574 768 1934 843 Unusquisque
1964 776 2133 841 prout
2173 768 2343 825 desti-

310 854 499 911 ·navit
532 853 595 909 in
635 852 789 909 corde
828 869 942 920 auo,
970 870 1078 909 non
1114 871 1187 911 ex
1225 854 1481 923 tristitia,
1507 863 1602 912 aut
1639 872 1704 912 ex
1731 856 2034 913 necessitate
2060 874 2078 913 .·
2109 858 2338 915 hilarem

338 943 482 999 euim
508 942 747 999 datorem
778 940 959 1013 diliqit
993 942 1153 1002 Deus.
1195 943 1425 1016 Oportet
1465 960 1594 1017 ergo
1635 944 1923 1001 manifeste
1973 946 2260 1021 ostendere
2285 952 2339 1003 et

334 1032 447 1090 hoc
472 1030 669 1087 falsum
684 1046 801 1089 esse
820 1030 965 1103 quod
986 1032 1195 1097 dicunt,
1210 1039 1268 1087 et
1295 1032 1724 1090 eorumfriv'olas
1741 1034 1981 1090 rationes
2011 1032 2233 1093 elidere.
2255 1034 2338 1091 Ad

340 1119 739 1176 ostendendum
768 1124 951 1175 autem
977 1118 1139 1192 hujus
1166 1121 1367 1177 erroris
1393 1119 1713 1191 falsitatem,
1742 1121 1920 1194 primo
1948 1123 2336 1178 assumendum

342 1213 428 1266 est
468 1207 615 1280 quod
652 1206 707 1263 in
743 1207 1604 1277 Psal.1.xx1‚dieitur:Vovete
1649 1216 1700 1266 et
1735 1208 1938 1269 reddite
1979 1210 2188 1267 domiuo
2227 1211 2338 1267 Deo

340 1302 537 1362 vestro,
552 1294 646 1351 ubi
675 1294 810 1352 dicit
838 1294 1049 1353 Gloss.:
1068 1296 1404 1366 Notandum,
1422 1298 1568 1370 quod
1597 1297 1706 1355 alia
1729 1304 1858 1355 suut
1873 1300 2182 1356 communia
2205 1305 2337 1357 vota

341 1385 467 1450 Dei,
492 1383 701 1441 seilicet
728 1384 845 1444 sine
874 1384 1075 1458 quibus
1106 1400 1217 1444 non
1262 1394 1347 1443 est
1390 1386 1558 1454 salus,
1592 1396 1652 1443 ut
1677 1400 1880 1444 vovere
1902 1386 2072 1443 fidem
2111 1388 2167 1443 in
2200 1387 2340 1459 bap·

344 1473 509 1529 tismo
523 1478 584 1528 et
610 1472 942 1545 hujusmodi,
958 1488 1087 1546 quae
1112 1474 1278 1531 etiam
1306 1475 1355 1531 si
1380 1490 1486 1531 non
1515 1476 1903 1547 promittimus»,
1935 1466 2147 1532 solvere
2171 1474 2342 1531 debe-

342 1576 487 1629 muS,
518 1566 573 1617 et
599 1559 669 1617 de
697 1560 781 1617 his
816 1561 1135 1633 praecipitur
1162 1562 1441 1620 omuibus:
1465 1563 1674 1620 vovete
1702 1570 1758 1619 et
1785 1562 2040 1620 reddite.
2069 1560 2176 1620 alia
2213 1568 2341 1619 sunt

341 1656 475 1718 vota
503 1650 719 1722 propria
744 1648 1099 1721 singulorum,
1126 1657 1188 1707 ut
1206 1652 1454 1719 nestitae,
1481 1651 1786 1723 virginitale,
1812 1658 1866 1706 et
1896 1652 2225 1723 hujusmodi.
2257 1652 2343 1709 Ad

342 1736 467 1793 haec
496 1752 624 1809 ergo
649 1737 897 1795 vovenda
925 1750 1025 1795 nos
1048 1738 1279 1807 invitat3
1300 1753 1417 1795 ⁴non
1445 1738 1696 1811 praecipit
1725 1746 1786 1793 ut
1812 1752 2128 1806 voveamuS,
2155 1741 2252 1794 sed
2281 1744 2344 1796 ut

343 1832 477 1882 vota
511 1824 821 1881 reddamus..
846 1824 1059 1882 Vovere
1092 1826 1239 1882 enim
1272 1825 1543 1883 voluntati
1582 1826 1901 1893 consulitur,
1934 1826 2032 1881 sed
2056 1820 2189 1898 'post
2227 1825 2342 1891 voti

342 1913 695 1989 emissionem
734 1912 973 1970 redditio
1014 1913 1254 1985 exigitur
1295 1915 1622 1970 necessarie.
1660 1913 1861 1970 Votum
1901 1928 2032 1985 ergo
2063 1912 2341 1986 quoddam

344 2009 435 2059 est
464 2002 523 2056 iu
544 2008 831 2074 praecepto,
864 2002 1139 2076 quoddam
1174 2002 1232 2057 in
1260 2001 1508 2058 consilio.
1535 2002 1615 2057 Ex
1645 2008 1875 2074 utroque
1911 1992 2098 2058 autem
2138 2016 2206 2056 ex
2243 2016 2344 2056 ne-

342 2090 993 2157 cessitatecoucluditur,
1020 2090 1166 2163 quod
1198 2089 1395 2147 melius
1433 2095 1518 2146 est
1563 2089 1785 2162 aliquod
1825 2090 2024 2146 bonum
2067 2089 2248 2171 faeere
2275 2104 2342 2145 ex

341 2184 495 2246 yoto,
521 2194 687 2252 quam
713 2179 833 2235 sine
861 2185 1010 2236 voto.
1037 2179 1385 2237 Manifestum
1409 2184 1495 2235 est
1515 2178 1680 2246 enim,
1708 2178 1856 2251 quod
1883 2178 1954 2235 ad
1981 2194 2046 2235 ea
2065 2192 2189 2250 quae
2213 2183 2342 2234 sunt

343 2268 419 2324 de
444 2267 769 2325 necessitate
796 2266 1229 2343 salutis„omnes
1256 2271 1516 2325 tenentur
1555 2282 1622 2323 ex
1666 2268 1765 2324 Dei
1801 2273 2098 2341 praecepte,
2128 2280 2232 2322 nec
2260 2271 2346 2321 est

344 2353 433 2411 fas
454 2356 725 2413 aestimare
750 2355 975 2429 aliquod
1008 2356 1113 2412 ‘Dei
1141 2365 1480 2430 praeceptum
1503 2357 1559 2412 in
1583 2371 1819 2413 vacuum
1842 2354 1983 2425 dari,
2012 2354 2144 2427 finis
2165 2361 2344 2412 autem

344 2444 634 2516 cujuslibet
666 2443 921 2518 praecepti
948 2451 1022 2502 ert
1050 2436 1377 2511 charitasmt
1418 2444 1555 2501 dicit
1593 2447 1786 2518 Apost.
1826 2444 1850 2501 1
1883 2443 2025 2501 Tim.
2053 2460 2094 2501 1.
2120 2442 2346 2500 Frustra

344 2548 477 2605 ergo
503 2532 726 2591 daretur
746 2532 969 2606 aliquod
999 2541 1333 2607 praeeeptum
1358 2534 1430 2590 de
1455 2534 1640 2608 aliquo
1661 2524 1927 2602 faciendo,
1959 2535 2004 2591 si
2036 2547 2144 2591 non
2170 2530 2347 2605 magis

345 2622 418 2681 ad
455 2621 781 2704 charitatem
822 2622 1121 2695 pertineret
1164 2622 1299 2680 illud
1336 2622 1537 2691 facere,
1565 2638 1732 2694 quam
1775 2638 1884 2678 non
1921 2622 2133 2677 faeere.
2172 2622 2347 2679 Datur

345 2716 538 2771 autem
564 2718 897 2783 praeceptum
928 2726 1037 2769 nou
1062 2712 1237 2767 solum
1276 2711 1347 2766 de
1387 2708 1680 2778 credendo,
1711 2705 1796 2765 vel
1839 2708 1913 2765 'de
1953 2724 2058 2767 non
2091 2708 2344 2778 furando,

344 2797 448 2871 sed
474 2796 641 2853 etiam
668 2790 729 2853 ut
762 2797 883 2863 haee
918 2812 1233 2857 voveamus
1259 2794 1493 2855 credere
1525 2798 1694 2869 igitur
1721 2813 1789 2852 ex
1816 2788 1958 2855 'voto
1987 2802 2042 2853 et
2071 2795 2348 2873 abstinere

345 2902 383 2943 a
410 2884 558 2943 furto
581 2901 649 2945 ex
670 2893 817 2955 voto,
850 2894 959 2945 etc.
985 2885 1318 2959 hujusmodi,
1344 2884 1528 2957 magis
1566 2882 1636 2941 ad
1678 2884 2008 2941 charitatem
2046 2884 2352 2955 pertinent,

346 2988 518 3049 quam
544 2974 591 3031 si
614 2972 729 3032 sine
754 2983 885 3033 voto
911 2975 1063 3033 fiant.
1097 2975 1249 3045 Quod
1278 2979 1464 3031 autem
1486 2970 1664 3046 magis
1695 2972 1766 3029 ad
1803 2971 2158 3053 charitatem
2154 2971 2346 3055 perti-¹

346 3068 462 3131 net,
493 3064 669 3136 magis
708 3070 792 3122 est
830 3064 1126 3133 laudabile,
1149 3072 1206 3121 et
1252 3063 1428 3135 magis
1463 3061 1822 3119 meritorium.
1867 3060 2040 3132 Magis
2090 3046 2219 3131 ergo
2262 3066 2347 3115 est

347 3150 624 3226 laudabile
656 3158 715 3209 et
743 3136 1083 3210 meritorium
1104 3153 1284 3211 facere
1324 3150 1533 3227 aliquid
1559 3167 1626 3208 ex
1661 3158 1809 3216 voto,
1835 3158 2003 3222 quam
2039 3148 2158 3203 sine
2194 3153 2350 3203 voto.-

344 3214 577 3313 Rursus,
607 3239 895 3297 consilium
938 3241 1105 3299 datur
1147 3250 1252 3297 non
1288 3238 1464 3298 solum
1507 3239 1577 3296 de
1610 3236 1927 3309 virginitate
1962 3235 2046 3293 vel
2085 3236 2344 3293 castitate

342 3327 637 3397 servanda,
668 3329 765 3386 sed
794 3330 963 3387 etiam
985 3328 1055 3387 de
1081 3330 1349 3397 vovendo,
1379 3333 1458 3387 ut
1469 3333 1620 3401 patet
1647 3326 1714 3383 e'x
1736 3325 1862 3383 Glo.
1897 3340 2060 3397 supra
2093 3310 2342 3380 inducta.
2349 3324 2356 3357 ἵ

342 3416 457 3476 Sed
500 3416 785 3475 consilium
816 3433 925 3475 nou
963 3419 1125 3476 datur
1164 3418 1266 3475 nisi
1296 3418 1365 3475 de
1402 3416 1614 3474 meliori
1656 3410 1816 3482 bono,
1845 3418 1906 3469 ut
1945 3402 2110 3486 supra
2139 3399 2360 3469 dictum-

343 3514 455 3573 est,
485 3505 680 3563 melius
712 3522 843 3578 ergo
885 3514 969 3564 est
1010 3519 1233 3563 servare
1269 3504 1646 3576 virginitatem
1689 3518 1815 3560 cum
1851 3508 2000 3570 vote,
2032 3515 2198 3574 quam
2231 3501 2348 3578 sine

342 3600 499 3659 voto,
526 3601 583 3651 et
619 3593 801 3651 simile
826 3603 913 3651 est
958 3594 1013 3650 iu
1051 3593 1191 3651 aliis.
1220 3595 1358 3649 Item
1402 3592 1546 3649 inter
1593 3592 1700 3649 alia
1740 3592 1882 3648 bona
1915 3604 2084 3663 opera
2111 3589 2346 3645 maxime

342 3674 662 3740 observatio
688 3682 1043 3756 virginitatis,
1074 3680 1442 3739 commendari
1487 3680 1644 3749 solet,
1676 3680 1746 3738 ad
1787 3692 1953 3765 quam
1979 3676 2232 3735 dominus
2261 3678 2353 3733 in-

342 3769 512 3837 vitat,
542 3769 751 3840 dicens,
768 3770 977 3829 Matth.
1001 3784 1146 3828 xix:
1164 3768 1269 3837 Qui
1287 3776 1459 3842 potest
1481 3782 1665 3841 capere
1683 3763 1886 3841 capiat,
1911 3767 2006 3824 sed
2033 3767 2151 3839 ipsa
2175 3765 2349 3838 ¹'virgi-

344 3858 499 3917 nitas
520 3874 591 3917 ex
615 3859 747 3917 voto
774 3858 1220 3923 commendabilis
1244 3855 1509 3915 redditur.
1527 3856 1687 3913 Dicit
1709 3856 1855 3912 enim
1900 3857 2040 3927 Aug.
2073 3856 2126 3910 in
2153 3855 2246 3911 lib.
2280 3856 2349 3911 de

340 3948 551 4021 virgin.
583 3968 611 4002 α
633 3948 825 4022 Neque
848 3948 1149 4027 Virginitas
1173 3949 1303 4022 quia
1327 3940 1615 4019 virginitas
1635 3950 1740 4014 est,
1763 3944 1862 4001 sed
1888 3944 2020 4017 quia
2036 3925 2149 4021 Deo
2168 3942 2358 4001 dicata

2825 2546 2832 2895 .-.“.--...-..-,Λ-...
2827 2508 2832 2525 4
2827 2456 2832 2473 .-
2827 2396 2832 2431 ..-
