2850 4517
860 367 923 414 v.
956 369 1141 416 —ms
1182 367 1502 416 auricums
1545 368 1708 416 riom
2168 355 2288 416 367

279 485 323 539 si
354 484 552 541 fuisset
593 485 649 540 in
680 501 845 542 carne
868 502 1191 543 conversum
1224 505 1239 543 ε
1272 488 1416 543 unde
1445 487 1858 558 intelligendum
1895 494 1978 542 est
2011 505 2025 542 ι
2059 487 2286 544 Verbum

278 589 405 628 caro
424 573 629 644 [actum
647 581 745 639 est,
769 575 821 630 id
844 584 947 641 est,
973 575 1198 634 Verbum
1218 576 1421 647 [actum
1447 583 1523 633 est
1545 577 1711 631 homo.
1737 577 1828 632 Sic
1852 575 1998 632 enim
2025 575 2285 648 frequen·-

282 668 366 716 ter
393 677 525 718 caro
563 664 800 718 sumitur
842 664 899 719 in
932 665 1248 737 ScripturiS,
1285 665 1587 722 secundum
1618 664 1748 721 iliud
1781 665 1889 720 lsa.
1922 680 1995 720 xr.
2027 680 2041 719 ε
2081 664 2288 722 Videbit

276 752 451 806 omnis
476 767 604 807 caro
620 751 838 824 pariter
860 752 997 824 quod
1019 769 1076 808 os
1103 753 1324 808 Domini
1360 753 1592 810 beatum
1634 760 1730 810 est.
1762 753 1998 822 Quintus
2027 769 2178 808 error
2203 761 2286 808 est

276 841 415 906 Arii,
456 841 549 913 qui
590 841 772 913 posuit
801 842 1078 898 Christum
1117 842 1417 899 humanam
1455 844 1692 900 animam
1735 858 1842 898 non
1878 842 2155 910 habuisse,
2188 841 2286 896 sed

277 928 517 985 Verbum
559 929 729 986 fuisse
762 931 880 986 loco
924 931 1141 997 auimae,
1163 940 1357 988 contra
1399 932 1548 1003 quod
1593 931 1814 997 dicitur,
1844 933 2003 987 Joan.
2043 947 2084 986 x
2124 949 2137 986 ε
2173 931 2286 1002 Ego

273 1033 415 1088 pono
442 1018 681 1074 animam
702 1035 892 1084 meam,
919 1019 1189 1077 etiterum
1214 1036 1419 1076 sumam
1444 1036 1576 1076 eam.
1603 1020 1774 1078 Nemo
1798 1020 1934 1076 tollit
1963 1035 2078 1074 eum
2108 1036 2144 1074 a
2179 1035 2281 1084 me,

276 1105 367 1160 sed
388 1123 479 1178 eqo
501 1123 643 1178 pono
666 1124 781 1163 eam
809 1125 843 1163 a
865 1125 947 1164 me
974 1109 1109 1181 ipso.
1141 1110 1338 1166 Sextus
1366 1125 1519 1165 error
1545 1115 1628 1166 est
1654 1107 2002 1180 Apollinaris,
2031 1107 2125 1179 qui
2159 1121 2284 1163 cum

275 1195 542 1265 praedicto
590 1197 923 1265 testimonio,
968 1205 1027 1254 et
1070 1198 1196 1254 aliis
1240 1199 1655 1254 convinceretur
1699 1197 1994 1253 humanam
2045 1196 2285 1253 animam

275 1283 555 1340 Christum
586 1285 862 1356 habuisse,
890 1288 1072 1359 posuit
1099 1287 1246 1360 quod
1288 1288 1538 1344 Christus
1580 1303 1685 1342 non
1713 1286 1905 1342 habuit
1944 1284 2280 1342 intellectum

276 1372 597 1440 humanum,
627 1375 723 1430 sed
748 1375 987 1432 Verbum
1024 1377 1121 1432 Dei
1158 1375 1261 1432 suit
1297 1376 1349 1431 ei
1390 1375 1510 1432 ioco
1542 1374 1868 1442 intellectuS,
1901 1383 2090 1432 contra
2135 1373 2282 1447 quod

272 1467 381 1530 est,
412 1463 557 1535 quod
585 1463 849 1520 Dominus
872 1480 931 1521 se
954 1465 1228 1520 hominem
1260 1480 1378 1521 esse
1412 1464 1727 1534 confitetur,
1753 1465 1910 1520 toan.
1943 1479 2048 1519 vm
2079 1481 2091 1517 ε
2124 1463 2284 1529 Quoe-

273 1549 407 1606 ritis
428 1567 511 1606 me
536 1551 859 1624 interficere,
890 1554 1148 1610 hominem
1178 1553 1270 1625 qui
1291 1554 1572 1610 veritatem
1597 1554 1798 1609 locutus
1819 1569 1938 1608 sum
1959 1552 2101 1607 vobis
2125 1570 2143 1607 .·
2172 1567 2283 1608 non

270 1647 464 1695 autem
505 1639 699 1696 fuisset
733 1641 914 1711 bomo,
961 1642 1008 1697 si
1051 1643 1231 1698 anima
1274 1641 1528 1698 rationaii
1571 1641 1856 1698 caruisset.
1885 1641 2158 1712 Septimus
2199 1647 2284 1696 est

269 1741 429 1782 error
446 1729 726 1802 Eutychis,
748 1730 841 1802 qui
859 1731 1039 1801 posuit
1062 1729 1116 1783 in
1140 1729 1357 1785 Christo
1379 1745 1542 1786 unam
1563 1738 1815 1784 naturam
1839 1730 2197 1801 compositam
2217 1745 2284 1784 ex

270 1815 569 1873 divinitate
596 1825 652 1872 et
681 1817 1043 1884 humanitate,
1076 1825 1267 1874 contra
1314 1817 1458 1888 quod
1501 1822 1692 1889 Apost.
1725 1817 1858 1872 dicit
1890 1833 1903 1870 z
1939 1816 2044 1881 Qui
2081 1833 2196 1872 eum
2225 1819 2284 1873 in

267 1903 458 1974 [orma
486 1905 585 1960 Dei
609 1911 757 1970 esset,
782 1913 891 1960 n'on
909 1907 1161 1977 rapinam
1177 1904 1480 1961 arbitratus
1503 1912 1576 1959 est
1595 1921 1762 1960 essese
1777 1904 2024 1975 oequulem
2047 1904 2172 1967 Dee,
2196 1904 2285 1958 sed

265 1993 610 2064 semetipsum
651 1994 974 2059 exinanivit,
1016 1993 1250 2064 formam
1293 1993 1438 2049 servi
1475 1992 1756 2065 accipiens,
1783 2009 1843 2047 m
1881 1992 2283 2048 similitudinem

264 2082 547 2138 homiuum
584 2083 780 2154 factm,
806 2090 857 2140 et
897 2082 1083 2139 habitu
1118 2084 1367 2139 inventus
1414 2090 1475 2140 ut
1515 2083 1686 2148 homo,
1713 2081 1976 2154 Philipe-n.
2007 2098 2070 2146 n,
2104 2081 2283 2138 mani-

268 2172 416 2227 feste
436 2172 777 2242 distinguens
804 2171 855 2226 in
884 2188 946 2228 eo
977 2172 1115 2228 duas
1150 2179 1392 2238 naturas,
1414 2172 1656 2228 divinam
1683 2178 1739 2227 et
1773 2171 2082 2227 humanam.
2112 2170 2284 2228 Octa-

268 2275 379 2316 vus
392 2276 545 2317 error
560 2267 645 2317 est
662 2261 1137 2318 Monotheiitarum
1160 2261 1473 2334 ponentium
1491 2261 1544 2316 in
1561 2259 1775 2317 Christo
1792 2275 1955 2316 unam
1971 2259 2278 2329 scientiam,

267 2349 667 2422 operationem,
699 2356 756 2405 et
790 2350 1148 2418 voluntatem,
1179 2359 1370 2407 eontra
1410 2366 1548 2424 quos
1589 2349 1854 2405 Dominus
1882 2348 2033 2412 dicit,
2081 2350 2278 2406 Matth-

268 2453 420 2495 xxvr
443 2437 597 2495 :Non
616 2437 756 2494 sicut
778 2455 868 2511 eqo
889 2437 1023 2504 volo,
1040 2439 1131 2495 sed
1150 2439 1291 2496 sicut
1304 2446 1383 2496 tu.
1401 2439 1503 2496 Ubi
1530 2438 1813 2496 manifeste
1830 2437 1882 2492 in
1900 2439 2114 2495 Christo
2138 2439 2281 2511 poni·

269 2535 365 2582 tur
389 2525 497 2582 alia
525 2526 777 2582 voluntas
802 2527 1059 2594 humana,
1092 2529 1202 2585 alia
1235 2528 1439 2594 divina,
1469 2543 1594 2599 quae
1623 2537 1706 2584 est
1733 2529 2037 2586 communis
2059 2530 2198 2601 patri
2226 2535 2281 2584 et

269 2615 406 2670 tilio.
440 2615 626 2669 Nonus
654 2630 807 2671 error
836 2603 919 2671 est
941 2615 1199 2680 Nestorii,
1228 2619 1321 2686 qui
1354 2617 1535 2686 posuit
1561 2615 1836 2670 Christum
1865 2616 2036 2670 Deum
2068 2615 2280 2688 perfec-

268 2711 413 2772 tum,
446 2709 501 2758 et
528 2702 803 2759 hominem
835 2702 1153 2775 perfectum,
1183 2711 1239 2758 et
1266 2711 1449 2759 tamen
1479 2702 1641 2757 aliam
1681 2703 1818 2758 dixit
1845 2718 1964 2758 esse
1992 2685 2810 2777 personaNJ

271 2791 399 2860 Dei,
424 2790 589 2847 aliam
612 2791 846 2847 hominis
880 2808 893 2844 :
927 2797 985 2846 et
1010 2789 1155 2862 quod
1186 2797 1269 2845 est
1299 2789 1445 2844 facta
1471 2789 1597 2843 unio
1622 2789 1717 2844 Dei
1745 2796 1802 2844 et
1829 2789 2063 2844 hominis
2087 2792 2142 2844 in
2174 2807 2281 2847 una

269 2895 505 2952 persona
535 2879 755 2947 Christi,
792 2879 888 2936 sed
920 2879 1095 2935 solum
1134 2878 1432 2935 secundum
1467 2878 1661 2948 gratiae
1701 2878 2172 2945 inhabitationem,
2204 2879 2279 2935 ita

271 2969 419 3040 quod
453 2976 615 3041 negat
661 2969 892 3026 beatam.
928 2970 1207 3041 Virginem
1254 2985 1375 3025 esse
1422 2976 1654 3024 matrem
1699 2968 1815 3033 Dei,
1845 2961 1940 3023 sed
1984 2968 2118 3024 dicit
2155 2984 2279 3024 eum

271 3073 392 3114 esse
422 3065 653 3114 matrem
682 3059 917 3115 hominis
945 3058 1142 3114 Christi
1176 3075 1191 3114 ε
1217 3065 1407 3114 contra
1440 3056 1582 3130 quod
1617 3057 1837 3124 dicitur,
1869 3058 2001 3113 Luc.
2033 3073 2050 3113 1
2084 3075 2096 3112 ε
2133 3057 2281 3123 Quod

273 3154 525 3203 nascetur
554 3165 619 3203 ecc
660 3156 710 3205 te
744 3155 1007 3214 sanetum,
1041 3147 1318 3203 vocabitur
1346 3143 1513 3218 filius
1537 3145 1657 3202 Dei.
1703 3147 1958 3202 Decimus
1997 3163 2149 3202 error
2192 3152 2278 3203 est

272 3239 641 3309 Carpocratis‚
674 3238 767 3309 qui
809 3236 1079 3293 hominem
1114 3238 1387 3294 Christum
1429 3236 1496 3292 de
1536 3245 1770 3308 utroque
1821 3243 2009 3292 natum
2058 3247 2279 3309 putasse

272 3325 608 3396 perhibetur,
633 3342 823 3382 contra
850 3328 992 3398 quod
1024 3327 1242 3392 dicitur,
1267 3326 1459 3382 Matth.
1490 3343 1508 3381 ι
1543 3343 1555 3380 :
1590 3328 1886 3397 Antequam
1915 3327 2276 3393 convenirent,

274 3414 493 3470 inventa
522 3422 599 3472 est
622 3415 681 3470 in
704 3407 858 3473 utero
880 3413 1071 3470 habens
1093 3415 1156 3470 de
1179 3415 1390 3487 Spiritu
1416 3416 1626 3478 Sancta.
1652 3415 1984 3471 Undecimus
2013 3431 2165 3470 error
2193 3424 2276 3470 est

272 3502 471 3559 Elvidii
494 3491 747 3572 dicentis,
774 3505 918 3577 quod
952 3512 1238 3576 postquam
1268 3506 1434 3560 Beata
1465 3504 1627 3576 Virgo
1658 3504 1864 3576 peperit
1895 3503 2061 3558 tilium
2088 3503 2280 3557 Chris-

273 3597 411 3657 tim‚
441 3610 505 3647 ex
540 3593 739 3664 loseph
779 3593 960 3666 piures
1001 3593 1139 3648 iiiios
1181 3594 1386 3666 genuit,
1413 3602 1604 3650 contra
1647 3593 1790 3665 quod
1817 3593 2036 3660 dicitur,
2080 3591 2274 3646 Ezech.

274 3697 411 3739 inv
441 3699 453 3734 z
484 3677 657 3739 Porta
684 3683 791 3737 liceo
819 3683 996 3740 clausa
1025 3682 1150 3748 erit,
1172 3687 1223 3739 et
1251 3699 1357 3738 non
1382 3683 1678 3756 aperietur,
1701 3690 1750 3739 et
1776 3681 1867 3737 vir
1890 3697 1993 3736 non
2021 3679 2280 3737 transibit

270 3788 370 3845 per
389 3787 525 3836 eam,
550 3771 802 3845 quoniam
828 3770 1086 3827 Dominus
1106 3771 1245 3826 Deus
1270 3772 1440 3826 Israel
1467 3773 1731 3842 tityi-ossus
1755 3778 1830 3827 est
1848 3787 1949 3842 per
1975 3787 2111 3834 eam,
2139 3771 2279 3824 erit-

273 3877 369 3933 que
418 3859 599 3915 clausa
643 3860 901 3931 principi,
945 3862 1013 3916 Et
1051 3869 1241 3915 contra
1284 3877 1473 3916 omnes
1519 3860 1618 3916 hos
1667 3849 1880 3915 errores
1917 3861 1968 3913 in
2018 3859 2274 3932 Symboio

276 3950 665 4022 Apostolorum
706 3950 949 4007 dicitur:
989 3951 1277 4024 Conceptus
1323 3959 1397 4008 est
1444 3950 1506 4006 de
1538 3949 1746 4022 Spiritu-
1776 3949 1984 4012 Sancto,
2011 3956 2170 4004 mitiis
2213 3962 2280 4004 ex
