2850 4517
863 302 909 354 ι,
939 318 1017 338 π·-
1045 304 1449 351 contemnemur
1503 304 1867 353 TflnomGIAE
2254 292 2372 353 107

1023 500 1306 572 CAPUT
1370 484 1699 575 ccxx'n.

753 642 931 719 Quod
957 642 1126 707 beata
1171 642 1354 725 Virgo
1381 644 1469 708 sit
1486 645 1693 711 Mater
1727 644 1983 711 Christi.

427 780 594 837 Error
640 786 825 835 autem
868 778 1108 851 Nestorii
1137 794 1207 835 ex
1249 778 1356 835 boc
1381 778 1713 847 excluditur,
1745 780 1842 853 qui
1886 780 2105 839 beatam
2146 782 2375 841 Mariam

353 870 590 927 Matrem
615 868 718 925 Dei
745 866 995 925 confiteri
1024 866 1265 924 nolebat.
1293 868 1352 923 In
1385 876 1621 943 utroque
1648 877 1835 929 autem
1862 871 2119 945 symbolo
2150 872 2372 939 dicitur,

357 960 528 1015 Filius
573 958 674 1014 Dei
703 963 789 1013 est
825 966 1008 1025 natuS,
1059 956 1144 1013 vel
1188 957 1506 1014 incarnatus
1552 974 1618 1014 ex
1664 958 1887 1031 Virgine
1913 960 2105 1017 Maria.
2154 961 2379 1017 Femina

359 1054 546 1105 autem
574 1064 642 1103 ex
668 1064 780 1120 qua
807 1046 1008 1121 aliquis
1035 1046 1196 1103 homo
1225 1048 1492 1114 nascitur,
1540 1054 1717 1106 mater
1744 1048 1892 1105 iilius
1929 1049 2133 1107 dicitur
2176 1067 2246 1107 ex
2287 1066 2372 1120 eo,

360 1137 510 1210 quod
546 1136 834 1193 materiam
877 1135 1156 1193 ministrat
1199 1135 1437 1191 humano
1474 1137 1783 1209 conceptui.
1814 1137 1971 1195 Unde
2008 1138 2171 1197 beata
2209 1139 2379 1210 Virgo

357 1226 552 1296 Maria,
583 1241 708 1301 quae
745 1225 1034 1283 materiam
1063 1224 1396 1283 ministravit
1422 1226 1711 1298 conceptui
1740 1225 1839 1283 filii
1874 1226 1995 1295 Dei,
2039 1243 2172 1287 vera
2201 1233 2377 1285 mater

361 1315 460 1373 filii
489 1316 587 1373 Dei
617 1314 849 1371 dicenda
893 1320 996 1372 est.
1036 1314 1159 1371 Non
1197 1314 1340 1369 enim
1379 1312 1545 1369 refert
1582 1314 1653 1371 ad
1698 1315 1968 1375 rationem
1996 1314 2191 1373 matris
2232 1331 2377 1389 qua-

361 1421 595 1479 cumque
621 1404 824 1466 virtute
866 1404 1097 1461 materia
1123 1403 1439 1461 ministrata
1466 1403 1537 1459 ab
1572 1402 1693 1476 ipsa
1719 1403 2003 1463 formetur.
2047 1406 2169 1461 Non
2205 1403 2377 1477 igitur

361 1494 544 1550 minus
583 1499 760 1549 mater
806 1499 908 1559 est,
957 1508 1082 1567 quae
1125 1491 1411 1549 materiam
1455 1480 1733 1551 ministrat
1782 1492 2125 1553 formandam
2170 1494 2373 1551 virtute

361 1582 536 1639 virilis
559 1582 800 1638 seminis.
833 1581 888 1639 Si
915 1582 1039 1655 quis
1073 1588 1264 1647 ,autem
1308 1579 1491 1637 dicere
1520 1580 1672 1649 velit,
1704 1580 1923 1643 beatam
1960 1581 2239 1654 Virginem
2273 1583 2376 1637 Dei

363 1679 596 1727 matrem
619 1688 727 1729 non
769 1670 976 1727 debere
1007 1671 1136 1738 dici,
1166 1671 1296 1745 quia
1319 1686 1427 1729 non
1464 1676 1551 1727 est
1576 1686 1643 1732 ex
1684 1684 1751 1727 ea
1779 1679 2061 1743 assumpta
2088 1669 2370 1736 divinitaS,

363 1762 462 1817 sed
490 1776 618 1817 caro
661 1760 796 1839 sola,
846 1762 990 1817 sicut
1035 1760 1256 1817 dicebat
1298 1761 1607 1828 Nestorius,
1651 1760 1939 1821 manifeste
1984 1776 2176 1819 vocem
2216 1776 2374 1819 suam

362 1838 604 1921 ignorat.
649 1852 770 1907 Non
816 1850 962 1907 enim
990 1867 1058 1910 ex
1103 1850 1208 1907 hoc
1243 1848 1429 1924 aliqua
1471 1849 1673 1908 dicitur
1720 1850 1953 1921 alicujus
1993 1858 2189 1917 mater,
2243 1850 2374 1922 quia

365 1944 551 1997 totum
591 1940 735 2013 quod
777 1940 831 1995 in
871 1942 990 2015 ipso
1032 1948 1136 2009 est,
1169 1957 1236 1997 ex
1263 1955 1329 1996 ea
1368 1948 1641 1997 sumatur.
1671 1940 1847 1999 Homo
1874 1940 2021 1995 enim
2048 1945 2265 1995 constat
2306 1954 2375 1995 ex

364 2030 637 2109 anima‘et
665 2042 908 2103 corpore,
937 2032 1220 2103 magisque
1255 2036 1338 2085 est
1368 2028 1530 2085 homo
1554 2027 1609 2085 id
1638 2028 1784 2103 quod
1809 2028 2221 2085 estsecundum
2250 2028 2376 2085 ani-

363 2136 536 2189 mam,
574 2134 741 2193 quam
766 2118 824 2175 id
865 2118 1012 2195 quod
1037 2124 1122 2175 est
1149 2118 1451 2175 secundum·
1479 2134 1697 2192 corpus.
1741 2116 1937 2175 Anima
1964 2123 2149 2175 autem
2178 2116 2379 2173 nullius

363 2209 603 2266 hominis
643 2225 674 2266 a
705 2214 882 2266 matre
905 2208 1156 2273 sumitur,
1201 2208 1300 2263 sed
1345 2206 1433 2265 vel
1471 2223 1503 2264 a
1546 2209 1661 2263 Deo
1701 2207 2017 2266 immediate
2044 2211 2283 2275 creatur,
2314 2214 2375 2277 ut

365 2300 572 2357 veritas
595 2298 760 2356 habet
794 2315 807 2353 :
853 2297 938 2353 vel
977 2298 1022 2353 si
1051 2303 1196 2353 esset
1220 2312 1287 2353 ex
1317 2296 1682 2365 traductione,
1715 2306 1775 2355 ut
1804 2296 2030 2371 quidam
2057 2304 2374 2371 posuerunt,

367 2402 476 2444 non
504 2396 811 2445 sumeretur
849 2401 882 2442 a
909 2393 1104 2455 matre,
1135 2384 1232 2441 sed
1277 2386 1455 2457 magis
1481 2401 1513 2442 a
1544 2390 1717 2458 patre,
1766 2386 1897 2459 quia
1932 2386 2001 2443 in
2027 2386 2379 2459 generatione

365 2483 692 2535 caeterorum
714 2474 1050 2543 animalium,
1080 2475 1382 2531 secundum
1414 2474 1863 2548 Philosophorum
1884 2476 2209 2545 doctrinam,
2242 2490 2381 2531 mas·

321 2578 328 2584 ·
365 2566 525 2623 culus
566 2566 662 2621 dat
709 2566 966 2630 animam,
997 2562 1202 2620 femina
1250 2580 1378 2621 vero
1415 2578 1634 2637 corpus.
1678 2565 1831 2623 Sicut
1878 2564 2047 2636 igitur
2087 2564 2379 2637 quuslibet

363 2654 604 2711 hominis
639 2662 814 2709 mater
841 2652 1026 2727 aliqua
1055 2651 1257 2709 femina
1293 2652 1495 2709 dicitur
1527 2670 1596 2709 ex
1624 2653 1745 2721 hoc,
1777 2653 1925 2726 quod
1968 2654 2039 2709 ab
2074 2670 2141 2711 ea
2180 2669 2381 2725 corpus

364 2746 494 2815 ejus
522 2742 834 2811 assumitur,
880 2742 960 2799 ita
1001 2742 1102 2798 Dei
1140 2742 1315 2798 Mater
1361 2742 1523 2798 beata
1551 2742 1718 2813 Virgo
1755 2739 1929 2797 Maria
1956 2741 2067 2797 dici
2107 2740 2289 2807 debet,
2331 2742 2377 2796 si

363 2850 440 2890 ex
467 2848 534 2887 ea
576 2838 913 2905 assumptum
949 2837 1262 2906 estucorpus
1289 2832 1408 2887 Dei.
1441 2830 1671 2902 Oportet
1696 2836 1882 2887 autem
1921 2829 2105 2886 dicere
2130 2830 2275 2902 quod
2306 2829 2379 2885 sit

363 2937 571 2995 corpus
615 2921 736 2988 Dei,
766 2922 812 2977 si
850 2922 1149 2978 assumitur
1177 2922 1234 2977 in
1278 2919 1545 2976 unitatem
1582 2934 1830 2991 personae
1869 2917 1967 2975 filii
1997 2918 2117 2985 Dei,
2160 2918 2254 2991 qui
2298 2922 2382 2973 est

361 3028 535 3069 verus
561 3013 727 3069 Deus.
759 3010 1156 3067 confitentibus
1182 3010 1350 3083 igitur
1377 3010 1672 3065 humanam
1698 3014 1954 3065 naturam
1976 3022 2097 3064 esse
2126 3022 2385 3080 assump⁴

365 3112 488 3161 tam
535 3118 566 3159 a
601 3100 712 3157 filio
743 3099 844 3156 Dei
881 3100 1234 3175 inunitatem
1267 3114 1537 3172 personae,
1585 3113 1807 3155 necesse
1851 3102 1937 3155 est
1979 3097 2181 3163 dicere,
2232 3095 2377 3169 quod

360 3194 536 3251 beata
573 3190 740 3263 Virgo
785 3190 956 3246 Maria
1001 3189 1074 3245 sit
1116 3189 1290 3247 Mater
1333 3188 1455 3245 Dei.
1498 3187 1605 3245 Sed
1650 3187 1781 3261 quia
1818 3186 2105 3249 Nestorius
2144 3185 2383 3258 negabat

361 3297 538 3340 unam
565 3294 854 3353 personam
881 3294 1002 3335 esse
1029 3278 1150 3345 Dei,
1181 3284 1236 3333 et
1271 3276 1511 3335 hominis
1530 3278 1659 3335 Jesu
1688 3274 1909 3346 Christi,
1940 3276 2069 3333 ideo
2092 3292 2159 3333 ex
2182 3289 2382 3333 conse-

359 3358 598 3450 quentia
617 3368 856 3441 negabat
878 3368 1158 3441 Virginem
1179 3367 1410 3425 Mariam
1436 3382 1557 3425 esse
1578 3366 1679 3425 Dei
1706 3366 1954 3425 Matrem.
2079 3367 2093 3374 “

1037 3539 1322 3611 CAPUT
1355 3537 1713 3611 CCXXIII.

619 3684 800 3762 Quod
819 3683 1100 3767 Spiritus
1124 3680 1390 3748 Sanctus
1418 3698 1539 3745 non
1564 3682 1651 3749 sit
1673 3686 1850 3763 pater
1882 3679 2135 3747 Christi.

436 3820 598 3877 Licet
641 3826 825 3877 autem
864 3819 1008 3876 filius
1035 3818 1136 3875 Dei
1165 3818 1388 3885 dicatur,
1421 3818 1489 3874 de
1530 3816 1735 3889 Spiritu
1776 3818 1996 3884 Sancto,
2015 3820 2085 3871 et
2120 3829 2186 3869 ex
2212 3811 2385 3869 Maria

349 3909 599 3983 Virgine
635 3908 970 3979 incarnatus,
999 3916 1055 3966 et
1083 3916 1400 3981 conceptus,
1428 3922 1533 3965 non
1562 3912 1745 3963 tamen
1772 3904 2065 3965 dicendum
2092 3910 2195 3970 est,
2236 3901 2385 3977 quod
