2850 4517
503 294 586 353 74
983 308 1038 351 s.·
1080 307 1312 351 'rnoiuAE
1353 307 1681 357 sommus
1722 304 2033 351 orusoum

504 426 713 493 abesse,
741 424 888 481 sieut
918 422 1120 496 animal
1145 438 1250 480 non
1277 428 1461 496 potest
1489 422 1561 479 ab
1585 421 1802 479 homine
1824 422 2115 493 removeri,
2136 439 2319 497 neque,
2342 418 2541 497 igitur'.

501 515 678 569 Deum
704 512 962 587 vpossibile
986 516 1201 570 estnon
1230 528 1350 570 esse
1377 512 1601 568 bonum.
1626 513 1703 568 ·Et
1730 519 1792 567 ut
1829 512 2007 585 magis
2032 514 2251 585 proprio
2290 520 2539 571 utamur.

505 602 771 676 exemplo,
793 603 936 662 sicut
960 617 1067 660 non
1091 606 1272 676 potest
1301 617 1420 658 esse
1450 602 1596 673 quod
1622 602 1783 659 homo
1813 618 1919 658 non
1948 602 2021 658 sit
2059 602 2238 670 bom0,
2280 602 2360 658 ita
2403 618 2515 667 non

504 700 683 770 potest
709 707 827 749 esse
851 693 997 766 quod
1023 694 1170 749 Deus
1200 707 1304 747 non
1333 693 1407 745 sit
1435 691 1677 764 perfecte
1704 691 1905 749 bonus-

1245 863 1528 933 CAPUT
1598 865 1775 932 CXI.

765 1004 944 1080 Quod
969 1007 1249 1065 creatura
1271 1004 1470 1082 possit
1498 1003 1740 1100 deficere
1766 1020 1805 1081 a
1834 1020 1949 1066 sua
1977 1002 2257 1069 bonitate.

575 1137 958 1211 increaturis
999 1142 1184 1193 autem
1233 1138 1691 1195 considerandum
1738 1144 1843 1207 est,
1886 1137 2125 1212 qualiter
2172 1138 2345 1211 possit
2395 1126 2519 1197 esse

509 1228 768 1285 bonitatis
791 1225 1060 1284 desectus.
1090 1226 1437 1283 Manifestum
1463 1235 1546 1295 est
1574 1235 1761 1283 autem
1785 1226 1931 1298 quod
1960 1226 2175 1284 duobus
2202 1227 2382 1285 modis
2410 1228 2515 1284 ali-

508 1334 616 1391 qua
657 1316 874 1385 bonitas
914 1314 1353 1389 inseparabiliter
1395 1316 1541 1372 inest
1580 1322 1868 1373 creaturae.
1900 1317 2019 1373 Uno
2063 1317 2223 1376 modo
2270 1333 2344 1374 ex
2389 1316 2515 1385 hoc,

509 1406 655 1484 quod
685 1407 802 1478 ipsa
829 1404 1048 1461 bonitas
1085 1414 1168 1461 est
1197 1405 1266 1461 de
1295 1404 1534 1461 essentia
1563 1406 1681 1478 ejus
1713 1394 1868 1462 :alio
1908 1408 2072 1463 modo
2110 1422 2178 1463 ex
2213 1406 2335 1473 hoc,
2368 1400 2535 1480 quod'

509 1504 594 1552 est
631 1495 994 1553 determinata
1023 1494 1092 1550 ad
1120 1509 1310 1550 unum.
1338 1491 1523 1551 Pri'mo
1551 1510 1682 1566 ergo
1705 1495 1889 1563 mode,
1917 1495 1974 1551 in
2014 1495 2341 1553 substantiis
2379 1496 2518 1552 sim-

513 1582 740 1658 plicibus
784 1584 900 1656 ipsa
942 1582 1160 1639 bonitas
1200 1599 1326 1656 quae
1353 1590 1440 1639 est
1482 1576 1673 1650 forma,
1700 1582 2140 1657 inseparabiliter
2163 1600 2222 1642 se
2249 1584 2419 1641 habet
2448 1585 2519 1641 ad

512 1676 676 1747 ipsaS,
706 1689 830 1739 cum
861 1674 995 1745 ipsae
1033 1672 1404 1729 essentialiter
1436 1672 1547 1728 sint
1570 1672 1778 1729 formae.
1809 1673 2060 1731 Secundo
2102 1678 2287 1729 autem
2330 1674 2515 1743 mode,

515 1764 710 1819 bonum
737 1762 882 1836 quod
907 1771 992 1817 est
1031 1778 1170 1832 esse,
1196 1762 1449 1818 amittere
1477 1777 1583 1818 non
1607 1768 1853 1835 possunt.
1876 1762 1997 1829 Non
2042 1762 2188 1817 enim
2226 1762 2403 1818 forma
2432 1768 2519 1818 est

512 1854 654 1921 sicut
684 1852 913 1921 materia
943 1868 1068 1925 quae
1091 1867 1150 1908 se
1178 1850 1344 1921 habet
1371 1851 1439 1907 ad
1465 1866 1585 1907 esse
1613 1858 1667 1907 et
1698 1868 1801 1907 non
1831 1866 1967 1919 esse,
1988 1853 2083 1907 sed
2112 1850 2290 1917 forma
2308 1865 2519 1907 ‘conse-

514 1944 701 2017 quitur
741 1958 880 2012 esse,
913 1949 968 1997 et
1013 1942 1059 1997 si
1107 1943 1274 1998 etiam
1322 1956 1427 1998 non
1466 1942 1539 1998 sit
1586 1942 1763 2013 ipsum
1800 1956 1939 1997 esse.
1970 1940 2126 1998 Unde
2171 1946 2322 2013 patet
2368 1935 2530 2013 quod'

512 2022 832 2088 substantiae
867 2030 1144 2105 simplices
1188 2030 1391 2086 bonum
1431 2039 1643 2087 naturae
1687 2032 1739 2085 in
1779 2046 1899 2102 qua.
1917 2028 2224 2087 subsistunt
2261 2029 2518 2087 amittere

514 2138 620 2195 non
649 2129 894 2193 possunt,
927 2121 1022 2189 sed
1050 2119 1467 2175 immutabiliter
1494 2135 1555 2173 se
1579 2118 1783 2174 habent
1807 2120 1863 2174 in
1886 2117 1997 2174 illo.
2026 2115 2361 2179 SuBstantiae
2385 2138 2519 2179 vero

514 2209 850 2281 compositae,
886 2208 1014 2279 quia
1066 2224 1172 2263 non
1218 2214 1345 2261 sunt
1395 2221 1511 2263 suae
1560 2206 1769 2273 formae,
1802 2223 1904 2263 nec
1940 2224 2099 2265 suum
2144 2226 2286 2279 esse,
2314 2209 2515 2283 bonum

517 2304 726 2365 naturae
755 2286 1126 2351 amissibiliter
1157 2294 1378 2364 habent,
1413 2295 1515 2350 nisi
1546 2296 1600 2349 in
1639 2295 1766 2364 illis,
1790 2296 1847 2351 in
1876 2298 2075 2369 quibus
2112 2300 2357 2371 potentia
2394 2315 2519 2357 ma-

518 2386 671 2439 teriae
697 2399 801 2438 non
822 2398 880 2438 se
906 2382 1068 2439 habet
1098 2384 1165 2438 ad
1197 2383 1443 2439 diversas
1464 2384 1685 2453 sormaS,
1718 2402 1893 2459 neque
1916 2388 1984 2444 ad
2011 2404 2130 2445 esse
2160 2394 2215 2444 et
2241 2404 2343 2445 non
2375 2382 2536 2459 esse,

515 2474 658 2529 sicut
687 2472 740 2528 in
771 2470 1088 2545 corporibus
1112 2470 1427 2527 coelestibus
1452 2479 1626 2545 patet..
2434 2464 2440 2472 ’
2497 2471 2505 2479 ’

1245 2643 1529 2713 CAPUT
1575 2646 1781 2715 CXII.

537 2787 868 2864 Quomodo
898 2786 1185 2865 deficiunt
1213 2805 1250 2850 a
1281 2788 1543 2851 bonitate
1568 2789 1889 2852 seeundum
1914 2797 2060 2850 suas
2090 2788 2476 2866 operationes.

585 2920 657 2979 Et
689 2924 816 2997 quia
860 2922 1074 2987 bonitas
1117 2931 1385 2979 creaturae
1431 2939 1535 2978 non
1577 2923 1753 2978 solum
1802 2920 2182 2983 consideratur
2216 2920 2521 2977 seeundum
2599 2953 2607 2957 -

514 3012 661 3091 quod
693 3013 745 3066 in
776 3026 872 3079 sua
904 3016 1098 3067 natura
1118 3010 1386 3077 subsistit,
1415 3010 1509 3065 sed
1537 3010 1799 3082 perfectio
1837 3006 2101 3063 bonitatis
2141 3006 2313 3080 ipsius
2354 3017 2441 3065 est
2463 3011 2518 3064 in

514 3092 616 3155 h'oc
641 3098 784 3172 quod
812 3100 1094 3167 ordinatur
1124 3099 1190 3153 ad
1221 3097 1402 3163 finem,
1434 3096 1503 3151 ad
1526 3096 1689 3159 finem
1719 3100 1902 3150 autem
1930 3094 2217 3151 ordinatur
2244 3112 2340 3169 per
2361 3112 2517 3154 suam

514 3188 904 3261 operationem,
947 3193 1119 3244 restat
1154 3185 1502 3242 considerare
1544 3184 1818 3257 quomodo
1863 3190 2133 3241 creaturae
2174 3184 2436 3256 deficiant
2484 3203 2516 3243 a

514 3294 612 3343 sua
643 3277 888 3348 bonitate
933 3276 1230 3343 secundum
1277 3272 1808 3346 suasoperationes,
1840 3274 2041 3347 quibus
2086 3264 2409 3332 ordinantur
2447 3277 2538 3350 ad,
2576 3350 2581 3355 ·

514 3366 696 3421 finem.
731 3366 832 3421 Ubi
862 3368 1034 3439 primo
1063 3358 1519 3431 considerandum
1543 3369 1647 3431 est,
1672 3363 1817 3436 quod
1839 3363 1905 3419 de
1926 3364 2339 3437 operationibus
2367 3373 2517 3422 natu·

517 3453 722 3510 ralibus
751 3454 894 3509 idem
918 3449 1289 3525 estjudicium‘
1312 3451 1456 3507 sicut
1487 3460 1541 3509 et
1568 3452 1636 3508 de
1667 3458 1882 3521 natura,
1898 3469 2023 3525 quae
2052 3460 2137 3509 est
2165 3470 2353 3510 earum
2378 3457 2519 3527 prin·

515 3541 738 3611 cipium.
771 3542 944 3597 Unum
983 3556 1214 3613 quorum
1252 3548 1451 3626 natura
1490 3538 1763 3597 defectum
1807 3542 1925 3615 pati
1969 3556 2074 3596 non
2106 3546 2307 3613 potest,
2336 3543 2515 3599 necin

517 3632 925 3704 operationibus
951 3646 1148 3702 eorum·
1176 3629 1518 3701 naturalibus
1547 3631 1793 3701 defectus
1828 3630 2077 3687 accidere
2122 3638 2343 3703 potest:
2374 3646 2517 3704 qno·-

519 3737 636 3775 rum
668 3728 849 3776 autem
869 3714 1064 3776 natura
1094 3719 1365 3777 defectum
1395 3721 1511 3793 pati
1542 3726 1741 3791 potest,
1760 3720 1927 3774 etiam
1956 3720 2301 3791 operationes
2328 3736 2517 3776 eorum

519 3809 750 3863 deficere
801 3810 1086 3884 contingit.
1149 3809 1304 3865 Unde
1362 3809 1418 3863 in
1472 3807 1796 3863 substantiis
1846 3807 2352 3880 incorruptibilibus
2401 3810 2518 3867 sive

522 3897 855 3971 incorporeis
881 3896 998 3952 sive
1019 3898 1314 3967 corporeis,
1348 3894 1526 3951 nullus
1552 3894 1799 3952 defectus
1823 3896 2087 3953 naturalis
2118 3896 2350 3963 aetionis
2381 3913 2517 3956 cons
