2850 4517
551 358 671 418 298
1029 373 1081 416 s.
1126 371 1361 414 motam.
1400 368 1729 422 Aommms
1767 367 2078 412 croscum

551 489 747 546 talium
764 488 999 546 divitum
1027 487 1205 544 minor
1228 492 1315 543 est
1332 501 1612 553 numerus,
1641 485 1785 540 unde
1812 483 2096 540 subditur:
2119 481 2251 550 Quis
2279 489 2358 540 est
2379 483 2484 550 hic,
2511 489 2568 540 et

549 577 883 638 laudabimus
923 577 1083 632 eum?
1125 575 1283 632 Fecit
1328 574 1470 632 enim
1513 571 1792 631 mirabilia
1822 571 1882 650 in
1923 571 2042 629 vita
2087 587 2208 628 sua.
2238 573 2381 631 Vere
2415 571 2566 629 enim

550 665 822 722 mirabilia
848 664 1001 732 facit,
1033 661 1213 738 qui‘in
1245 663 1457 721 divitiis
1481 662 1828 721 affluentibus
1866 677 1962 718 cor
1987 676 2094 716 non
2132 662 2359 734 apponit
2389 679 2404 716 ε
2434 668 2491 717 et
2515 661 2564 717 si

551 755 675 826 quis
715 753 840 810 talis
876 759 977 818 est,
1010 753 1219 826 absque
1246 751 1413 809 dubio
1443 753 1704 825 probatur
1743 749 2038 825 perfectus.
2063 749 2221 806 Unde
2257 751 2515 825 sequitur
2547 767 2564 805 z

554 843 685 908 Quis
718 840 977 914 probatus
1004 848 1081 898 est
1108 843 1168 897 in
1200 841 1311 910 illo,
1340 842 1398 899 id
1418 845 1525 909 est,
1552 842 1609 896 in
1637 841 1742 898 hoc
1763 839 1910 912 quod
1936 839 2146 912 ubsque
2176 839 2392 896 macula
2413 839 2570 896 divi-

554 931 661 991 tias
692 931 911 998 habeat,
938 937 987 987 et
1024 931 1295 1003 perfectus
1330 929 1578 988 iuventus
1603 931 1718 986 est?
1746 929 1905 1003 quasi
1948 929 2118 996 dicat,
2151 945 2328 999 rarus,
2357 936 2414 985 ot
2457 929 2569 985 hoc

554 1019 662 1075 erit
683 1018 767 1075 illi
790 1019 849 1074 in
876 1019 1105 1091 yloriam
1126 1021 1385 1076 internam
1406 1037 1425 1076 .·
1457 1019 1602 1092 quod
1627 1023 1892 1075 consonat
1913 1017 2094 1073 verbis
2118 1018 2337 1075 Domini
2368 1018 2569 1075 dicen-

504 1137 517 1149 ·
554 1108 647 1175 tis,
680 1107 1071 1180 quoddifficile
1098 1108 1500 1165 dives-intrabit
1525 1109 1586 1164 in
1615 1124 1839 1181 requam
1866 1107 2136 1164 coelorum.
2161 1109 2294 1164 Haec
2321 1113 2406 1162 est
2431 1123 2568 1178 ergo

555 1196 733 1269 prima
757 1197 845 1254 via
875 1198 1225 1270 perveniendi
1255 1197 1323 1254 ad
1350 1197 1758 1271 perfectionem,
1778 1202 1838 1252 ut
1863 1196 2066 1269 aliquis
2090 1197 2273 1254 studio
2297 1195 2569 1268 sequendi

556 1285 831 1344 Christum
854 1286 1096 1344 dimissis
1124 1286 1332 1344 divitiis
1358 1294 1742 1360 paupertatem
1765 1290 2028 1343 sectetur.

1218 1465 1222 1472 ’
1300 1458 1584 1526 CAPUT
1638 1459 1818 1524 VIII.

664 1601 759 1666 De
781 1600 1039 1664 secunda
1054 1599 1447 1679 perfeetionis
1469 1598 1594 1672 vict,
1621 1614 1758 1679 quoe
1785 1601 1873 1660 esc
1889 1613 2000 1676 per
2027 1594 2457 1658 abdicationem

878 1689 1285 1768 corporalium
1310 1686 1721 1770 affectionum,
1753 1691 1811 1750 et
1838 1685 2230 1750 matrimonii.

628 1825 703 1882 Ut
729 1829 911 1880 autem
942 1823 1253 1879 secu-udam·
1284 1822 1636 1894 perfectionis
1677 1821 1824 1876 viam
1859 1818 2274 1876 convenientius
2301 1816 2571 1873 ostenda-

561 1927 699 1980 muS‚
728 1912 1105 1985 accipiendum
1142 1918 1225 1968 est
1260 1910 1487 1968 verbum
1526 1914 1757 1982 August.
1791 1909 1886 1982 qui
1927 1907 2064 1965 dicit
2108 1909 2166 1963 in
2210 1906 2304 1962 lib.
2345 1906 2468 1973 XII,
2495 1905 2571 1960 de

560 2001 829 2058 Trinitate
855 2017 869 2055 ι
897 2019 923 2053 α
949 2001 1127 2056 Tanto
1170 2001 1347 2072 magis
1372 1999 1672 2056 inhaeretur
1697 1999 1833 2064 Dec,
1858 2005 2066 2070 quanto
2093 1997 2272 2052 minus
2315 1993 2567 2066 diligitur

562 2090 761 2146 bonum
784 2088 1081 2162 proprium.
1100 2087 1319 2160 »Igitur
1341 2088 1640 2144 secundum
1665 2081 1913 2168 ordinem
1931 2087 2276 2161 propriorum
2299 2084 2569 2140 bonorum

562 2195 687 2252 quae
709 2179 881 2235 horum
894 2171 1123 2250 propter
1145 2179 1317 2233 Deum
1348 2178 1669 2245 contemnit,
1701 2184 1786 2234 est
1815 2175 2181 2252 attendendus
2208 2175 2344 2231 ordo
2379 2188 2567 2230 eorum

564 2247 761 2340 quibus
788 2266 857 2323 ad
887 2265 1187 2337 perfectam
1212 2265 1314 2321 Dei
1351 2265 1705 2322 inhaesionem
1729 2266 2068 2338 pervenitur.
2094 2265 2251 2320 Prius
2291 2264 2438 2319 enim
2477 2278 2566 2318 re-

562 2353 860 2426 linquenda
886 2363 1179 2409 occurrunt
1209 2367 1333 2424 quae
1359 2354 1540 2408 minus
1580 2352 1737 2409 nobis
1767 2353 2060 2424 conjuncta
2108 2352 2352 2408 existunt
2382 2367 2397 2404 t
2425 2349 2568 2406 unde

564 2442 619 2498 in
644 2443 820 2513 primo
844 2441 963 2498 loco
987 2441 1224 2497 occurrit
1248 2441 1319 2498 ad
1344 2440 1734 2514 perfectionem
1757 2435 2108 2498 tendentibus
2131 2439 2404 2496 exteriora
2425 2438 2570 2495 bonu

564 2529 890 2602 relinquere,
920 2546 1045 2604 quae
1084 2546 1117 2587 a
1155 2537 1341 2588 nostra
1386 2539 1586 2588 natura
1628 2537 1756 2587 sunt
1796 2537 2072 2603 separata.
2122 2530 2250 2585 Post
2285 2529 2406 2586 haec
2441 2543 2570 2584 vero

554 2619 920 2693 «relinquenda
943 2626 1237 2685 occurrunt
1256 2635 1322 2676 ea
1345 2636 1472 2692 quae
1499 2620 1658 2677 nobis
1693 2627 1906 2678 uaturae
1938 2618 2322 2680 >communione
2357 2624 2416 2672 et
2447 2617 2570 2674 affi-
2663 2683 2670 2688 .

564 2709 755 2765 nitatis
790 2710 1183 2782 cujuscumque
1218 2709 1622 2766 necessitudine
1649 2711 2046 2782 conjungentur
2079 2725 2093 2763 t
2123 2708 2269 2764 unde
2306 2708 2572 2762 Dominus

564 2797 699 2854 dicit
723 2798 857 2854 Luc.
886 2791 993 2855 xiv
1024 2797 1118 2854 :Si
1141 2798 1259 2871 quis
1279 2797 1424 2855 venit
1461 2798 1532 2854 ad
1553 2815 1656 2864 me,
1683 2805 1733 2854 et
1769 2813 1878 2854 non
1912 2797 2028 2855 odit
2059 2804 2276 2870 patrem
2318 2811 2498 2863 suum,
2524 2803 2570 2850 et

562 2893 812 2954 matrem,
842 2894 892 2944 et
927 2903 1171 2953 umorem,
1195 2893 1245 2944 et
1271 2886 1433 2960 filios,
1461 2893 1512 2943 et
1539 2887 1766 2961 fratreS,
1787 2893 1838 2943 et
1873 2903 2100 2952 sorores,
2119 2902 2228 2942 non
2263 2891 2433 2957 potest
2471 2900 2572 2940 esse

564 2992 707 3032 meus
734 2975 1043 3048 discipulus.
1068 2976 1173 3034 Sed
1200 2976 1548 3048 percunctari
1571 2974 1725 3042 libet,
1748 2981 1809 3030 ut
1845 2975 2077 3047 Gregor.
2109 2975 2262 3043 dicit,
2296 2973 2574 3046 quomodo

567 3071 821 3138 parentes
847 3071 907 3120 et
934 3065 1182 3122 carnales
1208 3065 1546 3138 propinquos
1574 3063 1924 3137 praecipimur
1965 3063 2164 3130 odisse,
2197 3062 2292 3135 qui
2313 3062 2574 3136 jubemur

566 3159 623 3208 et
647 3154 896 3210 inimicos
917 3152 1169 3225 diligere.
1192 3153 1297 3210 Sed
1321 3154 1370 3208 si
1395 3153 1509 3209 vim
1536 3153 1799 3226 praecepti
1841 3153 2248 3226 perpendimuS,
2277 3157 2576 3223 utrumque

566 3256 729 3313 agere
752 3257 849 3313 per
884 3241 1269 3299 discretionem
1297 3239 1562 3309 valemuS,
1595 3240 1754 3314 quasi
1781 3241 1926 3298 enim
1957 3257 2055 3315 per
2084 3241 2272 3297 odium
2299 3240 2574 3312 diligitur,

566 3329 661 3403 qui
685 3330 979 3386 carnaliter
1001 3330 1221 3403 sapiens
1248 3329 1377 3385 dum
1406 3345 1578 3403 prava
1613 3329 1770 3386 nobis
1810 3329 2028 3401 ingerit,
2060 3342 2171 3386 non
2213 3327 2460 3385 auditur.
2487 3328 2579 3385 Sic

566 3418 713 3474 enim
740 3419 996 3476 exhibere
1033 3417 1296 3492 proximis
1333 3419 1536 3476 nostris
1565 3419 2094 3477 odiidiscretionem
2122 3418 2404 3486 debemuS,
2434 3417 2578 3472 utin

566 3507 655 3564 eis'
678 3514 735 3564 et
770 3509 1064 3582 diligamus
1090 3508 1237 3582 quod
1264 3515 1412 3577 sunt,
1444 3517 1501 3566 et
1526 3491 1824 3566 hafieamus
1857 3508 1984 3565 odio
2011 3508 2161 3582 quod
2189 3509 2246 3563 in
2274 3507 2374 3562 Dei
2418 3505 2583 3561 nobis

566 3596 762 3653 itinere
792 3597 1084 3655 obsistunt.
1118 3597 1381 3671 Quisquis
1416 3599 1562 3655 enim
1599 3601 1716 3672 jam
1741 3607 1949 3656 aeterna
1976 3597 2336 3670 concupiscit,
2370 3593 2428 3649 in
2453 3609 2584 3650 eum

566 3701 733 3757 quum
757 3687 1073 3758 aggreditur
1096 3701 1322 3742 causam
1348 3687 1468 3755 Dei,
1503 3675 1655 3745 extre
1680 3696 1914 3761 patrem,
1946 3693 2106 3744 extra
2133 3689 2387 3751 matrem,
2419 3691 2586 3740 extra

567 3790 810 3843 uxorem,
834 3768 990 3832 extra
1016 3775 1177 3843 filioS,
1197 3782 1354 3834 extra
1376 3785 1656 3850 cognatoS,
1671 3783 1829 3834 extra
1851 3777 2210 3854 semetipsum
2239 3771 2357 3829 fleri
2384 3771 2584 3840 debet,

568 3871 630 3916 ut
658 3878 724 3918 eo
763 3865 945 3920 verius
980 3871 1275 3938 cognoscat
1304 3868 1498 3934 Deum,
1530 3883 1638 3939 quo
1676 3867 1733 3922 in
1773 3868 1894 3939 ejus
1921 3880 2090 3922 causa
2131 3864 2410 3920 neminem
2437 3877 2596 3934 cog-2

569 3948 767 4007 noscit.
804 3953 1151 4012 Manifestum
1178 3970 1419 4028 namque
1446 3963 1552 4023 est,
1575 3955 1722 4028 quod
1763 3954 2014 4011 carnales
2043 3946 2273 4011 affectus
2302 3951 2590 4009 intentio.-
