2850 4517
791 330 839 373 1.
869 345 951 360 -
975 329 1380 376 conrnumtm
1433 330 1793 376 rnnonoenn
1820 318 1831 327 '
2215 317 2301 381 95

287 461 490 519 ponere
509 450 594 502 est
621 443 860 502 alienum
880 460 912 502 a
936 444 1064 502 fide.
1093 447 1202 504 Sed
1239 447 1371 521 qnia
1406 461 1516 503 non
1541 446 1717 504 solum
1757 462 1845 506 res
1872 447 2170 516 naturales,
2196 449 2297 506 sed

286 534 456 590 etiam
479 548 569 588 res
587 532 843 589 bumanae
871 531 1073 590 divinae
1109 533 1471 607 providentiae
1502 533 1828 602 subduntur,
1856 551 1979 608 quae
2000 535 2300 594 casualiter

285 622 338 678 in
369 621 535 678 rebus
557 621 812 678 humanis
839 622 1091 679 accidere
1119 624 1394 691 videntur,
1430 624 1483 679 in
1510 623 1912 681 ordinationem
1938 624 2139 684 divinae
2165 619 2300 698 pross

287 710 552 769 videntioe
588 710 851 767 reducere
877 717 1118 782 oportet.
1148 713 1215 768 Et
1257 713 1338 768 sic
1366 728 1591 770 necesse
1620 719 1705 770 est
1742 728 1947 786 ponere
1985 712 2157 770 fatum
2194 731 2299 788 po-

285 799 542 857 nentibus
580 799 784 858 divinae
817 800 1180 873 providentias
1223 801 1407 860 omnia
1446 802 1753 874 subjacere.
1799 803 1997 860 Fatum
2031 802 2175 862 enim
2216 805 2301 862 sic

285 879 662 963 acceptum'se
688 889 856 946 habet
885 890 956 947 ad
988 891 1232 948 divinam
1267 891 1667 964 providentiam
1716 893 1861 950 sicut
1890 893 2143 966 proprius
2179 893 2299 965 ejus
2354 931 2363 936 -

284 978 536 1046 effectuS.
565 977 664 1034 Est
687 978 832 1034 enim
857 977 1148 1051 explicatio
1187 979 1394 1036 divinae
1439 977 1801 1052 providentia)
1836 978 1999 1035 rebus
2028 979 2295 1045 adhibita,

285 1066 589 1122 secundum
628 1066 778 1139 quod
815 1067 1036 1123 Boetius
1071 1067 1224 1129 dicit.
1250 1067 1398 1139 quod
1440 1067 1615 1124 fatum
1656 1075 1739 1124 est
1783 1067 2088 1141 dispositio,
2116 1067 2173 1126 id
2214 1078 2297 1125 est

285 1155 568 1212 ordinatio
597 1155 893 1214 immobilis
917 1155 1078 1212 rebus
1101 1156 1394 1213 mobilibus
1416 1157 1705 1214 inhaerens.
1726 1156 1833 1214 Sed
1854 1157 1985 1230 quia
2012 1171 2139 1214 cum
2168 1157 2303 1212 infi-

287 1244 506 1301 delibus
533 1253 800 1318 quantum
825 1260 1135 1318 possumus,
1151 1261 1254 1302 nec
1283 1246 1503 1302 nomina
1530 1245 1793 1303 debemus
1819 1244 2021 1302 habere
2044 1260 2298 1302 commu-

286 1333 399 1404 nia,
427 1350 496 1389 ne
525 1349 556 1390 a
583 1349 688 1390 non
717 1333 1145 1405 intelligentibus
1187 1337 1390 1392 erroris
1412 1335 1629 1392 occasio
1672 1334 1815 1392 sumi
1856 1334 2050 1406 possit,
2076 1337 2295 1392 cautius

285 1431 371 1478 est
400 1421 671 1491 fidelibus,
702 1428 765 1478 ut
791 1421 889 1480 fati
917 1438 1110 1480 nomen
1133 1424 1418 1487 reticeant,
1446 1433 1668 1498 propter
1692 1423 1795 1480 hoc
1813 1423 1959 1497 quod
1979 1423 2155 1480 fatum
2170 1439 2297 1481 con·

287 1510 599 1568 venientius
621 1519 677 1568 et
695 1513 1038 1568 communius
1063 1513 1360 1569 secundum
1385 1514 1619 1586 primam
1638 1512 2011 1586 acceptionem
2036 1513 2291 1570 sumitur.

286 1599 444 1656 Unde
471 1605 528 1656 et
559 1602 894 1672 Augustinus
921 1601 1056 1658 dicit
1094 1603 1148 1657 ὅ.
1189 1603 1258 1658 de
1299 1603 1465 1659 Civit.
1496 1603 1617 1670 Dei,
1640 1602 1789 1675 quod
1828 1603 1874 1660 si
1904 1602 2028 1675 quis
2056 1603 2297 1658 secundo

288 1688 452 1744 modo
483 1688 657 1745 fatum
695 1705 814 1746 esse
849 1691 1060 1759 credat,
1085 1690 1413 1750 sententiam
1437 1693 1643 1758 teneat,
1676 1698 1731 1748 et
1759 1690 1999 1764 linguam
2032 1692 2293 1762 corrigat.

928 1859 1211 1926 CAPUT
1279 1843 1663 1926 cxxxix.

702 1998 880 2076 Quod
898 2017 1020 2062 non
1043 1999 1243 2063 omnia
1269 2003 1412 2062 sunt
1440 2016 1511 2061 σω
1536 1997 1901 2062 necessitate.

357 2131 628 2204 Quamvis
650 2137 836 2188 autem
861 2132 1000 2187 ordo
1017 2131 1222 2189 divinae
1239 2129 1605 2204 providentiae
1624 2130 1785 2186 rebus
1810 2128 2091 2189 adhibitus
2116 2136 2299 2186 certus

289 2224 378 2291 sit,
414 2222 627 2279 ratione
651 2221 810 2292 cujus
837 2221 1060 2277 Boetius
1085 2221 1244 2288 dicit,
1275 2220 1424 2294 quod
1451 2220 1661 2278 factum
1688 2228 1770 2277 est
1797 2219 2086 2292 dispositio
2114 2219 2303 2276 immo-

288 2312 416 2368 bilis
442 2311 606 2366 rebus
634 2309 926 2367 mobilibus
966 2310 1259 2381 inhaerens,
1291 2325 1398 2366 non
1438 2318 1625 2366 tamen
1659 2315 1880 2382 propter
1915 2309 2021 2365 hoc
2046 2309 2299 2383 sequitur
2378 2371 2382 2375 ,

290 2401 474 2457 omnia
503 2399 571 2455 de
608 2400 936 2456 necessitate
965 2399 1232 2456 accidere.
1263 2401 1404 2457 Nam
1433 2400 1660 2456 effectus
1701 2399 2016 2469 necessarii,
2044 2397 2131 2455 vol
2160 2414 2296 2454 con-

292 2491 562 2561 tingentes
589 2488 1159 2545 dicuntursecundum
1183 2475 1551 2546 conditionem
1582 2489 1951 2561 proximarum
1979 2503 2290 2544 causarum.

290 2577 637 2634 Manifestum
667 2583 750 2632 est
785 2577 949 2644 enim,
981 2577 1128 2650 quod
1169 2578 1218 2633 si
1239 2593 1420 2634 ‚causa
1452 2577 1627 2649 prima
1670 2577 1833 2634 fuerit
1878 2575 2206 2640 necessaria,
2238 2580 2295 2629 et

292 2683 458 2723 causa
504 2665 743 2722 secunda
786 2665 950 2722 suerit
994 2666 1334 2736 contingens,
1379 2667 1609 2721 effectus
1648 2667 1899 2739 sequitur
1950 2665 2293 2734 contingenS,

291 2757 434 2812 sicut
459 2755 636 2828 prima
662 2770 830 2811 causa
855 2755 1226 2826 generationis
1251 2755 1306 2808 in
1345 2753 1510 2808 rebus
1538 2753 1913 2822 corporalibus
1948 2752 2296 2808 inferioribus

293 2853 376 2902 est
407 2852 595 2900 motus
635 2843 873 2900 coelestis
911 2842 1176 2914 corporis,
1213 2840 1327 2912 qui,
1369 2840 1498 2892 licet
1527 2854 1595 2892 ex
1625 2839 1950 2894 necessitate
1988 2838 2294 2910 proveniat,

291 2934 574 3007 genoratio
602 2940 784 2990 tamen
811 2938 870 2988 et
897 2930 1174 3002 corruptio
1198 2928 1253 2984 in
1281 2926 1406 2983 istis
1424 2923 1773 2980 inferioribus
1799 2925 2049 2996 provenit
2076 2925 2296 2979 contin-

293 3031 495 3096 genter.
511 3030 734 3096 propter
763 3022 884 3088 hoc,
914 3019 1060 3094 quod
1094 3033 1275 3074 causae
1309 3015 1595 3072 inferiores
1634 3014 2013 3084 contingentes
2054 3018 2199 3079 sunt,
2243 3021 2297 3068 et

293 3114 526 3171 deficere
554 3119 799 3185 possunt.
841 3109 1134 3166 Ostensum
1161 3113 1246 3164 est
1269 3112 1477 3174 autem,
1504 3103 1649 3178 quod
1678 3104 1826 3159 Deus
1854 3117 1969 3157 suae
2002 3102 2299 3174 providen-

295 3205 384 3261 tiae
411 3203 663 3261 ordinem
699 3217 796 3274 per
818 3215 1013 3256 causas
1055 3197 1339 3254 inferiores
1367 3194 1679 3267 exequitur.
1716 3191 1891 3247 Erunt
1933 3190 2099 3261 igitur
2127 3190 2294 3264 aliqui

294 3295 520 3349 effectus
563 3291 768 3347 divinae
802 3289 1162 3362 providentiae
1195 3284 1577 3356 contingentes
1600 3279 1897 3338 secundum
1930 3279 2297 3336 conditionem

293 3382 616 3438 inferiorum
642 3395 957 3436 causarum.

1031 3544 1313 3613 CAPUT
1358 3543 1557 3611 CXL.

306 3696 482 3782 Quod
516 3694 733 3758 divina
763 3689 1152 3774 providentia
1188 3691 1459 3751 manente
1495 3687 1692 3750 multa
1718 3689 1887 3750 sunt·
1904 3682 2289 3763 continqenti.

363 3832 478 3888 Nee
522 3837 706 3887 tamen
747 3827 1040 3884 effeetuum
1067 3823 1458 3896 contingentia,
1489 3821 1577 3878 vol
1598 3836 1891 3882 causarum
1910 3816 2299 3880 certitudinem

300 3915 500 3976 divino
522 3914 890 3979 providentia
907 3911 1226 3987 perturbare
1253 3918 1455 3985 potent.
1477 3908 1605 3970 Tria
1626 3908 1774 3973 enirn
1798 3921 1933 3972 sunt
1954 3921 2083 3981 qun
2106 3904 2297 3980 provi·-
