2850 4517
882 346 925 393 1.
958 361 1038 376 -
1066 344 1468 393 courenmvu
1512 328 1884 391 ‘rammam
2275 330 2394 393 199

834 566 1488 631 SECUNDA
1569 542 1980 631 PARS*

1211 726 1320 781 DE
1397 724 1548 781 spe·
1841 699 1848 707 ’

1180 1004 1464 1074 CAPUT
1528 1006 1582 1073 1.

495 1150 583 1215 In
601 1166 720 1232 quo
750 1147 1113 1224 ostenditur,
1140 1149 1304 1229 quod
1337 1150 1419 1211 ad
1435 1150 1862 1229 perfectionem
1891 1152 2270 1217 Christianos·

874 1238 1017 1301 vitce
1042 1238 1377 1302 necessaria
1403 1240 1722 1329 est-virtus
1746 1240 1894 1323 spei.

448 1373 591 1444 Quia
631 1371 934 1431 secundum
959 1372 1221 1446 principis
1256 1361 1641 1447 Apostolorum
1679 1376 2008 1443 sententiam
2035 1376 2390 1435 admonemur

374 1471 442 1521 ut
468 1478 577 1521 non
600 1460 778 1519 solum
805 1462 1078 1519 rationem
1113 1461 1385 1518 addamus
1412 1462 1480 1520 de
1504 1462 1634 1533 fide,
1663 1462 1760 1520 sed
1789 1465 1956 1521 etiam
1985 1465 2054 1521 de
2091 1480 2156 1521 ea
2180 1482 2306 1539 quae
2335 1466 2390 1521 in

376 1550 536 1607 nobis
568 1556 658 1605 est
684 1565 801 1623 spe,
832 1555 957 1623 post
994 1548 1294 1621 praemissa,
1336 1548 1388 1604 in
1418 1550 1620 1624 quibus
1650 1550 1775 1607 fidei
1813 1552 2138 1610 Christianae
2167 1559 2391 1609 senten-

378 1640 517 1697 tiam
542 1639 781 1696 hrevIter
806 1639 1085 1712 prosecuti
1118 1654 1327 1705 sumus„
1354 1646 1527 1696 restat
1556 1646 1616 1695 ut
1640 1639 1709 1695 de
1733 1639 1802 1696 iis
1829 1656 1954 1714 quae
1977 1642 2047 1697 ad
2086 1657 2238 1715 spem
2262 1656 2392 1713 per-

377 1734 414 1785 t·
445 1737 577 1798 tent,
642 1727 1086 1802 compendiosam
1134 1726 1233 1784 tibi
1280 1727 1674 1799 expositionem
1728 1727 2014 1785 faciamus,
2065 1730 2160 1785 Est
2207 1737 2392 1786 autem

375 1806 857 1883 considerandum,
905 1816 1055 1890 quod
1096 1816 1152 1872 in
1204 1815 1389 1889 aliqua
1429 1818 1744 1887 cognitione
1785 1818 2116 1874 desiderium
2159 1818 2394 1875 hominis

378 1906 729 1979 requiescere
770 1913 971 1977 potest,
1000 1921 1125 1962 cum
1149 1904 1313 1961 homo
1343 1905 1666 1967 naturaliter
1706 1906 1846 1962 scire
1881 1906 2157 1962 desideret
2186 1907 2395 1963 verita-

379 2006 517 2061 tem,
551 2010 661 2068 qua
699 1993 914 2066 cognita
962 1996 1079 2067 eJus
1124 1993 1460 2051 desiderium
1501 1994 1782 2066 quietatur
1814 1982 1957 2049 :sed
1987 1995 2041 2048 in
2083 1995 2392 2065 cognitione

378 2084 511 2141 fidei
539 2080 1141 2140 desiderium'hominis
1170 2092 1275 2139 non
1309 2080 1567 2156 quiescit.
1596 2082 1758 2139 Fides
1785 2081 1932 2139 enim
1961 2082 2281 2155 imperfecta
2309 2090 2394 2138 est

377 2172 622 2247 cognitio
652 2188 667 2227 ε
698 2187 765 2228 ea
790 2172 932 2228 enim
960 2172 1279 2244 creduntur,
1309 2187 1436 2244 quae
1464 2186 1572 2227 non
1594 2170 1870 2240 videntur,
1903 2170 2049 2227 unde
2072 2174 2238 2243 ApoS.
2271 2186 2393 2227 eam

381 2268 549 2321 vocat
574 2268 945 2333 argumentum
989 2278 1097 2317 non
1132 2260 1530 2333 apparentium,
1575 2260 1644 2318 ad
1689 2260 1851 2317 Hebr.
1885 2277 1950 2317 ιι.
1996 2259 2196 2316 Habita
2227 2262 2394 2333 igitur

380 2350 513 2417 fide,
546 2349 723 2407 adhuc
750 2350 1221 2421 remanetanimae
1248 2356 1430 2407 motus
1459 2350 1527 2406 ad
1558 2350 1726 2418 aliud,
1759 2350 1970 2413 scilicet
2000 2350 2070 2407 ad
2099 2349 2396 2407 videndum

380 2439 624 2513 perfecte
647 2440 935 2497 veritatem
965 2455 1130 2513 quam
1160 2440 1355 2508 credit,
1385 2445 1444 2495 et
1477 2440 1878 2513 assequendum
1915 2456 2001 2510 ea,
2035 2457 2130 2511 per
2171 2456 2295 2514 quae
2322 2438 2394 2496 ad

379 2526 683 2587 veritatem
695 2528 1008 2602 hujusmodi
1036 2529 1237 2602 poterit
1263 2518 1692 2587 introduchSe‘d
1716 2530 1844 2603 quia
1874 2530 2016 2585 inter
2040 2535 2240 2600 caetera
2267 2527 2394 2584 fidei

380 2618 711 2693 documenta
756 2629 927 2679 unum
973 2632 1093 2673 esse
1120 2616 1359 2673 diximus
1404 2624 1468 2674 ut
1512 2618 1768 2675 credatur
1802 2618 1949 2673 Deus
1991 2618 2393 2690 providentiam

381 2710 452 2766 de
498 2707 660 2764 rebus
701 2706 957 2764 humanis
1002 2706 1221 2771 habere,
1266 2707 1502 2779 insurgit
1528 2723 1596 2763 ex
1641 2706 1746 2763 hoo
1790 2708 1846 2761 in
1891 2705 2072 2761 animo
2119 2706 2394 2762 credentis

380 2802 565 2855 motus
591 2797 728 2870 spei,
776 2803 843 2852 ut
875 2794 1087 2851 scilicet
1112 2794 1254 2851 bona
1301 2810 1427 2868 quae
1455 2795 1779 2851 naturaliter
1795 2793 2100 2860 desiderat,
2134 2804 2194 2849 ut
2223 2795 2395 2850 edoc-

264 2950 271 2955 ,
382 2896 477 2945 tus
501 2904 569 2943 ex
597 2886 724 2954 fide,
755 2901 853 2959 per
898 2886 1017 2957 ejus
1044 2884 1306 2941 auxilium
1334 2889 1702 2955 consequatur
1751 2900 1766 2937 z
1811 2881 1952 2936 unde
1981 2889 2104 2953 post
2133 2882 2296 2937 fidem
2323 2882 2396 2939 ad

380 2975 780 3048 perfectionem·
796 2972 1121 3032 Christianae
1148 2974 1279 3029 vitae
1306 2987 1432 3046 spes
1456 2970 1763 3027 necessaria
1788 2978 1892 3038 est,
1923 2968 2064 3025 sicut
2089 2985 2254 3043 supra
2277 2970 2395 3041 jam

381 3064 643 3121 diximus.

1168 3214 1455 3286 CAPUT
1516 3192 1602 3283 11.

390 3358 574 3435 Quod
618 3356 957 3421 hominibus
1005 3356 1411 3420 convenienter
1453 3354 1754 3418 indicitur
1800 3353 2020 3427 matie,
2057 3350 2170 3432 per
2213 3370 2397 3433 quam

464 3448 793 3522 obtineant,
838 3464 975 3527 qwoe
1009 3463 1051 3509 a
1076 3446 1203 3509 Deo
1230 3451 1502 3525 sperant,
1546 3450 1603 3507 et
1629 3443 1700 3506 de
1721 3442 2073 3506 diversitate
2099 3442 2398 3504 orationis

464 3537 548 3599 ad
573 3536 794 3614 Deum,
826 3545 883 3599 ec
910 3534 993 3598 ad
1017 3534 1329 3598 hominem.
1635 3570 1640 3577 ·

453 3670 598 3741 Quia
637 3684 773 3727 vero
817 3668 1117 3726 secundum
1163 3668 1363 3725 divinae
1410 3668 1770 3742 providentiae
1807 3668 2054 3725 ordinem
2103 3666 2396 3740 unicuique

380 3760 708 3817 attribuitur
733 3757 930 3815 modus
958 3756 1307 3833 perveniendi
1336 3758 1409 3815 ad
1437 3758 1600 3814 finem
1627 3757 1926 3814 secundum
1957 3755 2396 3813 convenientiam

380 3864 503 3913 suae
532 3858 767 3913 natum,
800 3856 884 3905 est
913 3848 1081 3905 etiam
1113 3845 1423 3904 hominibus
1449 3862 1743 3905 concessus
1769 3862 2042 3919 congruus
2069 3845 2264 3902 modus
2291 3844 2396 3901 ob·

380 3938 597 3997 tinendi
625 3953 753 4013 quae
776 3944 963 4012 sperat
984 3951 1023 3994 a.
1042 3937 1158 3993 Deo
1176 3935 1474 3995 secundum
1501 3936 1755 3993 humanae
1781 3935 2112 3993 conditionis
2129 3941 2398 3993 tenorem.
