2850 4517
499 330 614 391 156
973 346 1004 388 s
1071 342 1303 385 ‘monae
1344 339 1671 390 nouimus
1712 338 2019 383 opuseum

496 460 580 517 sie
605 459 900 517 habitualis
925 456 1104 530 gratia
1123 456 1177 512 in
1202 455 1418 513 Christo
1449 470 1555 512 non
1582 462 1667 513 est
1691 452 1980 528 dispositio
2008 452 2076 509 ed
2108 443 2382 520 unionem,
2409 452 2501 509 sed

497 550 674 621 magis
698 547 922 607 unionis
937 547 1183 613 effeetuS,
1211 544 1358 618 quod
1383 560 1453 601 ex
1475 544 1595 617 ipso
1618 543 1780 601 modo
1802 536 2082 615 loquendi,
2116 557 2226 615 quo
2252 542 2505 615 Evange-

501 638 625 696 lista
648 638 832 693 unitur
873 636 931 693 in
965 634 1146 692 verbis
1175 633 1492 705 praemissiS,
1532 632 1821 690 manifeste
1860 635 2110 705 apparet,
2150 646 2278 687 eum
2314 632 2451 688 dicit
2486 648 2501 687 ι

508 725 746 785 Vidimus
773 741 892 782 eum
945 722 1096 797 quasi
1119 722 1457 796 uuiqeuitum
1482 738 1516 777 a
1528 729 1690 795 patre
1704 722 1920 793 plenum
1947 719 2142 792 qratioe
2160 726 2209 775 et
2230 719 2500 777 veritatis.

497 817 598 873 Est
623 822 806 872 eutem
831 814 1146 885 unigenitus
1172 828 1206 868 a
1227 819 1382 884 patre
1399 811 1563 877 homo
1590 809 1856 877 ChristuS‚
1890 809 1945 865 in
1974 818 2241 883 quantum
2267 810 2511 865 Verbum

499 920 629 963 earo
658 904 863 961 factum
893 908 996 959 est.
1027 902 1109 957 Ex
1135 900 1239 957 hoc
1261 915 1391 972 ergo
1430 899 1579 973 quod
1602 898 1838 955 Verbum
1874 914 2004 955 caro
2033 898 2242 955 sactum
2276 906 2379 966 est,
2407 898 2513 956 hoe

499 994 754 1049 effectum
783 995 886 1055 est,
937 996 1000 1045 ut
1039 993 1185 1045 esset
1213 986 1434 1060 plenum
1458 986 1651 1059 gratiae
1674 993 1731 1043 et
1767 984 2041 1043 veritatis.
2080 987 2141 1041 ln
2186 985 2275 1042 his
2324 994 2513 1042 autem

501 1096 626 1154 quae
640 1078 823 1153 aliqua
841 1077 1088 1136 bonitate
1111 1074 1408 1150 replentur,
1428 1074 1515 1131 vel
1544 1073 1895 1148 perfectione,
1928 1073 2061 1131 illud
2078 1074 2263 1147 magis
2288 1076 2512 1147 plenum

501 1186 623 1226 esse
647 1166 941 1235 invenitur,
969 1182 1037 1223 ex
1065 1181 1176 1238 quo
1199 1165 1368 1221 etiam
1407 1164 1465 1220 in
1492 1163 1601 1221 alia
1630 1162 1920 1230 redundat,
1950 1164 2096 1221 sieut
2126 1163 2340 1236 plenius
2365 1164 2516 1221 lucet

503 1258 665 1331 quod'
684 1256 991 1313 illuminare
1027 1259 1210 1327 potest
1250 1253 1376 1311 alia.
1405 1252 1547 1322 Quia
1574 1252 1743 1324 igitur
1773 1252 1934 1309 homo
1964 1250 2213 1309 Christus
2238 1267 2515 1310 summam

506 1345 896 1419 plenitudinem
911 1344 1105 1415 gratiae
1128 1341 1366 1400 obtinuit
1384 1340 1543 1402 uuasi
1566 1340 1880 1412 unigenitus
1906 1356 1939 1397 a
1960 1346 2137 1413 petre,
2171 1356 2515 1415 consequens

505 1436 611 1492 fuit
641 1441 700 1489 ut
741 1434 812 1491 ab
849 1434 969 1506 ipso
1011 1433 1068 1489 in
1109 1431 1247 1489 alios
1297 1430 1651 1498 redundaeet,
1684 1430 1764 1486 ita
1810 1428 1957 1502 quod
2004 1429 2149 1487 filius
2186 1430 2286 1487 Dei
2334 1431 2516 1487 sactus

505 1524 687 1590 homo,
714 1521 960 1579 homines
986 1522 1192 1578 faceret
1215 1520 1348 1577 deos
1369 1526 1429 1574 et
1458 1518 1596 1581 {ilios
1619 1518 1741 1585 Dei,
1772 1519 2075 1575 secundum
2102 1516 2234 1575 illud
2264 1520 2516 1592 Apostoli

507 1612 575 1670 ed
602 1611 787 1670 Galat.
818 1626 876 1667 lv
909 1628 930 1679 εἰ
947 1610 1104 1669 Misit
1122 1610 1264 1665 Deus
1293 1608 1496 1665 Filium
1521 1622 1679 1663 suum
1708 1606 1920 1678 fuctum
1946 1622 2012 1663 ex
2037 1606 2280 1672 muliere,
2310 1607 2520 1679 factum

507 1700 602 1759 ,sub
623 1701 753 1772 ἔαρι,
781 1705 841 1755 ut
871 1714 954 1755 eos
981 1698 1073 1771 qui
1094 1697 1188 1754 sub
1221 1698 1327 1770 lege
1361 1702 1521 1753 eraut
1553 1695 1859 1761 redimeret,
1884 1702 1948 1752 ut
1992 1695 2328 1768 adoptionem
2362 1697 2517 1768 filio-

511 1806 634 1845 rum
655 1788 1023 1861 reciperemus.
1047 1788 1128 1843 Ex
1149 1787 1256 1844 hoe
1283 1792 1469 1845 autem
1494 1785 1645 1859 quod
1673 1800 1706 1841 a
1729 1783 1945 1843 Christo
1974 1784 2041 1841 ad
2068 1785 2207 1841 elios
2240 1786 2421 1857 gratia
2458 1794 2519 1843 et

510 1878 716 1935 veritas
735 1876 1036 1945 derivatur,
1070 1875 1326 1935 convenit
1354 1875 1404 1932 ei
1432 1882 1496 1931 ut
1518 1874 1591 1931 sit
1618 1881 1785 1947 eaput
1802 1873 2082 1931 Ecclesiae.
2108 1874 2249 1932 Nam
2276 1892 2308 1932 a
2332 1876 2519 1948 capite

509 1966 580 2024 od
609 1966 718 2023 alia
743 1965 1004 2035 membra,
1032 1982 1159 2039 quae
1187 1971 1316 2021 sunt
1351 1965 1403 2022 ei
1432 1962 1733 2021 conformia
1776 1963 1832 2019 in
1868 1968 2084 2031 nutura,
2112 1964 2519 2037 quodammodo

509 2071 701 2113 sensus
735 2062 791 2112 et
818 2064 1001 2112 motus
1029 2055 1332 2111 derivatur.
1363 2054 1455 2111 Sic
1494 2070 1526 2110 a
1554 2052 1771 2110 Christo
1800 2058 1857 2109 et
1879 2053 2077 2125 gratia,
2102 2059 2160 2109 et
2194 2054 2399 2111 veritas
2446 2054 2519 2111 ad

511 2143 647 2200 alios
675 2144 922 2200 homines
948 2143 1286 2199 derivantur.
1313 2142 1471 2198 Unde
1500 2140 1567 2197 ad
1593 2141 1791 2214 Ephes,
1826 2157 1847 2198 1
1879 2158 1893 2196 ε
1924 2142 2001 2199 Et
2041 2141 2216 2215 ipsum
2251 2141 2392 2199 dedit
2422 2160 2523 2199 ca-

506 2240 607 2305 put
633 2248 802 2304 supra
827 2248 1031 2289 omnem
1055 2231 1367 2297 Ecclesiam,
1389 2246 1505 2303 quw
1525 2237 1598 2287 est
1620 2247 1811 2303 corpus
1834 2231 1965 2302 ejus.
1992 2230 2115 2287 Dici
2135 2232 2303 2288 etiam
2332 2240 2521 2305 potest

513 2326 680 2392 caput
719 2335 824 2375 non
862 2314 1038 2375 solum
1081 2318 1380 2385 hominum,
1415 2318 1511 2375 sed
1559 2319 1725 2375 etiam
1771 2318 2100 2391 Angelorum
2142 2326 2407 2393 quantum
2446 2320 2521 2377 ad
2556 2342 2574 2357 1

513 2406 892 2465 excellentiam
911 2416 969 2463 et
992 2406 1350 2475 influentiam,
1379 2407 1509 2463 licet
1541 2423 1649 2463 non
1672 2414 1939 2480 quantum
1964 2409 2035 2465 ad
2077 2400 2521 2467 conformitatem

513 2496 728 2552 nat‘urae
765 2494 1063 2553 secundum
1091 2495 1341 2553 eamdem
1379 2496 1639 2569 speeiem.
1670 2495 1825 2553 Unde
1863 2502 1990 2553 ente
2036 2497 2301 2570 praedicta
2348 2498 2522 2555 verba

513 2583 808 2656 Apostolus
837 2583 1142 2657 praemittit,
1158 2584 1305 2658 quod
1326 2585 1473 2641 Deus
1498 2584 1773 2641 constituit
1794 2585 1967 2652 illum,
1980 2585 2193 2643 scilieet
2216 2587 2517 2657 Christum,

515 2673 587 2729 ad
609 2674 898 2730 Dexteram
919 2689 1072 2730 suam
1099 2672 1163 2741 in
1189 2674 1479 2731 coelestibus
1503 2690 1671 2746 supra
1694 2690 1895 2733 omnem
1922 2674 2312 2748 principatum,
2336 2684 2525 2749 poter-

517 2769 697 2828 tatem,
724 2769 777 2819 et
815 2762 1094 2829 virtutem,
1117 2769 1167 2821 et
1213 2762 1647 2820 dominationem.
1680 2763 1772 2821 Sic
1816 2764 1987 2835 igitur
2029 2765 2329 2822 seeundum
2372 2782 2525 2838 prae-

515 2852 682 2909 missa
712 2850 907 2924 triplex
935 2852 1111 2923 gratie
1141 2852 1425 2909 consuevit
1453 2852 1720 2924 assignari
1746 2853 1802 2907 in
1828 2852 2067 2926 Christo.
2089 2854 2269 2910 Primo
2294 2854 2525 2928 quidem

516 2940 692 3013 gratia
719 2940 950 3009 unionis,
977 2940 1281 2997 seeundum
1303 2941 1451 3013 quod
1471 2941 1709 2997 humana
1738 2947 1935 2998 natura
1962 2940 2126 2998 nullis
2150 2942 2363 3000 meritis
2386 2960 2529 3017 prae·

473 3050 480 3061 ·
517 3028 836 3087 cedentibus
863 3028 968 3086 hoe
994 3030 1198 3086 donum
1220 3030 1433 3102 accepit
1457 3034 1518 3085 ut
1561 3028 1809 3085 uniretur
1849 3029 1948 3085 Dei
1992 3029 2128 3087 Filio
2171 3031 2227 3086 in
2265 3048 2524 3105 persona.

518 3118 784 3186 Secundo,
829 3117 1009 3190 gretia
1047 3118 1359 3190 singularis,
1387 3133 1498 3189 qua
1536 3116 1718 3174 anima
1759 3116 1961 3175 Christi
1996 3134 2113 3192 prae
2154 3121 2372 3177 caeteris
2417 3121 2528 3178 fuit

519 3206 698 3277 gratia
726 3212 782 3261 et
807 3206 1038 3264 veritate
1063 3205 1293 3278 repleta.
1314 3205 1518 3273 Tertio,
1534 3206 1711 3276 gratia
1738 3206 1938 3279 capitis
1956 3208 2258 3265 secundum
2282 3209 2429 3283 quod
2453 3210 2533 3267 ab

521 3294 639 3367 ipso
661 3294 717 3350 in
746 3294 883 3351 alios
911 3295 1090 3367 gratia
1123 3291 1396 3351 redundat
1423 3310 1438 3347 :
1466 3309 1590 3366 quae
1627 3294 1733 3351 tria
1762 3294 2113 3369 Evangelista
2148 3312 2391 3371 congruo
2426 3314 2529 3355 or-

523 3382 650 3439 dine
684 3384 1053 3455 prosequitur.
1083 3383 1222 3439 Nam
1266 3387 1533 3455 quantum
1561 3382 1630 3439 ad
1664 3384 1899 3455 gratiam
1926 3385 2141 3443 unionis
2162 3384 2299 3443 dicit
2330 3404 2345 3444 :
2384 3388 2533 3447 Ver-
2586 3412 2589 3415 ·

520 3470 644 3527 bum
693 3488 820 3529 caro
853 3472 1057 3544 factum
1095 3477 1189 3526 est.
1243 3470 1522 3540 Quantum
1568 3472 1637 3528 ad
1674 3472 1911 3544 gratiam
1961 3474 2295 3547 singularem
2338 3476 2477 3533 dicit
2512 3495 2532 3535 :

529 3559 770 3619 Vidimus
793 3577 910 3617 eum
939 3559 1091 3633 quasi
1102 3559 1445 3632 'unigenitum
1468 3576 1503 3617 a
1518 3560 1715 3628 fatre,
1726 3562 1943 3635 plenum
1958 3564 2155 3638 qratiae
2180 3572 2231 3622 et
2251 3565 2535 3627 veritatis.

521 3649 797 3720 Quantum
842 3650 910 3705 ad
947 3647 1183 3719 gratiam
1225 3648 1424 3722 eapitis
1458 3650 1643 3708 subdit
1672 3668 1685 3706 ε
1712 3652 1788 3708 Et
1816 3651 1879 3708 de
1910 3651 2244 3725 plenitudiue
2274 3654 2389 3727 ejus
2433 3674 2542 3715 nos

523 3754 698 3793 ommis
722 3736 1030 3809 accepimm.

1370 3882 1675 3901 ψ
