2850 4517
718 337 788 382 11.
833 353 914 367 —
950 338 1339 383 nisenam-rto
1374 336 1618 383 connis
1659 338 1918 385 sucos
2195 288 2318 392 239Ἰ

300 453 486 511 niant.
511 451 583 511 Ut
617 466 749 524 ergo
780 451 984 509 Christi
1023 460 1080 510 et
1111 467 1311 527 corpus
1337 459 1394 511 et
1435 452 1681 527 sanguis,
1706 454 2006 529 spiritualis
2046 462 2106 513 et
2131 456 2318 515 divina

301 539 537 601 refectio
579 538 897 608 haberetur,
929 549 987 611 et
1022 557 1134 599 non
1174 542 1335 617 quasi
1364 541 1527 603 cibus
1561 551 1618 601 et
1650 551 1814 616 potus
1852 544 2175 612 communis,
2217 545 2319 603 sub

300 630 493 706 specie
522 630 681 703 panis
709 639 767 688 et
798 629 913 687 vini
946 630 1202 699 sumitur,
1230 637 1425 689 utnon
1463 632 1536 689 sit
1567 628 1831 689 horribile
1865 648 2088 691 carnem
2118 632 2318 692 huma-

303 735 436 778 nam
460 718 769 789 comedere,
800 724 857 775 et
882 720 1206 791 sanguinem
1232 718 1576 779 bibere.Non
1602 730 1785 779 tamen
1807 722 1913 778 hoo
1940 721 2056 780 lieri
2085 722 2320 781 dicimus

303 810 471 884 quasi
520 808 730 881 species
762 807 889 875 illae,
931 824 1057 882 quae
1091 808 1342 865 sensibus
1377 816 1646 883 apparent
1699 810 1756 867 in
1809 812 2182 879 sacramento,
2209 812 2320 867 siut

302 896 490 955 solum
515 896 570 952 in
600 896 889 969 phantasia
913 898 1239 966 videntium,
1268 898 1414 956 sicut
1439 898 1579 956 solet
1615 915 1738 957 esse
1765 899 1822 956 in
1849 898 2147 973 praestigiis
2183 900 2320 957 artis

306 988 559 1059 magicae,
585 987 719 1061 quia
745 986 997 1045 veritatis
1022 987 1440 1045 Sacramentum
1467 986 1615 1045 nulla
1638 987 1793 1046 fictio
1815 988 1975 1045 decet
1998 989 2139 1046 :sed
2174 991 2322 1047 Deus

305 1076 405 1150 qui
432 1082 518 1131 est
544 1074 871 1133 substantiae
902 1081 959 1131 et
988 1075 1292 1133 accidentis
1314 1082 1553 1145 creator,
1581 1082 1764 1150 potest
1803 1077 2114 1135 accidentia
2136 1078 2320 1136 sensi-

304 1164 443 1221 bilia
470 1179 796 1221 conservare
833 1164 892 1220 in
913 1179 1053 1233 esse,
1084 1163 1347 1237 subjectis
1384 1173 1568 1223 tamen
1595 1166 1652 1222 in
1676 1164 1825 1222 aliud
1855 1167 2102 1223 mutatis.
2135 1168 2320 1224 Potest

308 1253 460 1311 enim
472 1254 700 1310 effectus
711 1268 1003 1311 causarum
1025 1253 1389 1311 secundarum
1410 1271 1511 1329 per
1533 1254 1618 1312 sui
1633 1254 2088 1328 omnipotentiam
2111 1257 2319 1330 absque

306 1341 493 1399 causis
519 1342 776 1399 secundis
802 1349 859 1399 et
884 1342 1207 1417 producere,
1234 1348 1293 1399 et
1321 1342 1376 1399 in
1404 1358 1528 1399 esse
1567 1358 1914 1401 conservare.
1953 1344 2008 1402 Si
2039 1344 2166 1419 quis
2188 1358 2320 1402 vero

307 1428 412 1485 Dei
436 1430 1021 1504 omnipotentiam‘non
1048 1430 1573 1499 confitetur,contra
1601 1430 1768 1488 talem
1797 1430 1852 1487 in
1871 1430 1986 1497 ⁴hoc
2007 1447 2172 1504 opere
2200 1431 2321 1489 dis-

309 1518 649 1591 putationem
677 1536 787 1576 non
831 1519 1182 1588 assumimus»,
1213 1520 1311 1577 sed
1346 1527 1542 1577 contra
1575 1520 1897 1589 SaracenoS,
1947 1527 2003 1578 et
2052 1519 2190 1577 alios
2222 1520 2320 1593 qui

306 1606 412 1663 Dei
440 1607 891 1682 omnipotentiam
917 1608 1269 1667 confitentur.
1294 1607 1418 1665 Alia
1456 1623 1588 1667 vero
1626 1607 1790 1682 hujus
1823 1608 2088 1684 mysteria
2115 1610 2322 1667 Sacra-

308 1697 629 1759 mentinon
669 1702 798 1753 sunt
832 1696 925 1755 hic
960 1697 1137 1774 magis
1176 1696 1545 1767 discutienda,
1581 1698 1712 1771 quia
1757 1696 2071 1757 infidelibus
2104 1705 2320 1757 secreta

310 1785 439 1842 fidei
466 1781 630 1859 pandi
660 1802 765 1843 non
792 1784 1016 1844 debent.

1080 1954 1365 2027 CAPUT
1429 1960 1552 2027 IX.

318 2096 607 2171 Qualiter
626 2100 717 2161 est
734 2096 1017 2179 specialis
1039 2097 1208 2203 locus
1232 2098 1345 2253 {abbi
1371 2098 1588 2251 atatimae
1606 2102 1969 2190 purgantur
2003 2101 2322 2181 antequam

1129 2206 1230 2253 sm
1328 2205 1394 2253 ea
1427 2205 1496 2253 ιε.

383 2320 542 2377 Nunc
564 2325 735 2379 restat
749 2321 1098 2382 considerare
1124 2322 1194 2381 de
1218 2322 1473 2397 opinione
1496 2325 1862 2398 quorumdam
1880 2322 2180 2384 dicentium
2203 2339 2322 2397 pur·

264 2479 273 2485 ‚
311 2410 586 2483 gatorium
624 2427 732 2467 non
772 2428 893 2469 esse
931 2420 1056 2485 post
1095 2418 1349 2481 mortem,
1379 2412 1452 2470 ad
1494 2430 1662 2488 quam
1707 2414 1936 2488 quidem
1963 2423 2028 2472 ut
2067 2411 2321 2471 homines

313 2497 480 2573 aliqui
505 2498 844 2570 devenirent,
866 2501 1162 2573 contigisse
1180 2500 1400 2558 videtur
1427 2502 1575 2575 quod
1602 2502 1659 2557 in
1683 2501 1929 2575 pluribus
1956 2500 2080 2561 aliis
2101 2502 2323 2559 contin-

312 2587 413 2659 git.
456 2588 597 2643 Dum
638 2588 783 2645 enim
830 2589 1042 2663 aliquos
1078 2606 1294 2647 errores
1332 2591 1514 2648 vitare
1559 2590 1870 2659 voluerunt,
1919 2590 2230 2649 inciderunt
2265 2590 2323 2646 in

312 2688 531 2732 errores
556 2677 879 2733 contrarios.
912 2679 1005 2735 Sic
1029 2680 1224 2736 Arrius
1251 2679 1382 2736 dum
1408 2678 1588 2734 vitare
1615 2678 1788 2736 voluit
1820 2694 2060 2735 errorem
2101 2676 2322 2737 sabellii

310 2762 703 2820 confundentis
728 2771 935 2822 sanctae
956 2766 1245 2824 Trinitatis
1269 2780 1548 2839 personae,
1578 2766 1771 2821 incidit
1810 2765 1870 2821 in
1895 2780 2140 2822 errorem
2183 2780 2324 2821 con·-

312 2852 569 2918 trarium,
602 2858 663 2907 ut
699 2853 968 2910 divideret
994 2854 1220 2911 deitatis
1252 2853 1569 2909 essentiam.
1597 2851 1858 2909 Similiter
1892 2851 2156 2909 Eutiches
2189 2847 2324 2907 duni

316 2942 491 2997 vitare
518 2941 691 2999 voluit
718 2959 960 2999 errorem
982 2942 1224 3001 Nestorii
1254 2941 1552 2999 dividentis
1573 2942 1632 2997 in
1659 2942 1876 3008 Christo
1903 2956 2192 3013 personam
2220 2939 2322 2996 Dei

311 3034 369 3085 et
412 3028 668 3098 hominis,
706 3030 1045 3088 contrarium
1076 3018 1319 3088 errorem
1360 3029 1622 3096 instituit,
1656 3036 1714 3084 ut
1760 3028 2113 3101 confiteretur
2155 3043 2324 3085 unam

311 3134 435 3175 esse
459 3118 557 3174 Dei
587 3127 642 3175 et
668 3118 905 3176 hominis
932 3127 1206 3178 naturam.
1235 3121 1327 3177 Sic
1366 3119 1535 3176 etiam
1562 3118 1693 3175 dum
1717 3115 1888 3191 aliqui
1914 3118 2092 3175 vitare
2129 3116 2326 3175 volunt

311 3206 569 3278 origenis
594 3223 839 3264 errorem
862 3210 1115 3281 ponentis
1139 3224 1328 3266 omnes
1353 3224 1546 3282 poenas
1568 3215 1692 3281 post
1718 3212 1954 3263 mortem
1978 3205 2325 3281 purgatorias

311 3310 455 3364 esse,
484 3296 539 3353 in
565 3297 901 3375 contrarium
917 3298 1282 3373 prolabuntur
1304 3314 1565 3363 errorem,
1584 3306 1646 3355 ut
1673 3298 1859 3355 dicant
1878 3296 2084 3352 nullam
2102 3310 2326 3370 poenam

312 3392 441 3459 post
473 3394 705 3443 mortem
734 3388 1112 3460 purgatoriam
1150 3404 1292 3445 esse.
1320 3390 1522 3446 Sancta
1562 3403 1696 3445 vera
1727 3385 2004 3443 Catholica
2044 3390 2101 3441 et
2140 3387 2324 3456 Apos—

314 3472 482 3531 tolica
503 3473 753 3532 Ecclesia
780 3476 925 3537 inter
951 3492 1164 3533 errores
1186 3477 1494 3539 contrarios
1519 3476 1701 3553 media
1725 3475 1873 3533 lento
1902 3489 2065 3548 passu
2093 3470 2322 3529 incedit.

312 3561 467 3621 Sicut
488 3564 637 3621 enim
663 3564 959 3638 distinguit
986 3581 1248 3639 personas
1282 3564 1337 3623 in
1378 3565 1649 3641 Trinitate
1687 3570 1880 3623 contra
1923 3561 2240 3627 Sabellium,
2267 3564 2327 3615 et

313 3659 499 3709 tamen
529 3653 587 3710 in
614 3669 859 3712 errorem
884 3654 1030 3713 Arrii
1055 3670 1163 3713 non
1189 3654 1450 3721 declinat,
1479 3655 1579 3713 sed
1601 3671 1768 3716 unam
1791 3658 2004 3711 tantum
2031 3649 2325 3709 confitetur

314 3756 675 3813 personarum
700 3744 1015 3813 essentiam,
1044 3745 1099 3801 in
1118 3743 1510 3802 incarnationis
1536 3759 1670 3801 vero
1705 3741 1968 3819 mysterio
1996 3758 2028 3797 e
2057 3751 2324 3797 converso

312 3838 543 3888 naturas
568 3831 859 3906 distinguit
876 3840 1070 3893 contra
1092 3831 1399 3902 Eutichem,
1424 3848 1528 3890 nec
1551 3840 1736 3890 tamen
1753 3842 1882 3889 cum
1903 3828 2160 3890 Nestorio
2184 3843 2321 3902 per·-

310 3926 521 3978 sonam'
546 3926 768 3993 separat
796 3938 810 3977 ε
842 3921 923 3982 sic
966 3928 1023 3981 et
1055 3922 1113 3982 in
1148 3929 1297 3983 statu
1336 3922 1642 4003 animarum
1688 3925 1816 3995 post
1855 3923 2088 3979 mortem
2127 3928 2341 3994 poenas.
