2850 4517
624 372 743 434 132
1082 385 1151 435 s.
1198 382 1430 430 ‘rnomn
1469 378 1796 435 Aoumatrts
1837 382 2148 433 oruscum.

620 502 972 571 conditionis,
1008 500 1171 558 homo
1194 502 1276 559 sic
1302 502 1556 559 ordinate
1583 501 1869 571 institutus
1894 500 2102 573 positus
2126 505 2212 557 est
2247 499 2302 557 in
2331 495 2453 558 loco
2491 505 2634 556 tem-

590 592 985 666 .peratissim0‚
1013 596 1069 647 et
1107 590 1387 657 deliciose,
1418 596 1481 646 ut
1515 606 1624 646 non
1665 589 1841 647 solum
1871 590 2196 647 interiorum
2237 588 2632 657 molestiarum,

620 680 720 739 sed
742 681 909 739 etiam
934 679 1165 739 aliarum
1194 680 1529 737 exteriorum
1552 678 1730 734 omnis
1759 678 1809 733 ei
1840 678 2056 736 vexatio
2081 677 2386 737 tolleretur.

1217 838 1503 945 CAPUT
1548 876 2042 945 CLXXXVIII.

662 1032 757 1097 De
780 1032 947 1113 liquo
966 1029 1229 1094 seientia
1250 1028 1389 1094 boni
1415 1035 1474 1095 et
1493 1030 1666 1106 mali,
1693 1035 1750 1095 et
1769 1030 1969 1111 primo
1992 1027 2253 1099 hominis
2267 1032 2594 1110 proeoepto.

694 1174 835 1245 Quia
862 1189 993 1233 vero
1020 1172 1321 1246 praedictus
1352 1179 1534 1231 status
1569 1174 1808 1230 hominis
1840 1190 1909 1230 ex
1949 1173 2054 1229 hoc
2095 1171 2458 1245 dependebat,
2488 1171 2634 1244 quod

617 1263 860 1320 humana
904 1259 1161 1319 voluntas
1200 1262 1315 1317 Deo
1340 1260 1722 1333 subjiceretur,
1769 1266 1832 1317 ut
1855 1260 2019 1317 homo
2058 1262 2247 1318 statim
2293 1276 2326 1317 a
2362 1260 2633 1333 principio

620 1351 940 1411 assuefieret
965 1350 1035 1407 ad
1055 1350 1155 1407 Dei
1186 1347 1526 1407 voluntatem
1549 1350 1907 1423 sequendam,
1937 1350 2224 1423 proposuit
2251 1350 2396 1405 Deus
2425 1349 2632 1406 homiui

620 1440 877 1516 quaedam
920 1447 1215 1512 praecepta,
1258 1444 1319 1494 ut
1356 1438 1568 1495 scilicet
1607 1432 1676 1494 ex
1717 1438 1970 1495 omnibus
2011 1438 2136 1496 aliis
2179 1438 2342 1509 lignis
2385 1438 2633 1494 Paradisi

616 1535 953 1597 vesceretur,
980 1528 1276 1603 prohibens
1299 1528 1402 1585 sub
1423 1528 1618 1584 mortis
1641 1527 2068 1584 comminatione
2095 1544 2165 1583 ne
2189 1527 2258 1584 de
2277 1526 2428 1598 ligno
2449 1526 2633 1582 scien-

620 1619 716 1675 tiae
751 1618 880 1675 boni
920 1624 979 1675 et
1018 1617 1146 1674 mali
1192 1625 1527 1684 vesceretur,
1559 1618 1718 1690 cujus
1765 1614 1988 1689 quidem
2029 1614 2163 1688 ligni
2211 1632 2336 1672 esus
2371 1631 2479 1670 non
2511 1615 2632 1672 ideo

617 1706 927 1779 prohibitus
950 1714 1055 1774 est,
1084 1707 1214 1780 quia
1240 1706 1544 1763 secundum
1569 1722 1628 1762 se
1645 1704 1822 1763 malus
1846 1696 2014 1772 esset,
2037 1704 2134 1760 sed
2163 1710 2224 1759 u't
2245 1702 2407 1759 homo
2436 1704 2632 1761 saltem

615 1796 678 1853 in
698 1794 803 1852 hoc
827 1796 1045 1853 modico
1068 1795 1276 1869 aliquid
1300 1795 1619 1852 observaret
1639 1812 1706 1851 ea
1735 1793 1853 1852 sola
1877 1795 2108 1862 ratione,
2129 1793 2259 1867 quia
2287 1801 2431 1849 esset
2456 1809 2490 1850 a
2519 1795 2632 1851 Deo

616 1893 959 1959 praeceptum
1004 1900 1019 1941 z
1064 1886 1211 1942 unde
1254 1884 1508 1958 praedicti
1551 1882 1685 1957 ligni
1731 1900 1858 1941 esus
1885 1884 2076 1952 ‚factus
2116 1890 2202 1939 est
2249 1882 2444 1949 maluS,
2501 1883 2634 1955 quia

616 1972 947 2046 prohibitus.
976 1974 1274 2031 Dicebatur
1313 1980 1501 2031 autem
1532 1973 1738 2045 lignum
1775 1972 1911 2051 illud
1937 1972 2186 2029 scientiae
2222 1971 2350 2027 boni
2395 1977 2452 2028 et
2479 1971 2628 2039 mali,

615 2077 727 2119 non
752 2064 883 2137 quia
900 2063 1129 2121 haberet
1155 2064 1417 2121 virtutem
1437 2062 1685 2119 scientiae
1711 2062 2070 2129 causativum,
2096 2060 2189 2117 sed
2213 2066 2438 2134 propter
2460 2078 2635 2118 even·-

620 2156 740 2207 tum
776 2157 1121 2224 sequentem,
1153 2152 1284 2222 quia
1323 2150 1538 2207 scilicet
1576 2149 1740 2207 homo
1766 2166 1864 2223 per
1905 2151 2024 2222 ejus
2064 2164 2220 2207 esum
2257 2150 2631 2222 experimento

619 2235 818 2295 didicit
862 2237 996 2310 quid
1044 2238 1261 2294 intersit
1288 2238 1449 2295 'inter
1494 2236 1822 2295 obedientiae
1860 2237 2083 2306 bonum,
2133 2242 2190 2295 et
2247 2236 2631 2296 inobedientiae

620 2325 848 2382 malum.

1239 2522 1527 2592 CAPUT
1571 2520 2011 2592 CLXXXIX.

1084 2672 1181 2739 De
1213 2673 1552 2739 seductione
1577 2672 1809 2739 diaboli
1833 2674 1917 2737 ad
1941 2674 2166 2737 Evam.

690 2810 956 2874 Diabolus
991 2816 1180 2890 igitur,
1211 2817 1307 2892 qui
1341 2818 1460 2891 jam
1504 2823 1851 2892 peccaverat,
1893 2815 2086 2873 videns
2127 2815 2402 2873 hominem
2445 2819 2632 2876 taliter

620 2900 935 2965 institutum
964 2915 1027 2966 ut
1072 2908 1143 2965 ad
1184 2915 1505 2982 perpetuam
1545 2906 1866 2964 felicitatem
1893 2906 2181 2980 pervenire
2209 2915 2414 2979 posset,
2447 2924 2484 2965 a
2518 2924 2632 2981 qua

616 2996 739 3070 ipse
765 2996 1067 3061 deciderat,
1092 3002 1149 3054 et
1175 2996 1530 3054 nihilominus
1547 3003 1732 3069 posset
1760 3011 2008 3068 peccare,
2037 3003 2267 3054 conatus
2289 3000 2375 3053 est
2404 3012 2436 3053 a
2459 2997 2634 3055 recti-

620 3085 812 3141 tudine
834 3086 1070 3158 justitiae
1098 3085 1389 3154 adducere,
1421 3085 1745 3157 aggrediens
1767 3084 2042 3141 hominem
2071 3102 2136 3141 ex
2163 3091 2322 3159 parte
2355 3085 2631 3156 debiliori,

618 3180 839 3231 tentans
879 3173 1180 3240 foeminam,
1229 3175 1288 3230 in
1336 3189 1446 3247 qua
1483 3174 1664 3229 minus
1707 3174 1926 3245 vigebat
1965 3174 2254 3248 sapientiae
2293 3174 2502 3232 donum
2543 3176 2632 3233 vel

618 3258 808 3319 lumen
857 3278 870 3317 τ
916 3269 972 3320 et
1021 3267 1083 3319 ut
1133 3264 1191 3318 in
1239 3262 1673 3335 transgressione
1727 3264 1988 3335 praecepti
2047 3262 2266 3320 facilius
2313 3264 2629 3330 inclinaret,

621 3351 855 3409 exclusit
884 3350 1223 3408 mendaciter
1248 3357 1458 3408 metum
1492 3352 1704 3422 mortis,
1731 3358 1786 3409 et
1814 3349 1866 3407 ei
1898 3350 1992 3407 illa
2027 3352 2280 3425 promisit
2314 3370 2444 3426 quae
2466 3354 2634 3412 homo

620 3439 949 3498 naturaliter
976 3440 1207 3512 appetit,
1254 3439 1468 3496 scilicet
1501 3440 1822 3497 vitationem
1873 3437 2218 3511 ignorantiae,
2251 3440 2443 3500 dicens
2487 3444 2636 3501 Gen.

620 3539 712 3597 ιιι,
740 3530 773 3583 5
799 3544 814 3583 z
842 3526 1179 3599 Aperientur
1203 3526 1344 3585 oculi
1368 3528 1536 3585 vestri
1559 3544 1579 3585 .·
1603 3534 1661 3584 et
1684 3527 2064 3586 excellentiam
2081 3529 2369 3601 dignitatis
2392 3531 2584 3588 dicens
2617 3551 2634 3588 z

608 3618 805 3676 ’Eritis
832 3615 971 3673 sicut
1007 3614 1105 3672 Dii
1132 3631 1152 3673 .·
1185 3622 1241 3672 et
1272 3616 1663 3689 perfectionem
1703 3616 1969 3685 scientiae,
2011 3633 2136 3674 cum
2182 3618 2324 3675 dixit
2356 3636 2370 3675 ε
2397 3620 2640 3677 Scieutes

620 3708 815 3765 bonum
842 3712 893 3763 et
914 3705 1133 3763 malum.
1158 3706 1333 3761 Homo
1358 3706 1506 3762 enim
1529 3722 1597 3762 ex
1621 3712 1777 3778 parte
1795 3705 2106 3763 intellectus
2130 3706 2460 3764 naturaliter
2485 3708 2643 3778 fugit

604 3795 1008 3869 ignorantiam,
1043 3800 1097 3850 et
1121 3794 1407 3851 scientiam
1437 3795 1666 3868 appetit.
1695 3794 1776 3850 Ex
1803 3803 1960 3867 parte
1984 3811 2114 3852 vero
2150 3794 2470 3863 voluntatiS,
2502 3814 2645 3868 quae

620 3884 947 3942 naturaliter
997 3882 1169 3942 libera
1204 3892 1307 3952 est,
1346 3884 1556 3957 appetit
1590 3882 1969 3940 celsitudinem
2007 3890 2064 3941 et
2101 3884 2520 3959 perfectionem,
2567 3895 2646 3943 ut.

618 3971 777 4042 nulli,
808 3974 895 4033 vel
924 3964 1131 4047 quan‘to
1155 3972 1512 4048 paucioribus
1537 3980 1737 4047 potest,
1769 3973 2059 4032 subdatur.
2095 4036 2103 4044 ⁶
