2850 4517
413 336 419 341 ·
521 316 638 377 150
995 331 1047 376 ε.
1091 329 1326 375 vaona:
1364 329 1694 381 Aoumuxs
1736 329 2045 373 opuscum

519 448 744 517 dici=ea,
787 460 914 521 qnae
939 454 1258 521 competunt
1285 446 1364 503 illi
1401 453 1614 505 naturae
1640 446 1797 519 cujus
1822 453 1909 503 est
1935 444 2281 519 suppositum
2323 460 2339 501 ι
2378 446 2519 503 idem

519 542 704 595 autem
733 545 817 596 est
840 537 1180 609 suppositum
1207 536 1264 593 in
1288 535 1505 593 Christo
1531 535 1785 593 humanae
1810 540 1866 591 et
1887 533 2091 592 divinae
2117 540 2331 592 naturae
2358 551 2374 590 ι
2404 550 2519 593 ma-

519 626 777 683 nifestum
800 635 884 683 est
911 626 1058 700 quod
1084 625 1154 681 de
1181 624 1286 681 hoc
1313 625 1594 699 supposito
1620 624 1911 698 utriusque
1939 632 2150 681 naturae
2177 624 2297 681 sive
2320 640 2521 697 suppo-

518 722 679 773 natur
709 731 804 788 per
827 730 1021 773 nomen
1046 714 1359 787 significans
1381 714 1625 771 divinam
1651 719 1923 780 naturam,
1952 718 2047 770 aut
2072 705 2381 785 personam,
2408 715 2521 771 sive

433 806 440 812 ’
517 806 814 865 humanam
841 810 1070 877 possunt
1089 803 1198 860 dici
1233 803 1624 871 indifferenter,
1659 809 1869 877 et-quae
1908 810 2037 860 sunt
2062 802 2285 870 divinae,
2316 811 2375 860 ει
2401 818 2524 876 quae

517 902 645 953 sunt
662 894 916 952 humanm
937 900 1168 961 naturae,
1194 900 1410 966 utputa,
1432 892 1481 949 si
1500 892 1748 950 dicamus
1772 892 1918 965 quod
1940 891 2109 949 Filius
2126 892 2227 947 Dei
2249 899 2338 949 est
2356 900 2524 950 aeter-

517 999 639 1051 nus,
671 990 727 1039 et
759 981 906 1057 quod
947 980 1116 1039 Filius
1153 980 1253 1037 Dei
1281 990 1363 1039 εει
1392 986 1555 1038 natus
1580 980 1649 1038 de
1676 981 1921 1053 Virgine,
1950 986 2007 1037 et
2044 980 2298 1037 similiter
2340 982 2524 1038 dicere

516 1086 806 1146 possumus
828 1070 973 1143 quod
997 1069 1089 1127 hic
1110 1069 1272 1128 homo
1291 1078 1379 1128 εει
1401 1071 1569 1135 Deus,
1599 1076 1656 1127 et
1678 1072 1887 1129 creavit
1907 1069 2117 1139 stellas,
2148 1078 2204 1127 et
2228 1076 2315 1127 εει
2340 1075 2519 1140 natus,

500 1168 785 1223 mortuus,
817 1166 873 1215 et
899 1157 1168 1231 sepultus·
1213 1158 1370 1229 Quod
1407 1167 1597 1217 autem
1636 1158 1968 1232 praedicatur
2002 1159 2074 1216 de
2102 1159 2289 1233 aliquo
2316 1176 2525 1234 suppo·-

517 1250 644 1312 sito,
691 1248 954 1321 praedicat
992 1247 1062 1304 de
1089 1263 1154 1304 eo
1201 1248 1501 1307 secundum
1528 1248 1770 1322 aliquam
1800 1248 2049 1317 formam,
2094 1248 2181 1306 vel
2209 1250 2519 1316 materiam,

517 1338 662 1393 sicut
687 1338 876 1394 Sortes
913 1344 998 1393 est
1026 1336 1184 1395 albus
1209 1338 1511 1395 secundum
1544 1337 1871 1405 albedinem,
1903 1344 1961 1395 et
1988 1344 2073 1394 est
2109 1338 2397 1395 rationalis
2432 1356 2521 1397 εε-

516 1425 756 1483 cundum
783 1426 1043 1483 animam.
1077 1427 1298 1483 Dictum
1341 1435 1427 1484 est
1463 1436 1650 1484 autem
1678 1443 1861 1500 supra,
1893 1427 2039 1501 quod
2068 1427 2124 1483 in
2151 1426 2370 1485 Christo
2396 1437 2522 1485 sunt

418 1569 428 1578 ,
517 1516 644 1573 duae
686 1522 898 1574 naturae
922 1522 980 1572 et
1005 1523 1176 1571 unum
1203 1517 1565 1589 suppositum.
1591 1516 1649 1574 Si
1676 1532 1807 1589 ergo
1839 1516 2109 1573 referatur
2150 1518 2221 1574 ad
2266 1518 2525 1592 supposi-

518 1610 654 1669 tum,
685 1605 1055 1663 indifferenter
1077 1611 1208 1663 sunt
1233 1605 1584 1679 praedicanda
1623 1606 1692 1663 de
1720 1604 1935 1662 Christo
1968 1605 2207 1663 humana
2230 1612 2286 1662 ει
2313 1606 2520 1663 divina.

514 1692 614 1749 Est
652 1699 836 1750 tamen
859 1694 1288 1775 discernendum·
1313 1695 1613 1752 secundum
1640 1694 1775 1769 quid
1807 1700 2100 1768 utrumque
2124 1694 2358 1763 dicatur,
2392 1696 2523 1768 quia

519 1782 706 1842 divina
733 1782 986 1841 dicuntur
1014 1784 1083 1840 de
1117 1784 1661 1864 Christolsecundum
1697 1784 1941 1843 divinam
1976 1793 2251 1855 naturam,
2282 1785 2523 1843 bumana

515 1888 648 1932 vero
675 1874 974 1932 secundum
1002 1872 1318 1934 humanam.
2512 1876 2569 1909 s

1222 2002 1527 2115 CAPUT*
1552 2015 1813 2117 cc'xn.

687 2189 784 2257 De
802 2189 898 2255 Ιιίε
921 2203 1061 2271 quoe
1087 2188 1380 2253 dicuntwr
1405 2188 1474 2251 in
1507 2188 1747 2253 Christo
1776 2206 1984 2263 unum,
2014 2188 2107 2253 vel
2126 2186 2341 2253 multa.

589 2322 730 2391 Quia
777 2322 944 2393 igitur
990 2323 1046 2378 in
1089 2322 1304 2378 Christo
1334 2330 1417 2378 est
1454 2338 1561 2378 una
1606 2337 1856 2395 persona,
1898 2330 1954 2379 et
1995 2322 2121 2379 duae
2166 2330 2399 2389 naturae,
2456 2338 2527 2379 ex
2588 2315 2597 2324 '

515 2410 714 2467 horum
737 2410 1118 2467 convenientia
1145 2410 1601 2468 considerandum
1626 2418 1709 2468 est
1736 2412 1869 2485 quid
1899 2410 1953 2466 in
1974 2411 2189 2469 Christo
2218 2427 2384 2467 unum
2410 2412 2527 2467 dici

519 2498 739 2566 debeat,
781 2498 996 2572 etquid
1021 2499 1215 2556 multa.
1249 2499 1621 2573 Quaecumque
1657 2502 1803 2558 enim
1832 2502 2133 2557 secundum
2168 2507 2382 2557 naturae
2432 2500 2528 2555 ‹li-

517 2588 834 2644 versitatem
857 2587 1306 2661 multiplicantur,
1341 2604 1564 2645 necesse
1592 2597 1675 2645 est
1713 2594 1857 2663 quod
1885 2590 1939 2645 in
1970 2581 2185 2646 Christo
2218 2591 2376 2663 plura
2402 2606 2527 2646 esse

519 2677 897 2733 confiteamur.
928 2679 1076 2734 Inter
1098 2694 1222 2751 quae
1251 2678 1424 2751 primo
1467 2678 1925 2743 considerandum
1946 2686 2049 2745 est,
2082 2672 2227 2752 quod
2268 2694 2393 2735 cum
2426 2696 2529 2751 per

517 2767 946 2839 generationem,
999 2766 1116 2823 sive
1167 2768 1512 2825 nativitatem
1563 2774 1759 2825 natura
1806 2767 2122 2841 recipiat-ur,
2162 2782 2385 2823 necesse
2438 2775 2530 2824 est

519 2857 664 2929 quod
691 2856 835 2912 sicut
857 2856 913 2911 in
943 2856 1128 2914 Chrito
1158 2866 1285 2914 sunt
1313 2857 1439 2915 duae
1470 2865 1698 2924 naturae,
1726 2858 1804 2914 ita
1832 2858 2000 2914 etiam
2036 2857 2174 2914 duas
2202 2872 2321 2913 esse
2349 2871 2525 2929 gene-

517 2944 777 3014 rationeS,
819 2945 936 3002 sive
977 2947 1314 3014 nativitates,
1349 2962 1456 3003 una
1498 2954 1705 3003 aeterna
1750 2946 2051 3002 secundum
2098 2961 2262 3019 quam
2304 2943 2529 3019 ¹accepit

517 3039 774 3090 naturam
795 3034 1039 3092 divinam
1063 3048 1096 3092 a
1124 3036 1284 3091 Patre
1308 3035 1451 3091 :alia
1481 3034 1814 3107 temporalis,
1841 3036 2141 3091 secundum
2165 3051 2329 3109 quam
2356 3050 2529 3091 acce—·

518 3122 602 3194 pit
624 3119 918 3179 humanam
942 3128 1199 3180 naturam
1227 3138 1258 3177 a
1295 3123 1487 3179 Matre.
1518 3122 1779 3179 Similiter
1816 3122 1983 3179 etiam
2010 3137 2369 3196 quaecumque
2403 3124 2525 3179 Deo

517 3215 576 3265 ει
602 3207 804 3265 homini
835 3209 1220 3268 convenienter
1249 3210 1624 3267 attribuuntur
1654 3211 1722 3268 ad
1758 3219 2014 3268 naturam
2038 3213 2385 3286 pertinentia,
2421 3229 2523 3268 ne-

518 3311 673 3355 cesse
701 3304 786 3354 εει
813 3299 968 3371 plura
991 3300 1174 3355 dicere
1202 3300 1258 3355 in
1287 3298 1521 3357 Christo.
1554 3300 1888 3357 Attrihuitur
1915 3310 2101 3357 autem
2129 3301 2243 3357 Deo
2268 3300 2522 3357 intellec-

520 3393 610 3442 tus
633 3395 688 3443 et
713 3387 985 3456 voluutas,
1014 3396 1068 3445 et
1093 3388 1286 3444 horum
1313 3388 1691 3460 perfectiones,
1729 3395 1859 3463 puta
1889 3390 2139 3458 scientia,
2171 3405 2267 3446 seu
2298 3390 2523 3463 sapien-

519 3476 620 3543 tia,
645 3481 701 3532 et
738 3476 997 3543 charitaS,
1033 3477 1148 3532 sive
1177 3475 1414 3548 justitia,
1449 3494 1574 3551 quae
1605 3476 1807 3533 homini
1838 3479 2005 3537 etiam
2038 3478 2409 3536 attribuuntur
2446 3478 2531 3536 ad-

517 3563 814 3622 humanam
847 3574 1098 3625 naturam
1129 3566 1475 3635 pertinentia.
1503 3569 1643 3624 Nam
1675 3568 1943 3637 voluntaS,
1976 3575 2033 3625 et
2059 3570 2368 3626 intellectus
2392 3575 2523 3625 sunt

517 3662 705 3729 partes
733 3655 948 3721 animm,
980 3653 1172 3725 horum
1199 3660 1383 3710 autem
1409 3656 1771 3728 perfectiones
1794 3664 1922 3713 sunt
1946 3657 2235 3731 sapientia,
2269 3666 2323 3713 et
2346 3658 2521 3730 justi-

519 3743 619 3811 tia,
647 3750 702 3799 et
731 3743 1060 3815 hujusmodi.
1084 3744 1321 3800 Necesse
1357 3751 1442 3800 est
1470 3761 1599 3817 ergo
1623 3747 1679 3801 in
1709 3745 1924 3803 Christo
1950 3762 2153 3819 ponere
2191 3747 2329 3804 duos
2352 3746 2535 3803 intel-³

519 3829 698 3887 lectus
720 3832 1016 3889 humanum
1043 3833 1254 3890 scilicet
1276 3838 1332 3889 et
1355 3832 1619 3900 divinum,
1649 3839 1704 3889 et
1733 3835 1993 3914 similiter
2021 3836 2159 3893 duas
2182 3822 2532 3904 voluntatem·

521 3917 795 3989 duplicem
843 3920 1011 3981 etiam
1035 3922 1345 3994 scientiam,
1384 3922 1502 3983 sive
1546 3922 1872 3985 charitatem
1914 3929 2161 3983 creatam
2205 3924 2422 3984 scilicet
2460 3931 2533 3985 et*
