2850 4517
524 366 641 425 186
676 410 683 416 .
905 335 919 351 ’
999 383 1050 427 s.
1096 382 1329 425 ‘rnoMAE
1370 380 1700 431 Aoumffls
1739 378 2053 423 opuscum

1116 580 1401 657 CAPUT
1447 577 1936 647 CCXXXVIII.

596 722 900 797 Quomodo
930 708 1408 787 convenientibus
1435 720 1811 801 aryumentis
1844 716 2080 783 Christi
2106 713 2468 781 resurrectio

853 811 859 815 ’
1290 812 1764 875 demonstratur.

592 946 660 1001 Et
682 944 815 1017 quia
851 951 914 1001 ut
936 943 1149 1001 dictum
1174 950 1279 1012 est,
1311 942 1562 1001 Christus
1604 942 2061 1000 resurrectionem
2097 938 2440 1011 anticipavit,
2469 946 2538 994 ut

522 1034 641 1105 ejus
682 1032 1011 1090 resurrectio
1054 1038 1434 1104 argumentum
1479 1033 1636 1089 nobis
1673 1032 1788 1106 spei
1835 1032 2093 1087 existeret
2116 1034 2179 1084 ut
2223 1044 2322 1085 nos
2363 1027 2538 1084 etiam

522 1138 809 1194 resurgere
848 1137 1213 1195 speraremuS,
1245 1122 1487 1195 oportuit
1531 1122 1602 1177 ad
1641 1136 1796 1194 spem
1832 1118 2249 1177 resurrectionis
2291 1115 2536 1173 suaden-

523 1211 671 1279 dam,
704 1219 766 1268 ut
800 1212 921 1283 ejus
956 1210 1306 1279 resurrectio,
1353 1226 1454 1267 nec
1491 1227 1598 1267 non
1635 1216 1694 1265 et
1733 1208 2070 1281 resurgentis
2113 1206 2358 1281 qualitas
2395 1222 2536 1262 con-

524 1298 845 1372 gruentibus
864 1298 1080 1355 indiciis
1098 1299 1565 1356 manifestaretur.
1589 1300 1712 1355 Non
1737 1306 1918 1356 autem
1944 1296 2195 1354 omnibus
2213 1295 2536 1350 indifferen-

525 1394 609 1443 ter
660 1404 817 1445 suam
872 1388 1329 1445 resurrectionem
1379 1388 1782 1456 manifestavit,
1830 1388 1974 1445 sicut
2027 1385 2426 1443 humanitatem
2477 1390 2536 1439 et

524 1478 855 1549 passionem,
887 1478 981 1534 sed
1014 1478 1189 1534 solum
1238 1479 1472 1535 testibus
1500 1477 1884 1551 praeordinatis
1910 1488 1943 1533 a
1971 1477 2085 1532 Deo
2113 1474 2323 1531 scilicet
2361 1473 2535 1535 disci-

524 1566 686 1639 puliS,
730 1583 867 1639 quos
906 1566 1143 1639 elegerat
1190 1567 1259 1623 ad
1308 1568 1712 1641 procurandum
1751 1567 2044 1623 humanam
2091 1564 2342 1621 salutem.
2390 1564 2534 1629 Nam

524 1664 703 1713 status
742 1656 1177 1725 resurrectioniS,
1209 1662 1272 1712 ut
1318 1656 1528 1713 dictum
1573 1663 1676 1728 est,
1718 1656 1956 1729 pertinet
2001 1653 2335 1726 ad'gloriam
2373 1667 2536 1708 com-

525 1744 885 1819 prehensoriS‚
918 1746 1075 1818 cujus
1113 1746 1354 1818 cognitio
1383 1762 1492 1801 non
1520 1745 1751 1802 debetur
1775 1744 2044 1811 omnibus,
2085 1744 2180 1799 sed
2223 1742 2290 1797 iis
2314 1749 2536 1798 tantum

525 1834 621 1909 qui
666 1850 726 1890 se
753 1833 947 1906 dignos
968 1834 1233 1891 efficiunt.
1276 1835 1646 1891 Manifestavit
1675 1840 1858 1890 autem
1895 1831 1976 1890 eis
2012 1832 2262 1890 Christus
2287 1837 2343 1887 et
2372 1830 2537 1887 -veri-

528 1927 697 1979 tatem
726 1924 1159 1992 resurrectioniS,
1206 1932 1264 1981 et
1291 1924 1522 1996 gloriam
1564 1922 1898 1995 resurgentis
1938 1938 1952 1977 t
1992 1922 2282 1979 veritatem
2312 1920 2548 1993 quidem.

527 2010 965 2081 resurrectioniS‚
1004 2012 1341 2069 ostendendo
1394 2013 1541 2086 quod
1572 2012 1715 2069 idem
1757 2011 1874 2086 ipse
1922 2011 2018 2084 qui
2065 2008 2537 2067 mortuus-*suerat

526 2102 822 2158 resurrexit
850 2106 907 2157 et
934 2109 1199 2175 quantum
1229 2102 1297 2158 ad
1338 2112 1614 2170 naturam,
1647 2108 1703 2159 et
1748 2105 2014 2176 quantum
2056 2100 2126 2157 ad
2171 2100 2531 2172 suppositum.

526 2190 803 2259 Quantum
830 2192 901 2247 ad
928 2200 1180 2248 naturam
1209 2191 1464 2262 quidem,
1499 2190 1628 2263 quia
1671 2184 1730 2246 se
1766 2206 1957 2247 verum
1999 2204 2196 2261 corpus
2237 2187 2536 2243 humanum

527 2278 726 2335 habere
754 2279 1169 2346 demonstravit,
1204 2278 1333 2333 dum
1375 2278 1552 2351 ipsum
1581 2278 1910 2351 palpandum
1949 2286 2005 2335 et
2033 2276 2331 2333 videndum
2363 2276 2536 2333 disci-

526 2366 670 2440 pulis
716 2366 966 2439 praebuit,
1004 2366 1201 2439 quibus
1247 2368 1407 2423 dixit.
1456 2370 1588 2424 Luc.
1642 2368 1740 2425 ult.
1774 2368 2059 2441 :Palpate,
2091 2373 2141 2422 et
2170 2365 2364 2431 videte,
2409 2366 2540 2437 quia

525 2453 751 2527 sparitus
778 2470 989 2510 cantem
1038 2461 1089 2510 et
1134 2472 1249 2511 ossa
1276 2472 1383 2512 non
1408 2456 1582 2523 habet,
1619 2457 1759 2513 sicut
1797 2474 1877 2513 me
1902 2456 2091 2513 videtis
2117 2455 2327 2511 habere.
2357 2455 2540 2511 Mani-

526 2542 749 2598 festavit
784 2532 1283 2600 etiam'exercendo
1326 2551 1482 2601 actus
1509 2546 1604 2619 qui
1632 2552 1845 2602 naturae
1886 2545 2140 2602 humanae
2181 2540 2539 2611 conveniunt,

527 2646 651 2687 cum
679 2629 961 2704 discipulis
1006 2632 1122 2689 suis
1155 2634 1490 2691 manducans
1527 2640 1581 2690 et
1623 2633 1834 2702 bibens,
1882 2640 1937 2689 et
1977 2650 2102 2691 cum
2149 2635 2228 2691 eis
2257 2632 2537 2689 multoties

526 2720 773 2793 loquens,
806 2726 863 2775 et
902 2720 1205 2790 ambulanS,
1249 2722 1343 2797 qui
1393 2731 1520 2781 sunt
1561 2731 1715 2780 actus
1744 2714 1977 2781 hominis
2025 2724 2258 2780 viventis
2285 2723 2538 2795 quamvis

526 2809 619 2866 illa
658 2810 925 2867 comestio
966 2812 1311 2869 necessitatis
1350 2830 1459 2871 non
1505 2813 1690 2870 fuerit.
1739 2814 1858 2869 Non
1910 2810 2056 2868 enim
2101 2810 2536 2883 incorruptibilia

526 2900 928 2973 resurgentium
952 2917 1178 2975 corpora
1206 2902 1440 2959 ulterius
1467 2903 1590 2959 cibo
1628 2902 1967 2974 indigebunt,
2001 2918 2125 2957 cum
2167 2900 2222 2956 in
2263 2901 2346 2957 eis
2387 2900 2535 2956 nulla

528 2990 620 3046 fiet
664 2990 989 3063 deperditi0‚
1040 3006 1207 3063 quam
1234 2998 1488 3066 oporteat
1535 3009 1630 3065 per
1671 2991 1854 3048 cibum
1899 2988 2246 3047 restaurari:
2297 2989 2444 3044 unde
2481 2994 2536 3043 et

527 3079 679 3136 cibus
707 3086 745 3135 a'
766 3078 983 3135 Christo
1024 3086 1338 3154 assumptus
1368 3096 1472 3137 non
1517 3081 1682 3137 cessit
1711 3081 1766 3135 in
1811 3078 2056 3153 corporis
2083 3079 2201 3151 ejus
2229 3076 2536 3134 nutrimen-

528 3174 661 3235 tum,
709 3168 802 3223 sed
832 3167 936 3223 fuit
965 3169 1265 3225 resolutum
1298 3170 1353 3225 in
1381 3170 1766 3244 praejacentem
1796 3167 2102 3226 materiam.
2145 3168 2538 3224 Verumtamen·

526 3271 593 3311 ex
620 3256 726 3311 hoc
752 3255 871 3329 ipso
908 3258 1052 3330 quod
1096 3258 1335 3314 comedit
1362 3266 1418 3314 et
1463 3258 1618 3326 bibit,
1653 3276 1712 3315 se
1757 3275 1946 3315 verum
1971 3256 2248 3315 hominem
2274 3256 2536 3314 demons-

527 3345 717 3401 travit.
766 3345 1042 3414 Quantum
1069 3361 1201 3403 vero
1240 3346 1311 3403 ad
1348 3348 1708 3421 suppositum,
1751 3348 1993 3405 ostendit
2035 3363 2093 3403 se
2133 3362 2254 3403 esse
2281 3346 2539 3402 eumdem·

526 3434 621 3506 qui
670 3440 918 3491 mortuus
944 3434 1122 3492 fuerat
1160 3452 1256 3508 per
1283 3436 1405 3505 hoc,
1452 3437 1598 3509 quod
1637 3437 1838 3494 indicia
1877 3452 1992 3497 suae
2022 3437 2212 3491 mortis
2239 3434 2410 3491 eisin
2437 3450 2534 3490 suo

526 3538 753 3597 corpore
793 3524 1191 3595 demonstravit
1236 3526 1445 3582 scilicet
1491 3526 1774 3583 vulnerum
1815 3526 2101 3583 cicatrices
2151 3541 2165 3580 ε
2207 3524 2356 3580 unde
2401 3524 2532 3579 dicit

526 3610 769 3669 Thom'ae.
798 3613 955 3669 Joan.
996 3629 1081 3670 xx
1109 3630 1123 3669 t
1166 3614 1324 3684 Infer
1349 3610 1577 3689 diyitum
1602 3623 1750 3673 tuum
1777 3617 1898 3683 huc,
1937 3623 1988 3673 et
2015 3615 2132 3671 vide
2157 3630 2350 3670 manus
2371 3630 2530 3681 meas,

527 3708 579 3758 et
600 3703 733 3775 affer
757 3718 976 3759 manum
1003 3709 1171 3769 tuam,
1198 3711 1247 3760 et
1274 3704 1504 3762 mitte‘in
1527 3707 1670 3762 latus
1703 3722 1897 3771 meum,
1928 3714 1983 3761 et
2024 3706 2158 3761 Luc.
2192 3703 2313 3759 ulti.
2346 3703 2486 3759 dixit
2521 3709 2538 3723 ··

533 3789 714 3849 Videte
740 3809 931 3849 manus
960 3810 1101 3849 meas
1126 3800 1179 3851 et
1198 3794 1355 3866 pedes
1382 3811 1539 3861 me03,
1566 3795 1691 3869 quia
1715 3812 1803 3867 eqo
1829 3795 1935 3866 ipse
1961 3810 2076 3850 sum
2109 3808 2128 3851 .·
2155 3793 2410 3865 quamvis
2435 3792 2534 3847 hoc

529 3880 695 3935 etiam
719 3881 1141 3954 dispensationis
1168 3883 1351 3952 fuerit,
1395 3884 1542 3957 quod
1573 3884 1859 3939 cicatrices
1883 3884 2168 3939 vulnerum
2197 3883 2252 3937 in
2277 3896 2380 3937 suo
2407 3896 2527 3937 cor-

530 3978 660 4035 pore
689 3969 1010 4039 reservavit,
1040 3977 1102 4027 ut
1124 3988 1219 4045 per
1247 3988 1341 4029 eas
1366 3970 1779 4029 resurrectionis
1802 3972 2006 4029 veritas
2030 3971 2356 4045 probaretur
2382 3988 2396 4027 ε
2423 3986 2534 4027 cor·
