2850 4517
1251 538 1379 617 vn

940 690 1371 764 EXPOSITIO
1392 703 1680 795 supere
1719 692 1746 799 J

360 869 1044 980 SYMBOLO
1140 869 2263 980 APOSTOLORUM

1106 1048 1111 1051 ¹
1177 1082 1444 1129 semem·

834 1236 1191 1317 CREDO
1284 1237 1393 1319 IN
1480 1236 1787 1321 DEUM

934 1382 1087 1471 (Ειιιεξ
1104 1409 1236 1456 Rom.
1268 1410 1554 1468 opaeum
1585 1402 1682 1469 Vt.)

373 1675 547 1735 Credo
571 1675 633 1731 ιἰι
648 1688 817 1731 unum
845 1672 1031 1737 Deum,
1051 1678 1163 1727 ειε.
1187 1670 1434 1727 Primum
1457 1671 1606 1743 quod
1625 1675 1712 1727 est
1730 1674 2103 1732 necessarium
2122 1676 2314 1733 Chris-

303 1766 471 1833 tiano,
503 1770 587 1821 est
618 1762 773 1828 tideo,
810 1760 927 1816 sine
955 1773 1066 1833 qua
1102 1757 1285 1813 nuilus
1323 1758 1528 1813 dicitur
1559 1756 1738 1815 fidelis
1764 1758 2116 1818 christianus.
2157 1764 2318 1821 Fides

300 1862 487 1911 autem
529 1836 662 1907 facit
707 1854 945 1922 quatuor
984 1846 1147 1903 bona.
1179 1846 1420 1902 Primum
1463 1852 1570 1915 est,
1601 1846 1748 1918 quod
1791 1863 1889 1919 per
1925 1848 2088 1905 fidem
2135 1853 2316 1909 anima

296 1942 651 2015 conjungitur
694 1938 831 1992 Deo.
877 1936 1020 1992 Nam
1062 1950 1161 2008 per
1206 1933 1370 1990 fidem
1411 1934 1596 1990 anima
1637 1932 1939 1992 christiana
1981 1936 2114 1994 facit
2156 1944 2315 2012 quasi

298 2030 579 2107 quoddam
606 2025 1018 2083 matrimonium
1050 2038 1178 2080 oum
1212 2022 1347 2079 Deo.
1392 2021 1551 2079 Oseae
1579 2037 1622 2079 ιι
1669 2020 1979 2094 :sponsabo
2005 2030 2058 2082 te
2097 2027 2278 2083 mihi
2258 2046 2317 2086 m

295 2121 423 2195 fide.
453 2117 523 2173 Et
547 2115 675 2171 inde
702 2119 787 2170 εει
817 2112 963 2186 quod
992 2112 1213 2185 quando
1238 2110 1403 2167 homo
1441 2108 1772 2183 baptizatur,
1808 2112 1984 2185 primo
2021 2115 2320 2174 confitetur

297 2209 466 2266 fidem
484 2220 610 2261 cum
635 2202 837 2259 dieitur
858 2201 952 2258 ei.
975 2199 1199 2258 Credis
1184 2216 1241 2256 ιιι
1254 2196 1480 2255 Deum?
1503 2198 1633 2272 quia
1651 2193 1956 2272 baptismus
1974 2209 2060 2260 est
2081 2205 2336 2284 primum·

298 2298 705 2354 sacramentum
735 2290 880 2347 fidei.
899 2290 968 2347 Et
992 2288 1115 2346 ideo
1144 2288 1279 2345 dicit
1302 2287 1566 2345 Dominus
1591 2288 1763 2347 Maro.
1779 2287 1918 2345 ult.:
1949 2290 2054 2357 Qui
2077 2291 2319 2349 eredide-

298 2385 403 2451 rit,
429 2391 482 2441 ει
509 2380 812 2455 baptizalus
834 2378 1031 2452 fuerit,
1053 2378 1233 2435 salvus
1258 2376 1388 2435 orit.
1417 2374 1731 2451 Baptismus
1753 2378 1901 2435 enim
1923 2380 2042 2437 sine
2075 2380 2184 2438 fide
2207 2398 2317 2441 non

298 2474 545 2549 prodest.
574 2471 645 2527 Et
678 2470 803 2527 ideo
828 2468 1114 2526 sciendum
1138 2472 1241 2538 εει,
1272 2467 1420 2541 quod
1449 2466 1629 2523 nunus
1655 2473 1742 2524 est
1771 2474 2032 2541 aceeptus
2052 2469 2169 2526 Deo
2197 2472 2316 2530 sine

299 2564 428 2631 fide.
464 2560 632 2617 Hebr.
663 2574 709 2616 ιι
736 2574 751 2613 t
780 2557 905 2613 Sine
945 2556 1049 2629 fide
1076 2554 1395 2627 impossibile
1429 2563 1508 2613 est
1531 2557 1742 2629 placere
1767 2556 1898 2613 Deo.
1930 2558 2000 2614 Et
2027 2559 2152 2617 ideo
2178 2562 2316 2619 dioit

298 2658 441 2723 Aug.
476 2660 639 2721 super
666 2644 821 2711 illud,
846 2646 1007 2699 Rom.
1040 2658 1145 2699 xiv
1176 2660 1189 2697 ι
1223 2643 1388 2699 Omne
1414 2644 1553 2715 quod
1587 2659 1694 2698 non
1717 2652 1794 2701 εει
1819 2640 1885 2701 eci:
1914 2644 2038 2717 fido,
2069 2656 2179 2706 eto.·
2205 2650 2311 2707 Ubi

299 2756 410 2797 ιιοιι
428 2746 512 2795 εει
530 2743 754 2793 aeternae
776 2740 833 2788 et
856 2730 1319 2787 incommutabilis
1336 2731 1594 2787 veritatis
1617 2731 1845 2802 agnitio,
1868 2732 2006 2790 falsa
2028 2743 2112 2792 est
2134 2738 2311 2796 virtus

300 2830 470 2887 etiam
507 2827 565 2882 in
590 2821 811 2895 optimis
848 2819 1110 2879 moribus,
1146 2818 1412 2885 Secunde,
1457 2809 1585 2891 quia
1615 2834 1711 2890 per
1745 2820 1906 2877 fidem
1936 2822 2223 2882 inchoatur
2253 2828 2310 2885 in

300 2918 459 2975 nobis
488 2916 601 2971 vita
625 2918 852 2969 aeterna.
878 2909 1019 2973 Nam
1043 2908 1157 2963 vita
1180 2912 1389 2963 aeterna
1414 2906 1546 2961 nihii
1577 2906 1725 2963 aliud
1754 2914 1856 2977 est,
1886 2926 2051 2981 quam
2076 2928 2311 2984 cognos-

300 3023 426 3064 cere
454 3006 632 3061 Deum
662 3018 676 3057 ι
709 2999 853 3056 unde
893 2996 1032 3054 dicit
1062 2996 1325 3052 Dominus
1352 2996 1436 3050 Jo.
1477 3010 1603 3051 xvu
1630 3012 1644 3050 ε
1676 2995 1804 3053 Haeo
1829 3004 1908 3055 est
1933 2998 2046 3057 vita
2084 3007 2312 3069 oeterna,

298 3102 363 3153 ιιι
392 3096 706 3165 cognoscant
732 3094 783 3145 te
817 3087 983 3143 solum
1008 3100 1194 3142 verum
1228 3083 1418 3139 Deum.
1449 3082 1579 3139 Haec
1609 3089 1794 3139 autem
1828 3086 2068 3159 cognitio
2095 3090 2196 3145 Dei
2223 3090 2314 3147 in·-

299 3172 437 3256 cipit
466 3181 555 3236 hio
581 3194 679 3253 ρει·
708 3176 892 3247 fidem,
924 3174 1021 3231 sed
1056 3172 1339 3246 perficitur
1368 3172 1424 3227 in
1467 3172 1583 3227 vita
1610 3170 1816 3242 futura,
1847 3174 1903 3230 in
1933 3192 2043 3249 qua
2077 3193 2314 3251 cognos-

300 3284 491 3329 cemus
520 3283 647 3324 eum
684 3265 849 3323 sicuti
890 3269 997 3319 εει.
1033 3262 1103 3317 Ει
1129 3261 1255 3317 ideo
1282 3259 1488 3317 dicitur
1515 3259 1680 3317 Hebr.
1725 3276 1769 3319 ιι
1810 3278 1824 3318 t
1852 3262 2015 3321 Fides
2050 3274 2129 3324 est
2160 3268 2313 3325 subs-

300 3357 483 3416 tantia
525 3353 913 3428 sperandarum
956 3365 1165 3406 rerum.
1220 3348 1415 3405 Nullus
1473 3364 1604 3420 ergo
1659 3356 1842 3422 potest
1898 3356 2184 3426 pervenire
2238 3358 2310 3413 ad
2341 3372 2351 3389 ³

299 3446 719 3511 beatitudinem,
750 3456 877 3515 quae
912 3446 997 3496 εει
1028 3452 1159 3495 vera
1194 3436 1435 3509 cognitio
1476 3438 1596 3507 Dei,
1643 3438 1749 3495 nisi
1798 3438 1973 3513 primo
2016 3452 2310 3515 cognoscat

300 3552 403 3623 ρει·
424 3535 610 3591 tidem.
636 3533 755 3587 Joa.
782 3544 905 3585 xx.
922 3525 1097 3585 Beati
1114 3524 1331 3599 quinon
1351 3526 1624 3593 viderunt,
1650 3535 1703 3586 et
1721 3528 2084 3587 crediderunt.
2105 3532 2310 3602 Terti0,

302 3624 437 3711 quia
466 3622 601 3678 fides
628 3620 818 3691 dirigit
837 3617 1012 3675 vitam
1035 3624 1401 3700 praesentetn:
1431 3630 1558 3672 nam
1581 3616 1652 3673 ad
1675 3616 1780 3673 hoo
1806 3618 1956 3691 quod
1985 3618 2146 3676 homo
2175 3622 2317 3679 bene

300 3706 478 3779 vivat,
524 3714 742 3783 oportet
780 3704 927 3780 quod
972 3703 1112 3760 sciat
1148 3702 1461 3759 necessaria
1497 3703 1568 3760 ad
1595 3702 1734 3761 bene
1776 3706 2136 3768 vivendum:
2169 3715 2226 3766 et
2267 3711 2314 3767 si

304 3803 531 3860 deberet
567 3797 750 3855 omnia
782 3792 1091 3852 necessaria
1118 3791 1189 3848 ad
1226 3790 1365 3847 bene
1390 3791 1686 3850 vivendum
1711 3808 1813 3868 per
1849 3794 2092 3854 studium
2124 3798 2316 3857 addie-

305 3904 453 3959 oere,·
498 3886 587 3945 vel
621 3901 731 3943 non
772 3889 958 3957 posset
998 3878 1303 3955 pervenire,
1332 3878 1421 3938 vel
1460 3886 1586 3954 post
1623 3880 1846 3955 longum
1875 3890 2111 3959 tempus.
2152 3886 2346 3963 Fides‘

305 3983 494 4037 autem
514 3975 677 4033 docet
698 3968 881 4033 omnia
900 3967 1212 4030 neeessaria
1230 3967 1301 4028 ad
1322 3968 1462 4029 bene
1483 3969 1796 4031 vivendum.
1811 3972 1936 4048 Ipsa
1961 3974 2108 4034 enim
2129 3974 2314 4052 docet,
