2850 4517
654 354 746 400 111.
792 368 871 383 -
912 352 990 399 un
1032 353 1388 399 macer-ris
1431 334 1996 414 ann1rAT1s,'n·rc.
2213 330 2331 404 257

316 474 395 534 iul
417 472 606 529 vitam.
637 470 707 531 Et
731 485 905 543 quare
936 486 949 523 :
983 468 1243 536 Quoniam
1289 468 1566 543 diliyimus
1591 470 1816 543 fratres.
1847 456 1953 539 Qu'i
1985 490 2092 529 nou
2129 474 2330 547 dil-igit,

314 569 501 619 manet
526 560 585 617 in
610 565 802 616 morte.
845 558 1093 615 Tertium
1120 567 1224 625 est,
1258 564 1470 615 naturae
1511 561 1952 628 communicatio.
1995 562 2148 619 Sicut
2185 566 2332 619 enim

316 652 545 717 dicitur,
560 647 880 705 Ecclesiast.
894 662 1007 703 xm
1035 663 1049 701 z
1074 645 1238 703 Omne
1252 646 1456 703 animal
1481 647 1663 719 diligit
1685 647 1862 705 simile
1882 648 2004 704 sibi.
2025 650 2180 707 Unde
2205 667 2330 709 cum

317 754 512 795 omnes
540 737 787 793 homines
809 734 919 792 sint
942 734 1148 798 similes
1177 735 1233 789 in
1258 744 1474 801 natura,
1493 736 1727 792 invicem
1757 752 1816 792 se
1840 737 2066 809 diligere
2096 740 2326 797 debent:
2376 744 2381 749 ’

317 839 378 885 et
408 828 532 883 ideo
555 827 707 882 odire
733 823 1040 899 proximum
1064 838 1170 878 non
1196 822 1371 879 solum
1400 830 1484 880 est
1511 833 1703 881 contra
1729 825 1970 882 divinam
2010 828 2204 899 legem,
2233 831 2332 887 sed

317 918 493 974 etiam
516 923 707 973 contra
736 914 913 985 legem
943 922 1173 969 naturae.
1188 912 1460 982 Quartum
1485 914 1740 971 utilitatis
1764 918 2114 973 consecutio.
2147 919 2330 976 omnia

317 1008 467 1063 enim
498 1005 725 1061 alterius
752 1004 843 1058 alii
886 1008 1015 1059 sunt
1050 1002 1207 1058 utilia
1236 1018 1333 1075 per
1370 995 1717 1071 charitatem,
1746 1003 1865 1060 haec
1903 1006 2047 1061 enim
2081 1016 2165 1063 est
2205 1024 2330 1081 quae

320 1096 444 1151 unit
470 1093 790 1158 Ecclesiam,
815 1098 870 1147 et
898 1090 1083 1146 omnia
1106 1091 1416 1147 communia
1445 1090 1599 1149 facit.
1629 1091 1774 1148 Psal.
1805 1107 2034 1150 cxvm:
2049 1092 2330 1169 Par-ticeps

316 1183 410 1255 'eqo
436 1199 551 1237 sum
576 1180 811 1237 omnium
842 1179 1145 1235 timentium
1173 1185 1244 1244 te,
1275 1185 1383 1235 etc.

320 1282 325 1285 ·
394 1270 591 1343 Diliyes
612 1268 923 1341 prm-imum
950 1275 1101 1324 tuum
1134 1267 1273 1323 sicut
1284 1268 1542 1341 teipsum.
1563 1266 1718 1324 Istud
1741 1274 1826 1326 est
1851 1271 2152 1328 secundum
2182 1288 2324 1346 prae-

315 1367 540 1432 ceptum
568 1358 723 1429 legis,
751 1366 806 1413 et
826 1364 910 1411 est
930 1357 999 1413 de
1027 1354 1319 1411 dilectione
1340 1357 1598 1427 proximi.
1620 1356 1898 1426 Quantum
1924 1365 2108 1415 autem
2139 1362 2324 1433 proxi-

316 1461 469 1504 mum
499 1446 726 1523 diligere
750 1444 1071 1512 *debeamuffi
1096 1446 1215 1517 jam
1238 1444 1450 1501 dictum
1479 1450 1597 1501 est.-
1612 1446 1679 1500 Et
1707 1446 1999 1502 dicendum
2046 1456 2220 1505 restat
2260 1449 2329 1505 de

315 1537 481 1593 modo
509 1534 837 1599 dilectionis,
856 1534 951 1607 qui
982 1533 1206 1607 quidem
1234 1530 1482 1589 innuitur
1508 1548 1633 1589 cum
1663 1534 2045 1601 dicitur-,sicut
2068 1539 2324 1609 teipsum.

314 1628 477 1684 Circa
504 1612 649 1699 quod
675 1623 905 1681 verbum
936 1625 1179 1700 quinque
1204 1623 1554 1679 considerare
1583 1622 1888 1695 possumus,
1918 1641 2041 1697 quae
2071 1626 2126 1681 in
2153 1626 2325 1683 dilec-‘·

314 1717 471 1774 tione
498 1713 728 1787 proximi
768 1726 989 1769 servare
1017 1710 1298 1766 debemuS.
1327 1710 1569 1784 Primum
1596 1718 1699 1779 est,
1731 1714 1862 1785 quia
1904 1713 2166 1770 debemus
2201 1712 2327 1772 eum

312 1805 545 1875 diligere
570 1798 698 1865 uere
718 1794 861 1857 sicut
888 1814 988 1856 nos
1021 1817 1034 1853 ε
1072 1800 1218 1873 quod
1248 1798 1500 1867 sacimuS,
1526 1799 1573 1855 si
1612 1808 1833 1873 propter
1865 1801 2101 1873 seipsum
2138 1802 2323 1874 diligi-

312 1909 464 1961 mus,
495 1906 606 1947 non
644 1898 865 1963 propter
908 1902 1026 1945 nos.
1058 1888 1208 1944 Ideo
1237 1887 1556 1957 notandum,
1579 1888 1726 1959 quod
1769 1889 1968 1961 triplex
2008 1898 2092 1945 est
2149 1907 2322 1961 amor,

310 1993 553 2058 quorum
580 1978 689 2035 duo
718 1993 824 2037 non
860 1985 986 2033 sunt
1020 1978 1155 2044 veri,
1189 1978 1385 2033 tertius
1428 1982 1610 2032 autern
1642 1992 1826 2033 verus,
1850 1978 2062 2033 Primus
2099 1986 2203 2049 est,
2230 1982 2326 2053 qui
2431 2024 2438 2031 .

311 2076 404 2127 est
446 2076 671 2143 propter
715 2066 867 2141 utile.
912 2065 1125 2122 Eccles.
1151 2081 1252 2121 vt·
1283 2064 1388 2121 Est
1434 2064 1637 2119 amicus
1672 2064 1844 2121 socius
1887 2082 2098 2132 mensoe,
2127 2074 2179 2125 et
2219 2084 2326 2125 non

304 2156 644 2231 'permanebit
670 2156 731 2211 in
762 2134 849 2211 die
885 2153 1225 2209 necessitatis.
1249 2153 1355 2210 Sed
1379 2160 1530 2207 certe
1557 2136 1660 2207 iste
1685 2168 1791 2209 non
1832 2160 1917 2209 est
1948 2170 2111 2211 verus
2148 2170 2321 2213 amor.

309 2246 518 2303 Deficit
541 2245 687 2300 enim
712 2242 1001 2303 deficiente
1028 2242 1286 2309 utilitate,
1301 2250 1357 2297 et
1385 2247 1518 2297 tunc
1542 2241 1793 2297 nolumus
1819 2241 2023 2298 bonum
2048 2246 2318 2317 proximo,

310 2335 414 2393 sed
449 2333 629 2407 potius
654 2332 857 2395 bonum
880 2331 1138 2387 utilitatis
1169 2326 1421 2389 volumus
1444 2329 1620 2386 nobis.
1647 2330 1746 2387 Est
1771 2339 1828 2389 et
1860 2331 2001 2389 alius
2025 2349 2198 2401 amor,
2227 2336 2324 2408 qui

310 2429 404 2480 est
433 2428 653 2496 propter
682 2417 1026 2481 delectabile,
1040 2425 1097 2473 et
1124 2416 1215 2474 hie
1241 2418 1410 2475 etiam
1434 2433 1544 2473 non
1565 2426 1650 2475 est
1679 2434 2005 2493 veruS,qu1a
2033 2420 2323 2479 deficiente

310 2510 647 2577 delectabili,
673 2508 883 2576 delicit.
910 2508 981 2562 Et
1003 2507 1127 2562 ideo
1153 2506 1407 2564 nolumus
1435 2508 1634 2564 bonum
1664 2516 1887 2582 propter
1908 2508 2014 2567 hoc
2040 2513 2321 2585 principa-

306 2602 443 2656 liter
464 2598 731 2672 proximo,
762 2596 859 2667 sed
889 2595 1071 2685 potius
1097 2594 1299 2653 bonum
1326 2612 1486 2652 suum
1511 2596 1670 2651 nobis
1696 2597 1966 2653 volumus·
1994 2600 2209 2656 Tertius
2232 2608 2316 2657 est

307 2704 493 2755 amor,
524 2686 619 2759 qui
648 2693 730 2755 est
755 2680 973 2783 propter
995 2683 1275 2752 virtutem,
1290 2691 1346 2739 et
1374 2683 1480 2739 iste
1504 2684 1651 2739 solus
1678 2690 1762 2739 est
1789 2700 1969 2740 verus.
1997 2686 2150 2744 Tunc
2170 2689 2316 2744 enim

308 2794 425 2833 non
473 2773 749 2845 diligimus
792 2766 1096 2851 proximum
1134 2778 1360 2845 propter
1396 2771 1600 2827 bonum
1646 2778 1912 2840 nostrum,
1951 2778 2048 2831 sed
2093 2785 2315 2848 propter

306 2880 498 2924 suum.
524 2860 829 2919 Secundum
854 2870 957 2928 est,
989 2862 1139 2939 quod
1173 2859 1439 2919 debemus
1466 2860 1694 2929 diligere
1720 2861 1990 2928 ordinate,
2016 2870 2079 2918 ut
2103 2863 2314 2919 scilicet

305 2970 425 3010 non
462 2950 754 3023 diligamus
792 2964 919 3005 eum
945 2946 1112 3025 supra
1140 2950 1334 3031 Deum,
1364 2947 1453 3027 yel
1489 2952 1752 3021 quantum
1798 2949 1990 3016 Deum,
2023 2950 2119 3005 sed
2157 2952 2318 3023 juxta

306 3045 458 3098 sicut
486 3041 719 3111 teipsum
744 3038 913 3094 debes
938 3038 1187 3115 diligere.
1220 3037 1467 3107 cantico.
1495 3052 1582 3093 ιι.
1615 3035 1952 3093 ordinavit
1930 3054 1990 3093 m
2021 3054 2104 3095 me
2130 3040 2315 3095 chari·-

308 3137 496 3189 tatem.
528 3128 683 3183 Hunc
704 3127 951 3183 ordinem
974 3126 1163 3201 docuit
1186 3126 1451 3205 Dominus
1468 3126 1670 3203 Metto.
1701 3125 1965 3193 x,dicens
1994 3144 2006 3182 :
2037 3128 2144 3194 Qui
2167 3135 2313 3185 amat

296 3221 655 3292 'pati-emaus
680 3213 907 3269 matrim
924 3210 1053 3292 pleis
1068 3198 1226 3285 duum
1251 3228 1350 3281 me,
1371 3227 1481 3268 non
1507 3218 1584 3269 est
1609 3227 1690 3267 me
1713 3211 1923 3285 dignus.
1945 3214 2022 3271 Ec
2045 3216 2141 3287 qui
2164 3224 2313 3275 amat
2352 3203 2358 3208 ’

304 3308 507 3379 filium,
536 3310 633 3359 aut
651 3303 821 3373 filiam
843 3302 1005 3373 super
1029 3304 1269 3381 'rnejno'n
1296 3307 1374 3358 est
1400 3316 1484 3357 mo
1511 3300 1722 3373 dianus.
1748 3301 1997 3383 Tertium
2028 3310 2130 3371 est,
2161 3307 2307 3378 quod

304 3394 577 3451 debemus
602 3406 727 3447 eum
755 3391 981 3462 diligere
1010 3390 1323 3447 efficaciter.
1353 3391 1485 3447 Non
1515 3390 1661 3446 enim
1687 3396 1744 3446 te
1779 3390 1955 3447 solum
1981 3392 2182 3465 diligis,
2211 3395 2306 3450 sed

304 3484 481 3541 etiam
498 3494 763 3557 procuras
780 3478 1023 3535 studiose
1042 3478 1149 3535 -tibi
1178 3480 1337 3546 bona,
1360 3487 1416 3536 et
1434 3479 1580 3536 vitas
1607 3479 1876 3537 mala.Sic
1902 3496 2122 3555 quoque
2144 3481 2311 3537 debes

302 3567 495 3628 facere
532 3566 802 3641 proximo.
810 3568 1045 3623 IJoan.
1079 3582 1192 3623 111:
1192 3563 1345 3625 Νοη
1381 3566 1669 3639 diligamus
1699 3568 1876 3634 verbo,
1901 3584 2066 3641 neque
2103 3568 2311 3641 linqua,

296 3658 401 3719 sed
421 3673 577 3730 opere
604 3662 655 3711 et
679 3655 935 3711 verium.-
957 3654 1065 3711 Sed
1098 3662 1248 3710 certe
1272 3653 1350 3708 illi
1380 3655 1600 3725 pessimi
1628 3664 1775 3723 sunt,
1803 3656 1899 3729 qui
1933 3672 2029 3712 ore
2055 3655 2309 3739 diligunt,

297 3756 363 3808 et
388 3746 556 3803 corde
588 3748 806 3810 nocent,
838 3743 909 3800 de
936 3743 1136 3817 quibus
1174 3737 1615 3801 Psalm.xxv11.
1641 3744 1968 3816 Loquuntur
1989 3760 2170 3817 pacem
2196 3761 2312 3805 cum

292 3835 688 3919 proximosuo,
696 3833 859 3889 mala
886 3838 1065 3889 autem
1093 3831 1155 3887 in
1172 3830 1416 3887 cordibus
1435 3841 1636 3887 horum
1656 3830 1850 3904 Apostss
1876 3832 2170 3893 Romanor.
2184 3834 2310 3893 xn'·

288 3922 539 3985 Dilectio
569 3922 686 3978 sine
715 3920 1073 3977 simulatione.
1108 3919 1395 3989 Quartum,
1428 3918 1576 3993 quod
1610 3918 1874 3977 debemus
1913 3936 2040 3980 eum
2083 3922 2312 3995 diligere

656 4098 683 4129 ο
826 4035 1068 4087 &⁵1an!
1099 4035 1190 4089 Ao·
1222 4034 1803 4087 oruscuu.—1.—n
