2850 4517
872 335 925 382 1.
954 351 1036 368 -
1060 337 1462 384 commotum
1512 341 1878 390 muozoem
2257 337 2380 405 205

377 463 619 509 errorem
656 447 870 506 tollitur
908 451 1173 508 orationis
1208 452 1472 526 fructus:
1516 472 1644 514 nam
1689 458 1736 514 si
1779 461 2094 521 necessitati
2135 466 2378 526 siderum

375 538 489 596 vita
529 544 718 596 nostra
762 538 1070 613 subjicitur,
1112 557 1221 598 non
1262 552 1445 615 potest
1489 543 1636 602 circa
1677 547 1780 604 hoc
1825 549 2029 624 aliquid
2074 553 2374 614 immutari.

376 626 599 684 Frustra
634 627 802 699 igitur
840 629 1049 688 orando
1078 637 1405 701 peteremus,
1437 633 1526 689 vel
1567 634 1752 709 aliqua
1794 637 1937 696 bona
1980 647 2259 718 consequi,
2289 647 2376 703 vel

373 715 594 790 liberari
630 731 663 772 a
692 716 869 776 malis.
898 718 972 775 Ut
1003 719 1171 792 igitur
1198 734 1301 776 nec
1338 720 1445 792 hoc
1481 725 1758 781 orantium
1789 727 2006 786 fiduciae
2036 731 2199 801 obsit,
2229 736 2376 792 dici-

371 821 511 870 mue,
541 804 647 871 Qui
668 821 721 862 es
743 807 805 862 iu
826 806 985 874 coelis,
1006 807 1063 864 id
1086 815 1191 874 est,
1216 814 1500 884 tamquam
1523 819 1702 868 motor
1735 820 1792 872 et
1823 818 2136 877 moderator
2163 839 2376 884 eorum

372 892 438 950 Et
477 891 563 948 sic
594 910 692 966 per
719 893 981 967 virtutem
1024 893 1333 953 coelestium
1372 913 1663 971 corporum
1707 903 1970 963 auxilium
2011 908 2158 979 quod
2195 927 2228 967 a
2261 914 2375 970 Deo

368 998 673 1055 speramuS,
703 982 957 1056 impediri
976 998 1085 1039 non
1118 991 1316 1056 potest.
1341 987 1448 1044 Sed
1479 989 1646 1045 etiam
1675 991 1744 1046 ad
1773 992 1876 1049 hoc
1913 995 2060 1068 quod
2085 1001 2263 1056 oratio
2303 1001 2376 1060 sit

367 1071 563 1128 efficax
586 1071 732 1143 apud
774 1073 965 1138 Deum,
998 1080 1233 1145 oportet
1255 1080 1315 1130 ut
1359 1091 1425 1132 ea
1454 1084 1607 1148 petat
1653 1077 1834 1148 homo,
1867 1099 1992 1155 quae
2029 1085 2254 1158 dignum
2291 1098 2377 1148 est

365 1169 619 1234 spectare
656 1176 689 1216 a
727 1161 865 1217 Deo.
891 1157 1105 1217 Dicitur
1130 1163 1287 1219 enim
1332 1164 1679 1238 quibusdam,
1710 1169 1898 1226 Jacob.
1947 1189 2050 1228 1v:
2082 1176 2295 1244 Pelius,
2325 1188 2378 1237 et

364 1267 471 1305 non
524 1249 789 1322 accipitis,
842 1266 900 1305 eo
953 1249 1090 1321 quod
1123 1251 1262 1308 male
1290 1253 1508 1324 palatie.
1549 1255 1646 1312 Illa
1689 1259 1836 1321 enim
1883 1261 2026 1318 male
2077 1273 2374 1338 petuntur;

364 1353 493 1409 quae
520 1343 733 1392 terrena
760 1336 1031 1408 sapientia
1071 1339 1333 1412 suggerit,
1378 1357 1486 1396 non
1528 1343 1788 1413 coelestis·
1820 1346 1891 1403 Et
1929 1347 2054 1406 ideo
2098 1353 2374 1427 chrysos-

366 1435 549 1482 tomus
599 1424 775 1482 dicit·
810 1445 837 1478 α
878 1427 1013 1482 Cum
1063 1426 1343 1484 dicimus.
1381 1429 1486 1496 Qui
1526 1447 1580 1488 es
1622 1432 1684 1488 iu
1726 1435 1884 1501 coelis,
1923 1452 2030 1493 non
2072 1439 2248 1499 Deum
2296 1444 2372 1500 ibi

361 1514 759 1586 concludimus,
793 1495 889 1570 sed
932 1531 964 1572 a
1002 1521 1150 1572 terra
1190 1516 1483 1575 abducitur
1529 1522 1736 1578 orantis
1779 1525 2013 1594 animuS,
2045 1536 2102 1585 et
2141 1530 2374 1589 excelsis

362 1603 681 1676 regionibus
708 1603 949 1676 affigitur
981 1623 1031 1659 ».
1061 1605 1158 1662 Est
1182 1612 1367 1676 autem
1406 1613 1466 1663 et
1491 1608 1638 1666 aliud
1681 1613 1964 1682 orationis,
1995 1616 2112 1674 sive
2155 1619 2372 1680 fiduciae

361 1694 833 1766 impedimentum,
872 1693 1019 1766 quod
1060 1707 1226 1750 orans
1262 1693 1430 1752 habet
1453 1696 1526 1752 de
1569 1698 1704 1765 Deo,
1739 1700 1949 1758 scilicet
1977 1705 2024 1759 si
2066 1712 2221 1777 putet
2265 1709 2372 1764 ali-

358 1783 491 1856 quis
528 1782 824 1854 humanam
869 1781 1041 1838 vitam
1082 1796 1115 1838 a
1150 1781 1349 1838 divina
1390 1785 1735 1856 providentia
1778 1804 1898 1846 esse
1943 1801 2364 1867 remotam,.se-

355 1871 607 1926 cundum
634 1868 779 1941 quod
799 1884 867 1923 ex
894 1882 1127 1940 persona
1147 1869 1438 1942 impiorum
1462 1872 1662 1948 dicitur
1684 1875 1807 1932 Job.
1829 1893 1961 1935 xxn
1985 1897 2000 1934 ε
2027 1881 2210 1940 Nubes
2235 1887 2370 1944 lati-

354 1959 550 2014 bulum
576 1951 834 2028 ejus,'uec
858 1962 1047 2012 nostra
1070 1956 1389 2022 considerat,
1419 1966 1473 2015 et
1503 1958 1648 2017 circa
1671 1962 1917 2020 cardines
1945 1969 2058 2023 coeli
2079 1974 2374 2041 perambu-

353 2047 459 2102 lat.
492 2045 565 2102 Et
592 2042 788 2100 Ezech.
815 2059 971 2100 vm:
999 2043 1125 2102 Nou
1153 2043 1296 2101 videt
1322 2045 1586 2103 Dominus
1612 2065 1744 2106 nos:
1769 2051 2091 2126 derelinquit
2112 2060 2373 2120 Dominus

357 2141 591 2192 terram.
610 2132 959 2203 Contrarium
978 2117 1162 2189 autem
1185 2136 1377 2206 Apost.
1405 2135 1604 2192 Paulus
1623 2137 2045 2200 Atheniensibus
2066 2149 2369 2220 praedicans

357 2221 622 2300 ostendit,
655 2221 887 2277 dicens.
918 2219 1049 2280 Nou
1090 2221 1241 2294 lonye
1281 2229 1357 2278 est
1391 2222 1460 2279 ab
1487 2239 1792 2300 unoquoque
1836 2239 2102 2301 nostrum,
2151 2235 2212 2293 iu
2258 2238 2371 2312 ipso
2407 2281 2410 2286 -

358 2313 505 2373 euim
551 2309 823 2377 vivimus,
870 2325 1165 2380 movemur,
1214 2317 1267 2368 et
1313 2327 1524 2378 sumus,
1578 2315 1709 2388 quia
1765 2317 1977 2378 scilicet
2028 2340 2124 2396 per
2187 2326 2368 2400 ipsum

358 2409 610 2460 nostrum
638 2414 759 2456 esse
794 2406 1169 2466 conservatur,
1200 2400 1317 2457 vita
1350 2399 1708 2473 gubernatur,
1739 2415 1918 2466 motus
1957 2409 2232 2485 dirigitur,
2274 2433 2368 2474 se-

358 2491 602 2549 cundum
638 2487 773 2546 illud
794 2489 923 2567 Sap.
955 2503 1101 2546 xlv:
1140 2488 1256 2546 Tua
1280 2495 1479 2562 autem,
1507 2498 1685 2562 pater,
1709 2497 2052 2566 providentia
2097 2502 2162 2560 ab
2209 2504 2368 2562 initio

357 2586 551 2639 cuncta
583 2577 865 2652 puberuat,
896 2585 1109 2636 tantum
1149 2579 1295 2653 quod
1322 2595 1423 2636 uec
1453 2581 1580 2652 ejus
1604 2583 1964 2655 providentiae
1993 2590 2367 2650 minimauni-⁴

358 2668 529 2728 maiia
556 2665 969 2736 subtrahuntur,
995 2667 1296 2724 secundum
1319 2667 1451 2722 illud
1475 2669 1667 2725 Matth.
1692 2685 1732 2726 x
1755 2687 1768 2726 :
1791 2672 1986 2731 Nonne
2006 2677 2108 2732 cluo
2125 2696 2367 2751 passeres

358 2775 473 2816 asse
500 2761 747 2823 veneunt,
782 2766 835 2812 et
866 2770 1018 2812 uuus
1057 2769 1124 2810 ex
1155 2753 1267 2810 illis
1286 2755 1402 2812 ‘uon
1443 2753 1592 2812 cadet
1629 2772 1790 2830 super
1817 2765 2022 2836 terram
2057 2763 2174 2820 siue
2205 2776 2368 2838 patre

358 2853 534 2904 vestro
553 2845 584 2902 P
613 2843 793 2904 Vestri
832 2849 1013 2900 autem
1056 2846 1111 2897 et·
1144 2839 1327 2912 capilli
1367 2839 1560 2910 capitis
1595 2858 1770 2898 omues
1812 2852 2088 2907 numerati
2124 2861 2269 2914 sunt.
2307 2857 2366 2912 In

359 2941 580 2992 tantum
603 2939 787 2990 tamen
804 2928 1177 2990 excellentiori
1198 2927 1360 2984 modo
1383 2925 1488 2984 sub
1511 2943 1643 2984 cura
1665 2929 1848 2987 divina
1873 2933 2122 2994 homines
2149 2952 2366 3012 ponun-

361 3030 469 3091 tur,
505 3030 567 3080 ut
604 3021 798 3078 horum
843 3017 1253 3093 comparatione
1281 3016 1431 3073 dicat
1457 3018 1650 3089 Apost.
1685 3017 1851 3077 :Non
1876 3029 1952 3080 est
1975 3041 2109 3083 cura
2149 3028 2260 3085 Deo
2304 3032 2367 3105 de

359 3109 539 3179 bobus,
566 3125 678 3166 non
708 3107 857 3183 quod
894 3106 1115 3164 omnino
1138 3121 1329 3163 eorum
1363 3121 1556 3163 curam
1583 3121 1692 3162 non
1719 3106 1940 3180 habeat,
1969 3114 2063 3172 sed
2097 3118 2227 3192 quia
2264 3137 2366 3180 nec

360 3201 443 3258 sic
468 3215 663 3257 eorum
704 3212 896 3255 curam
920 3195 1088 3253 habet
1120 3199 1183 3253 ut
1210 3194 1513 3262 hominum,
1542 3211 1680 3271 quos
1711 3198 1894 3270 punit,
1926 3208 2022 3260 aut
2051 3218 2366 3268 remunerat

360 3305 459 3364 pro
500 3269 679 3354 bonis,
712 3291 809 3344 aut
849 3284 1028 3354 malis,
1065 3289 1121 3340 et
1168 3299 1263 3340 eos
1303 3283 1375 3340 ad
1412 3285 1779 3342 aeternitatem
1821 3293 2194 3360 praeordinat:
2223 3300 2365 3355 unde

362 3385 417 3435 et
440 3383 567 3451 post
593 3377 876 3450 praemissa
898 3371 1067 3432 verba
1087 3372 1351 3430 Dominus
1379 3372 1632 3431 subdit.:
1667 3374 1844 3434 Vestri
1869 3385 2044 3436 autem
2067 3384 2250 3456 capilli
2271 3404 2366 3443 ca-

355 3467 491 3540 pitis
518 3481 698 3523 omnes
724 3460 999 3520 numerali
1023 3469 1172 3528 suut,
1203 3468 1467 3535 tanquam
1492 3467 1669 3519 totum
1699 3464 1846 3539 quod
1883 3475 1968 3524 est
2009 3467 2261 3541 hominiS,
2291 3477 2365 3533 sit

284 3621 292 3628 q
351 3545 413 3612 in
436 3552 844 3614 resurrectione
884 3550 1269 3625 reparandum,
1300 3557 1357 3606 et
1382 3567 1451 3608 ex
1474 3549 1580 3606 hoc
1607 3553 1784 3610 omnis
1815 3554 2117 3632 diffidentia
2143 3577 2176 3618 a
2209 3563 2364 3622 nobis

362 3641 526 3700 debet
547 3639 817 3698 excludi.
847 3639 991 3695 unde
1024 3645 1081 3694 et
1107 3635 1312 3692 ibidem
1342 3635 1566 3695 subdit·
1591 3638 1771 3698 Nolite
1795 3658 1917 3715 erqo
1944 3643 2149 3702 timere.
2175 3648 2366 3708 Multis

356 3721 663 3802 passeribus
696 3727 878 3802 pluris
904 3725 1030 3784 estis
1052 3741 1162 3782 vos.
1202 3725 1273 3782 Et
1297 3732 1519 3799 propter
1565 3726 1686 3796 hoc,
1717 3736 1778 3787 ut
1818 3747 1983 3806 supra
2011 3734 2218 3794 dictum
2259 3749 2362 3808 est,

292 3824 298 3829 “
362 3817 415 3876 in
444 3819 594 3877 Psal.
619 3833 808 3890 xxxv,
839 3814 1077 3875 dicitur·
1103 3810 1241 3872 Filii
1266 3813 1540 3872 hominum
1569 3817 1628 3872 in
1649 3819 1876 3891 teqmiue
1908 3823 2120 3899 alarum
2143 3829 2366 3907 tuarum

361 3908 698 3984 sporabum:
727 3912 787 3967 et
820 3901 1072 3982 quamvis
1104 3911 1336 4002 propter
1360 3903 1654 4016 specialem
1680 3922 1870 3971 curam
1905 3901 2156 3976 omnibus
2182 3901 2365 3978 homs-

1572 4132 1676 4142 eu—
