2850 4517
603 399 689 444 v1.
718 416 798 429 —
824 400 1112 444 orricium
1159 401 1233 442 nte
1277 401 1463 444 πετο
1506 402 1798 447 conpoms
1842 405 2079 450 cnmsn
2223 391 2339 453 381

334 516 635 590 aliquando
660 521 773 571 tam
798 515 1022 587 grandis
1052 515 1220 582 nati0,
1248 531 1372 588 quae
1415 515 1615 573 habeat
1656 518 1798 573 Deos
1842 521 2338 594 appropinquantes

332 607 460 674 sibi,
490 606 635 661 sicut
665 604 820 660 adest
842 605 997 659 nobis
1023 605 1168 659 Deus
1194 612 1399 660 noster.
1429 605 1752 676 Unigenitus
1779 607 2049 678 siquidem
2076 609 2172 664 Dei
2199 610 2337 665 filius

332 708 451 749 suae
500 691 811 746 divinitatis
864 689 1051 745 volens
1102 704 1199 745 nos
1249 704 1370 744 esse
1424 690 1738 763 participeS‚
1794 699 2045 748 naturam
2098 700 2336 752 nostram

334 781 654 854 assumpsit,
684 787 740 836 ut
787 778 1035 836 homines
1063 779 1178 834 Deo
1206 778 1410 834 faceret
1441 778 1619 835 sactus
1660 786 1840 836 homo·
1868 781 1936 837 Et
1976 781 2077 837 hoc
2123 799 2337 856 insuper

333 871 482 946 quod
514 869 584 924 de
604 875 791 924 nostro
818 868 1133 939 assumpsit,
1166 873 1343 923 totum
1369 867 1526 922 nobis
1553 868 1784 924 contulit
1816 869 1882 923 ad
1919 869 2170 926 salutem.
2201 873 2338 927 Cor-

332 976 439 1034 pus
460 973 695 1028 namque
724 971 882 1012 suum
907 970 1007 1019 nro
1044 961 1231 1012 nostra
1262 955 1706 1011 reconciliatione
1751 955 1804 1011 in
1834 971 1962 1012 arca
1998 958 2175 1014 crucis
2212 960 2343 1014 hos-

336 1049 473 1104 tiam
498 1046 698 1101 obtulit
723 1045 838 1101 Deo
868 1044 1039 1100 Patri.
1064 1042 1392 1114 Sanguinem
1435 1058 1593 1098 suum
1620 1043 1760 1100 fudit
1806 1042 1862 1099 in
1900 1045 2135 1116 pretium
2181 1046 2338 1102 simul

336 1143 394 1192 et
422 1137 719 1200 lavacrum,
746 1141 808 1187 ut
836 1132 1102 1204 redempti
1134 1146 1165 1186 a
1189 1129 1486 1187 miserabili
1512 1131 1796 1200 servitute,
1827 1148 1856 1188 a
1891 1135 2134 1206 peccatis
2158 1136 2338 1190 omni-

337 1223 440 1279 bus
466 1227 873 1278 mundaremur.

410 1307 1141 1384 Resp.1mmolabithaedum
1173 1306 1466 1363 multitudo
1491 1307 1724 1364 filiorum
1754 1309 1918 1366 lsrael
1949 1310 2017 1366 ad
2055 1325 2338 1382 vesperam

336 1400 582 1456 Paschae.
608 1399 676 1454 Et
698 1399 861 1454 edent
890 1411 1099 1464 carnes,
1132 1403 1188 1452 et
1214 1410 1434 1467 azymos
1463 1411 1652 1468 panes.

417 1487 568 1546 Vers.
589 1486 794 1544 Pascha
824 1491 1069 1542 nostrum
1099 1483 1412 1540 immolatus
1439 1491 1522 1540 est
1547 1483 1815 1554 Christus,
1846 1484 2035 1559 itaque
2054 1486 2336 1558 epulemur
2394 1539 2398 1544 ,

337 1577 394 1635 in
426 1578 633 1650 azymis
659 1577 1015 1644 sinceritatis,
1042 1581 1099 1631 et
1122 1573 1393 1629 veritatis·
1422 1573 1492 1628 Et
1520 1573 1706 1629 edent.
1788 1597 1797 1603 ¹

1122 1772 1431 1840 LECTIO
1477 1773 1562 1840 ΙΙ.

407 1936 481 1991 Ut
511 1937 693 1989 autem
724 1929 865 1986 tanti
892 1927 1142 1984 beneficii
1163 1928 1311 2000 jugis
1340 1928 1393 1982 in
1432 1925 1590 1983 nobis
1621 1936 1866 1983 maneret
1907 1930 2190 1996 momoria,
2213 1946 2341 1986 cor-

338 2039 443 2098 pus
489 2035 649 2077 suum
704 2018 757 2074 in
809 2016 1011 2086 cibum,
1038 2025 1094 2074 et
1142 2013 1463 2087 sanguinem
1505 2031 1663 2070 suum
1706 2015 1759 2070 in
1795 2021 1984 2088 potum
2019 2016 2121 2072 sub
2159 2020 2340 2090 specie

336 2111 496 2185 panis
521 2116 577 2166 et
605 2107 716 2164 vini
746 2116 1069 2171 sumendum
1100 2104 1349 2161 fidelibus
1386 2103 1699 2177 dereliquit.
1727 2102 1772 2159 Ο
1800 2110 2100 2175 pretiosum
2141 2113 2197 2160 et
2239 2109 2338 2162 ad-

339 2199 649 2257 mirandum
681 2194 1011 2265 convIvium,
1057 2193 1423 2259 salutiferum,
1454 2198 1523 2276 et·
1544 2196 1690 2246 omni
1733 2191 2007 2248 suavitate
2049 2194 2339 2266 repletum·
2412 2227 2418 2236 ·

339 2289 483 2361 Quid
511 2288 653 2342 enim
684 2284 786 2341 hoc
810 2282 1061 2339 convivio
1090 2283 1381 2354 pretiosius
1413 2297 1534 2336 esse
1561 2285 1762 2352 potest,
1797 2281 1849 2335 in
1881 2296 1988 2351 quo
2015 2296 2118 2337 non
2146 2298 2338 2338 carnes

339 2377 637 2435 vitulorum
663 2380 719 2429 et
747 2373 1039 2438 hircorum,
1073 2379 1135 2426 ut
1162 2371 1290 2427 olim
1322 2371 1374 2424 in
1403 2369 1540 2440 lege,
1568 2368 1662 2424 sed
1691 2367 1847 2425 nobis
1882 2370 2177 2426 sumendus
2208 2386 2338 2443 pro-

340 2467 558 2542 ponitur
586 2463 834 2520 Christus
868 2476 1031 2518 verus
1074 2461 1238 2514 Deus.
1268 2458 1410 2527 Quid
1448 2457 1552 2513 hoc
1592 2457 1946 2514 sacramento
1994 2459 2340 2515 mirabilius?

340 2560 403 2614 In
429 2556 548 2628 ipso
589 2567 824 2615 namque
862 2548 1018 2622 panis
1058 2555 1115 2604 et
1151 2549 1337 2604 vinum
1368 2548 1421 2601 in
1465 2545 1665 2603 Christi
1706 2561 1904 2619 corpus
1927 2553 1983 2602 et
2019 2550 2338 2620 sanguinem

341 2639 773 2702 substantialiter
825 2643 1237 2692 convertuntur.
1282 2635 1521 2698 Ideoque
1571 2631 1818 2690 Christus
1874 2635 2036 2703 Deus,
2077 2644 2132 2691 et
2176 2636 2337 2693 homo

342 2732 639 2806 perfectus,
664 2726 768 2782 sub
794 2723 990 2780 modici
1021 2722 1177 2796 panis
1199 2728 1253 2777 et
1282 2721 1395 2779 vini
1419 2720 1603 2792 specie
1627 2721 1961 2782 continetur.

412 2821 572 2891 Resp.
596 2813 905 2872 Comedetis
926 2826 1138 2879 carnes,
1167 2817 1223 2866 et
1244 2809 1622 2866 saturabimini
1642 2809 1893 2879 panibus.
1910 2810 2020 2866 Iste
2047 2815 2130 2866 est
2158 2780 2332 2924 panis,

341 2926 509 2984 quem
536 2905 688 2962 dedit
715 2891 870 2959 vobis
897 2899 1159 2956 Dominus
1189 2899 1256 2954 ad
1287 2897 1634 2953 vescendum.

420 2998 571 3058 Vers.
591 2995 713 3050 Non
746 2991 959 3063 Moyses
997 2987 1147 3044 dedit
1174 2986 1328 3044 vobis
1351 3001 1548 3059 panem
1571 2984 1640 3041 de
1659 2984 1826 3062 coelo‚
1854 2984 1950 3042 sed
1992 2994 2149 3060 pater
2185 3004 2338 3048 meus
2431 3064 2436 3068 ¹

343 3088 440 3145 dat
464 3083 620 3143 vobis
638 3094 838 3164 panem
862 3077 931 3135 de
955 3077 1095 3135 coelo
1124 3092 1334 3134 verum.
1360 3077 1490 3132 Iste.

1105 3226 1414 3342 LEcT1o
1461 3271 1576 3340 111.

413 3439 773 3498 Manducatur
808 3435 995 3507 itaque
1024 3447 1056 3488 a
1084 3430 1353 3500 fidelibus,
1380 3431 1477 3487 sed
1518 3430 1740 3487 minime
1777 3429 2065 3499 laceratur,
2092 3431 2334 3504 quinimo

341 3530 521 3587 diviso
546 3528 897 3585 sacramento
926 3525 1136 3592 integer
1172 3519 1274 3576 sub
1308 3519 1554 3592 qualibet
1587 3519 1870 3576 divisionis
1911 3519 2180 3592 particula
2210 3537 2340 3592 per-

344 3622 582 3677 severat.
608 3612 927 3670 Accidentia
968 3614 1151 3666 autem
1186 3623 1302 3664 sine
1338 3608 1584 3680 subjecto
1617 3608 1675 3663 in
1701 3607 1894 3664 eodem
1925 3606 2248 3675 subsistunt,
2282 3621 2342 3666 ut

344 3707 482 3764 fldes
510 3706 688 3761 locum
707 3700 927 3768 habeat,
943 3687 1073 3755 dum
1097 3696 1309 3755 visibile
1333 3696 1681 3752 invisibiliter
1703 3696 1936 3753 sumitur
1961 3693 2136 3751 aliena
2161 3699 2342 3769 specie

346 3794 702 3859 occultatum,
730 3798 786 3847 et
825 3802 1019 3845 sensus
1054 3803 1087 3844 a
1132 3778 1456 3856 deceptione
1497 3783 1797 3840 reddantur
1829 3785 2116 3850 immunes,
2150 3784 2245 3855 qui
2274 3784 2342 3840 de

345 3880 721 3940 accidentibus
751 3878 997 3951 judicant
1026 3874 1129 3930 sibi
1168 3873 1331 3928 notis,
1365 3869 1585 3926 Nullum
1615 3870 1781 3926 etiam
1804 3865 2230 3928 'Sacramentum
2259 3883 2343 3928 est

346 3973 455 4030 isto
475 3969 773 4036 salubrius,
796 3982 905 4041 quo
934 3969 1235 4037 purgantur
1258 3964 1505 4035 peccata,
1529 3959 1764 4017 virtutes
1791 3968 2079 4032 augentur,
2111 3966 2167 4016 et
2190 3975 2344 4018 mens
