2850 4517
533 414 697 480 276
930 399 1066 474 ’“·s‘.
1108 398 1347 472 &noum
1386 417 1716 497 sommus
1757 421 2070 469 opuscum

534 549 649 607 Alii·
672 547 911 606 animam
938 542 1237 602 auferendo
1264 537 1688 614 vitam'gratiae,
1729 539 1999 597 trahendo
2027 537 2240 598 scilicet
2263 539 2335 598 ed
2359 555 2553 613 pecca-

536 623 653 695 tu‘ni
680 634 931 693 mortale.
954 634 1117 692 'Joan.
1152 647 1264 690 vm
1294 647 1309 686 ε
1340 630 1439 689 Ille
1465 629 1726 686 homicida
1749 634 1870 686 erat
1893 627 1956 684 ab
1995 628 2179 696 initio,
2209 628 2266 686 in
2291 639 2555 704 quantum

535 724 749 784 scilicet
777 722 948 781 traxit
984 721 1054 780 ad
1082 726 1391 795 peccatum.
1422 718 1533 776 Alii
1574 725 1760 777 autem
1789 724 2107 792 utrumque,
2149 723 2206 775 et
2239 717 2347 775 hoc
2375 719 2556 794 dupli-

534 816 696 873 citer.
717 813 943 870 Primo
930 829 988 868 ιιι
1011 810 1385 869 destructione
1413 807 1852 882 praegnantium3
1881 806 2211 864 occiduntur
2235 807 2383 864 enim
2405 808 2558 881 pueri

534 906 593 962 in
620 912 849 979 corpore
876 887 931 959 e't
960 900 1016 957 in
1044 899 1275 957 anima·
1302 897 1544 954 secundo
1573 894 1950 953 interficiendo
1980 895 2246 969 seipsum.

591 993 733 1053 Non
764 990 981 1057 occides,
1011 997 1122 1046 etc.
1152 986 1403 1044 Christus
1425 984 1604 1042 datin
1627 983 1922 1055 Evangelio
1945 983 2143 1040 Matth.
2171 1001 2227 1052 v,
2262 985 2558 1057 quamdam

538 1081 848 1140 doctrinam
873 1094 999 1154 quae
1036 1083 1139 1145 est,
1172 1075 1315 1149 quod
1336 1073 1560 1148 justitia
1595 1077 1781 1130 nostra
1805 1071 1970 1128 debet
1997 1087 2118 1128 esse
2148 1073 2324 1146 maJor
2341 1075 2558 1146 justitia

467 1177 473 1182 '
537 1172 677 1244 legis
707 1186 722 1225 ε
764 1169 909 1225 unde
936 1167 1099 1224 docet
1126 1163 1424 1237 perfectius
1456 1161 1667 1220 servari
1695 1158 1957 1218 mandata
1985 1160 2123 1233 legis
2151 1179 2185 1220 a
2219 1163 2556 1233 christianis,

538 1255 709 1334 quam
728 1257 912 1316 ‘Judaei
940 1257 1298 1336 servaverunt
1330 1269 1343 1308 t
1382 1258 1439 1308 et
1472 1251 1615 1308 ratio
1643 1250 1805 1323 hujus
1842 1250 2111 1332 esu-quia
2141 1251 2336 1323 maj0ri
2374 1251 2560 1310 labore

537 1347 842 1422 acquiritur
879 1346 1055 1418 major
1084 1357 1312 1410 merceS,
1330 1341 1417 1397 ·211.·
1447 1339 1630 1397 Corin.
1663 1353 1728 1396 rx
1759 1356 1774 1395 ε
1807 1337 1911 1406 Qui
1932 1355 2098 1412 parce
2123 1340 2372 1407 seminat,
2395 1357 2562 1414 parce

536 1430 607 1493 ιε’
631 1441 811 1495 metet.
864 1435 926 1491 In
981 1433 1101 1505 lege
1150 1431 1298 1488 enim
1332 1427 1808 1502 promittebantur
1853 1427 2175 1501 temporalia
2216 1434 2272 1485 et
2313 1436 2557 1488 terrena.

536 1526 646 1583 Isa.
692 1540 714 1581 1
742 1541 759 1580 t
795 1521 853 1580 Si
881 1519 1179 1586 volueritis,
1219 1527 1272 1578 et
1294 1516 1582 1575 audieritis
1609 1533 1710 1582 me,
1752 1515 1888 1573 bona
1913 1523 2075 1574 terroe
2101 1515 2374 1574 comeditis
2401 1535 2426 1575 .·
2460 1519 2558 1575 sed

534 1613 597 1670 in
623 1613 745 1686 lege
772 1605 971 1668 nostra‘
987 1608 1382 1683 promittuntur
1410 1605 1660 1664 coelestia
1682 1611 1740 1662 et
1766 1612 1978 1664 aeterna
2003 1621 2017 1662 z
2042 1620 2166 1678 ergo
2184 1605 2404 1678 justitia
2425 1623 2564 1680 quae

538 1704 625 1759 est
652 1698 1001 1757 observantia
1034 1694 1438 1762 mandatorum,
1472 1693 1965 1762 debetabundare,
1999 1709 2123 1751 cum
2148 1693 2322 1766 major
2351 1710 2563 1768 expec-

537 1789 689 1846 tetur
715 1801 945 1846 merces.
974 1785 1121 1842 Inter
1149 1784 1265 1842 alia·
1289 1776 1477 1841 autem
1515 1790 1793 1856 praecepta
1832 1782 1966 1839 facit
1993 1782 2326 1839 mentionem
2353 1783 2424 1838 de
2453 1783 2562 1840 isto

540 1859 767 1944 dicenS‚¹
782 1872 978 1934 matth.
1006 1889 1044 1932 v
1076 1889 1089 1930 ι
1120 1867 1365 1939 Auditis,
1390 1871 1528 1945 quod
1553 1871 1754 1929 dictum
1775 1877 1852 1930 est
1878 1871 2164 1946 antiquis:
2187 1871 2316 1931 Non
2337 1871 2556 1928 occides.

536 1957 655 2040 Eho
690 1965 869 2023 autem
906 1963 1023 2020 dico
1063 1963 1225 2031 vobis,
1256 1963 1384 2034 quia
1410 1960 1583 2018 omnis
1623 1960 1716 2034 qai
1751 1959 2017 2018 irascitur
2049 1960 2229 2033 fratri
2270 1977 2390 2029 sao,
2433 1977 2560 2017 reus

536 2055 645 2112 erit
672 2053 902 2127 iudicio,
951 2051 1013 2109 'id
1050 2058 1148 2120 cst,
1190 2067 1347 2125 poena
1384 2065 1544 2124 quam
1588 2050 1674 2107 lex
1714 2047 2070 2122 adjudicavit.
2101 2049 2276 2107 Exod.
2305 2065 2432 2117 xxr,
2463 2049 2559 2106 ubi

538 2143 745 2200 dicitur
791 2157 806 2198 ι
838 2140 899 2198 Si
937 2139 1057 2213 qais
1074 2155 1179 2212 per
1200 2138 1530 2197 industriam
1557 2137 1810 2194 occiderit
1843 2137 2156 2210 proximum
2181 2153 2358 2204 caum,
2387 2143 2440 2194 ct
2459 2154 2563 2210 per

536 2227 789 2298 insidias,
813 2227 879 2286 ab
906 2227 1080 2284 altari
1105 2242 1216 2284 mco
1243 2225 1433 2284 avelles
1457 2242 1576 2284 eum
1597 2233 1658 2284 at
1682 2225 1976 2284 moriatur.
2006 2225 2180 2284 Debet
2209 2232 2395 2282 autem
2431 2226 2562 2300 qui-

538 2308 675 2376 libet
718 2319 963 2393 quinque
989 2314 1169 2396 modis
1213 2315 1285 2373 ab
1324 2315 1409 2372 ira
1451 2330 1671 2373 cavere.
1712 2314 1912 2383 Primo,
1957 2331 2028 2372 ne
2054 2313 2167 2372 cito
2208 2323 2558 2388 provocetur.

537 2404 727 2464 Jacob.
760 2392 800 2461 ι’
830 2421 846 2460 2
876 2403 959 2461 Sit
986 2410 1159 2460 omnis
1198 2403 1347 2461 homo
1389 2403 1540 2461 velooe
1566 2403 1640 2460 ad
1663 2403 2010 2470 audiendam,
2041 2403 2232 2461 tardas
2271 2411 2454 2461 autem
2494 2403 2566 2458 ad

540 2492 880 2569 loquendum,
900 2497 954 2550 et
980 2491 1177 2550 tardus
1198 2491 1273 2550 ad
1293 2491 1441 2549 iram
1470 2499 1579 2550 etc.
1591 2493 1662 2550 Et
1678 2493 1820 2550 ratio
1843 2493 2005 2565 hujus
2032 2501 2134 2560 est,
2154 2492 2286 2566 quia
2312 2493 2394 2548 ita
2422 2508 2566 2566 pec-

540 2586 729 2638 catum
752 2588 856 2648 est,
876 2586 933 2637 et
961 2579 1185 2653 punitur
1213 2596 1248 2637 a
1272 2580 1406 2636 Deo.
1434 2578 1543 2639 Sed
1567 2580 1833 2654 numquid
1857 2581 2038 2639 omnis
2063 2579 2146 2638 ira
2171 2585 2257 2637 est
2278 2581 2563 2637 contraria

541 2667 779 2727 virtuti?
806 2668 965 2726 Circa
991 2667 1096 2726 hoc
1117 2668 1319 2743 duplex
1354 2676 1440 2725 est
1469 2669 1676 2742 opinio.
1704 2665 1877 2727 Stoici
1915 2669 2063 2726 enim
2106 2668 2385 2736 dixerunt,
2411 2669 2564 2742 quod

541 2741 693 2814 nulla
721 2755 905 2830 passio
929 2755 1107 2814 cadit
1097 2773 1157 2813 m
1187 2758 1511 2830 sapientem,
1543 2757 1714 2814 immo
1741 2756 2018 2826 volebant,
2048 2755 2196 2831 quod
2223 2772 2357 2815 vera
2381 2757 2568 2814 virtus

508 2845 517 2854 ⁴
542 2850 690 2903 esset
717 2844 773 2901 in
798 2843 985 2918 quiete
1006 2843 1226 2902 mentis.
1240 2845 1592 2919 Peripatetici
1621 2853 1809 2903 autem
1827 2845 2102 2914 dixerunt,
2122 2844 2313 2918 quod
2297 2861 2382 2902 ira
2411 2845 2566 2902 cadit

542 2935 602 2992 in
625 2933 953 3006 sapientem,
980 2934 1078 2990 sed
1107 2933 1409 3003 moderata,
1443 2942 1499 2993 et
1536 2939 1622 2992 est
1662 2934 1848 3009 opinio
1878 2934 2076 2993 verior.
2101 2935 2173 2991 Et
2200 2940 2356 3006 patet
2385 2933 2564 3006 primo

542 3020 898 3090 auctoritate,
924 3021 1057 3094 quia
1097 3020 1155 3077 in
1182 3021 1494 3094 Evangeliis
1521 3022 1834 3081 invenimus
1859 3021 1996 3081 istas
2025 3023 2310 3096 passiones
2343 3022 2566 3079 Christo

542 3110 863 3178 attributas,
886 3110 945 3166 in
967 3123 1079 3184 quo
1105 3109 1212 3166 ruit
1239 3110 1463 3169 fontalis
1480 3112 1764 3185 plenitudo
1792 3113 2101 3187 sapientiae.
2132 3111 2386 3170 Secundo
2409 3118 2566 3186 patet

540 3198 797 3256 ratione:
830 3214 959 3256 nam
984 3197 1032 3255 si
1060 3213 1250 3256 omnes
1274 3200 1557 3272 passiones
1579 3201 1773 3260 virtuti
1798 3200 2224 3270 contradentur,
2245 3207 2435 3258 essent
2459 3200 2567 3258 ali-

542 3301 673 3361 quae
697 3287 963 3359 potentiae
988 3286 1207 3355 animae¹
1236 3301 1364 3360 qoae
1390 3296 1575 3347 essent
1610 3289 1837 3361 frustra,
1867 3290 2036 3349 immo
2066 3303 2194 3364 quae
2227 3295 2416 3347 essent
2459 3288 2568 3345 ho-

540 3375 677 3433 mini
710 3375 767 3432 in
810 3383 1220 3443 nocumentum,
1252 3365 1384 3449 quia
1424 3393 1535 3434 non
1580 3377 1846 3436 haberent
1889 3378 2108 3453 aliquos
2146 3384 2308 3436 actus
2352 3393 2564 3436 conve-

540 3465 755 3522 nientes
787 3469 888 3522 :et
927 3465 1009 3521 s'ic
1034 3462 1330 3522 irascibilis
1356 3472 1416 3523 et
1458 3468 1902 3541 concupiscibilis
1943 3467 2150 3526 frustra
2194 3468 2356 3526 datae·
2378 3474 2569 3525 essent

540 3552 771 3612 homini.
800 3553 873 3610 Et
911 3551 1035 3611 ideo
1077 3553 1371 3612 dicendum
1412 3562 1517 3624 est,
1549 3555 1700 3630 qnod
1732 3555 2030 3631 aliquando
2074 3557 2159 3614 ira
2200 3562 2288 3614 est
2319 3555 2427 3624 vis,
2457 3555 2570 3613 ali·-

545 3636 769 3717 qhando
804 3657 935 3710 non,
962 3641 1231 3715 accipitur
1258 3643 1406 3700 enim
1449 3642 1540 3702 ira
1583 3645 1894 3718 tripliciter.
1924 3644 2126 3718 Primo,
2170 3650 2339 3719 prout
2382 3650 2472 3702 est
2510 3645 2570 3702 in

546 3731 666 3789 solo
700 3729 916 3804 ‘judicio
966 3730 1198 3789 rationis
1248 3731 1459 3806 absque
1508 3733 1876 3791 commotione
1933 3735 2144 3802 animi,·
2183 3741 2242 3791 et
2291 3732 2407 3792 ista
2455 3750 2571 3790 non

546 3818 752 3876 dicitur
798 3819 1019 3893 proprie
1062 3820 1168 3890 ira,
1214 3821 1313 3880 secl
1348 3820 1643 3895 judicium.
1682 3823 1775 3880 Sic
1824 3823 1972 3880 enim
2013 3823 2281 3880 Dominus
2329 3823 2571 3896 puniens

548 3906 743 3975 malos„
784 3908 964 3966 iratus
1004 3908 1233 3969 dicitur.
1284 3909 1450 3968 mich.
1485 3925 1572 3969 vn
1613 3927 1628 3968 ι
1670 3911 1826 3978 Iram
1869 3911 2092 3970 Domini
2129 3911 2383 3986 portabo,
2431 3928 2572 3985 qao-

541 3992 694 4049 atam
720 3996 939 4068 monaci
984 3997 1056 4058 oi.
1092 3999 1347 4060 Secundo
1379 3998 1655 4075 accipitur
1677 4007 1844 4075 prout
1881 4005 1970 4060 est
1985 4037 1992 4048 -
2007 4001 2216 4079 passio,
2246 4005 2304 4059 et
2339 3999 2455 4058 ista
2481 4007 2572 4061 est

2510 4130 2554 4140 ..a

616 4145 685 4154 ω’*
1038 4144 1430 4154 ———------———.-
2187 4147 2278 4154 ..-ᾷ-
2438 4141 2489 4152 ,-·
2523 4147 2570 4154 ,-
