2850 4517
699 422 769 466 x.
799 435 878 450 --
903 422 1146 467 con-nu
1186 425 1471 472 annonas
1512 430 1873 478 amoenum
2168 416 2291 486 ‘469

282 550 398 590 ram
447 541 754 608 paternam,
799 552 928 609 quae
971 538 1222 596 omnibus
1273 539 1437 598 rebus
1492 541 1713 603 insitam
1769 556 1827 605 et
1872 555 2286 626 propagativam

277 621 540 680 similium
567 623 722 680 dedit
747 634 1020 684 naturam.
1042 626 1114 682 Et
1156 637 1369 686 mutum
1405 630 1615 711 faciunt
1651 635 1869 693 Patrem
1893 648 1948 695 et
1976 639 2097 698 sine
2119 645 2284 700 verbo

277 712 370 784 qui
419 703 672 768 omnibus
706 714 1067 771 rationalibus
1109 715 1430 774 facultatem
1481 721 1635 780 dedit
1680 721 1962 798 loquendi.
2008 729 2281 789 Mortuum

277 800 446 857 etiam
477 802 652 873 ipsum
681 802 898 859 Patrem
920 802 1132 872 dicunt,
1152 811 1208 861 et
1231 815 1513 880 expertem
1538 810 1775 868 viventis
1798 823 2010 874 naturae
2038 819 2094 874 in
2120 839 2282 892 quan·

278 894 394 944 tum
435 889 648 946 scilicet
688 897 888 962 negant
931 892 1195 964 Spiritum
1236 903 1491 953 sanctum
1536 903 1957 962 coessentialem
1998 908 2145 964 Patri
2179 926 2193 964 ε
2226 911 2281 967 in

274 995 384 1052 quo
413 986 641 1052 apparet
667 979 812 1052 quod
843 995 954 1036 non
987 990 1136 1038 esset
1160 983 1323 1040 Pater
1351 985 1499 1042 Deus
1524 988 1821 1060 perfectus,
1850 993 1951 1049 nis'i
1998 995 2198 1054 Filium
2222 1007 2278 1056 et

273 1067 534 1138 Spiritum
587 1077 840 1123 sanctum
877 1067 1126 1124 haberet.
1175 1089 1202 1123 n
1245 1071 1398 1128 Idem
1440 1074 1609 1132 etiam
1652 1077 1986 1140 Athanasius
2033 1085 2173 1142 dicit
2226 1089 2281 1144 in

271 1155 515 1228 Epistola
544 1155 612 1212 ad
639 1156 1012 1228 Serapionem,
1044 1158 1192 1230 quod
1218 1160 1380 1232 Pater
1403 1177 1513 1219 nou
1545 1167 1725 1237 potuit
1748 1183 1938 1226 creare
1966 1180 2277 1232 creaturam

272 1244 374 1300 nisi
402 1259 500 1317 per
527 1244 774 1312 verbum,
807 1253 861 1301 et
885 1245 1208 1302 deificandis
1233 1251 1505 1307 creaturis
1531 1267 1591 1308 se
1620 1270 1727 1310 non
1758 1264 1933 1329 potest
1952 1267 2281 1320 ‘communi-

270 1346 398 1389 care
424 1332 528 1389 nisi
555 1349 649 1405 per
678 1333 826 1388 idem
852 1331 1100 1391 verbum.
1130 1334 1200 1391 Et
1223 1337 1476 1395 similiter
1500 1357 1603 1398 nec
1629 1341 1799 1402 Filius
1830 1347 1931 1404 nisi
1979 1347 2034 1405 in
2052 1351 2279 1424 'Spiritu

270 1426 479 1478 sancto.
506 1421 805 1477 Commune
833 1437 963 1494 ergo
992 1430 1076 1480 est
1104 1424 1252 1482 Patri
1289 1431 1346 1482 et
1384 1427 1520 1485 Filio
1544 1437 1601 1488 et
1628 1431 1857 1504 Spiritui
1886 1431 2097 1507 sancto,
2131 1423 2277 1513 quod

271 1509 449 1566 nullus
489 1527 676 1568 eorum
717 1511 790 1567 sit
831 1510 1101 1584 indigens.
1149 1515 1288 1571 Item
1329 1529 1618 1575 commune
1663 1526 1749 1577 est
1793 1523 2020 1581 cuilibet
2062 1543 2273 1598 eorum,

269 1599 414 1672 quod
439 1598 620 1656 nullus
638 1599 755 1656 sine
779 1599 902 1656 aliis
928 1600 1144 1658 duobus
1171 1609 1501 1676 potestesse
1528 1608 1675 1664 Deus
1702 1609 2131 1682 perfectus.'Sed
2174 1618 2279 1676 hac

269 1688 478 1744 ratione
505 1689 721 1762 proprie
748 1687 817 1745 de
840 1689 1001 1744 Patre
1029 1687 1166 1745 dicit
1194 1689 1547 1761 Athanasius,
1579 1697 1725 1768 quod
1755 1699 1826 1755 ad
1859 1701 1947 1757 sui
1972 1705 2277 1776 perfeetio-

265 1791 408 1842 ηοω,
435 1775 571 1833 Filio
599 1784 657 1832 et
695 1775 905 1848 Spiritu
943 1782 1136 1834 sancto
1176 1792 1282 1841 non
1313 1779 1544 1852 indiget,
1571 1782 1702 1855 quia
1729 1785 1846 1858 ipse
1873 1789 2029 1848 suam
2054 1795 2275 1866 perfec-

267 1866 472 1934 tionem
493 1881 603 1921 uon
624 1864 792 1921 habet
815 1863 886 1921 ab
913 1863 1042 1921 alio.
1072 1864 1244 1922 Filius
1271 1873 1457 1924 autem
1481 1875 1537 1925 et
1574 1871 1816 1952 Spiritus
1844 1877 2070 1938 sanctus
2116 1899 2273 1941 suam

265 1954 654 2028 perfectionem
671 1952 873 2010 habent
901 1969 934 2010 a
958 1953 1136 2010 Patre.
1161 1955 1314 2011 Unde
1343 1955 1491 2012 idem
1516 1959 1844 2020 Athanasius
1872 1965 2007 2024 dicit
2032 1968 2086 2027 in
2105 1971 2273 2044 Epis-

265 2043 374 2100 tola
415 2042 485 2099 ad
530 2041 881 2113 Serapionem
919 2059 933 2098 ε
967 2063 994 2096 «
1025 2043 1146 2099 Non
1185 2044 1398 2100 ratione
1437 2046 1580 2115 Filii,
1625 2066 1727 2107 nec
1772 2054 1984 2112 ratione
2028 2059 2271 2132 Spiritus

261 2132 439 2190 sancti
468 2133 629 2188 Pater
657 2130 844 2187 existit
866 2130 1059 2205 plenus
1085 2131 1278 2188 beatus
1301 2134 1465 2192 Deus.
1484 2143 1529 2188 ⁴»
1554 2134 1747 2212 Neque
1772 2141 1918 2199 enim
1941 2161 1976 2203 a
2006 2163 2171 2222 supra
2214 2169 2271 2210 se

261 2220 427 2278 habet
455 2235 486 2276 a
514 2235 624 2294 quo
652 2219 744 2287 sit,
771 2236 947 2294 neque
988 2219 1058 2276 ab
1093 2219 1236 2278 infra
1277 2236 1337 2278 se
1379 2221 1553 2304 habet·
1583 2242 1618 2283 a
1662 2245 1774 2301 quo
1812 2229 2031 2304 habeat,
2060 2237 2117 2295 id
2159 2250 2265 2310 est,

260 2309 408 2382 quod
435 2308 506 2365 sit
536 2303 569 2365 a
591 2307 748 2373 Filio,
780 2309 868 2364 vel
895 2324 927 2365 a
955 2308 1162 2383 Spiritu
1191 2317 1402 2368 sanct0.

1003 2482 1288 2552 CAPUT
1341 2461 1522 2556 'v111.

403 2619 724 2710 quomodo,
737 2603 1121 2724 intelliqitm:
1137 2624 1602 2771 quod-‘Spiritus
1626 2636 1876 2695 sanctus
1894 2635 2129 2702 dieitur

1092 2726 1297 2789 mmm
1325 2728 1419 2773 us.

325 2843 466 2900 Item
491 2841 709 2899 videtur
735 2855 856 2896 esse
878 2838 1126 2906 dubium,
1143 2840 1290 2912 quod
1315 2841 1618 2914 Gregorius
1642 2847 2020 2912 Nazianzenus
2053 2858 2111 2915 in
2136 2873 2258 2918 ser-

217 2983 222 2986 .
255 2947 419 2988 mone
443 2929 514 2988 de
540 2926 842 3000 Epiphania
873 2925 1028 2993 dicit,
1055 2928 1201 3000 quod
1235 2927 1471 3000 Spiritus
1513 2939 1739 2991 sanctus
1782 2941 2083 3000 secundum
2110 2948 2255 3020 quod
2304 2991 2307 2996 .

255 3021 417 3078 estin
445 3019 580 3084 Deo,
613 3015 861 3089 procedit
883 3022 942 3072 ut
981 3015 1056 3072 sit
1083 3016 1376 3088 ingenituS,
1405 3026 1464 3075 et
1491 3037 1599 3077 non
1635 3021 1806 3081 Filius
1851 3029 2065 3089 medius
2101 3034 2255 3108 inge-

253 3108 359 3165 niti
387 3105 684 3179 genitique.
710 3105 834 3162 Non
865 3105 1010 3161 enim
1038 3104 1257 3162 videtur
1279 3107 1429 3179 quod
1456 3109 1693 3182 Spiritus
1718 3122 1943 3175 sanctus
1966 3119 2257 3194 'ingenitus

253 3198 365 3255 dici
395 3195 585 3268 possit.
611 3193 854 3262 Hilarius
876 3194 1020 3250 enim
1056 3193 1193 3251 dicit
1239 3195 1294 3251 in
1333 3195 1431 3253 lib.
1460 3197 1530 3253 de
1568 3199 1823 3274 Synodis‚
1854 3208 2003 3280 quod
2042 3212 2089 3268 si
2132 3219 2257 3288 quis

253 3287 395 3343 duos
435 3285 708 3356 ingenitos
752 3281 906 3348 dicit,
949 3283 1088 3340 duos
1115 3285 1260 3340 Deos
1298 3285 1450 3343 facit.
1482 3287 1621 3344 Item
1657 3291 1990 3354 Athanasius
2030 3300 2165 3360 dicit
2200 3299 2275 3362 in'

252 3372 488 3448 epistola
510 3373 580 3428 ad
608 3372 980 3443 Serapionem,
1011 3373 1158 3444 quod
1187 3389 1293 3428 non
1323 3383 1406 3430 est
1431 3375 1707 3448 ingenitus
1732 3381 1969 3455 Spiritus
2004 3400 2247 3460 sanctae,

252 3462 386 3537 quia
407 3459 868 3533 imprlncipiatum
897 3474 1017 3515 esse
1059 3468 1115 3516 et
1144 3461 1444 3533 ingenitum
1481 3464 1581 3522 soli
1632 3467 1743 3526 Deo
1785 3472 1931 3529 Patri
1978 3477 2251 3539 catholica

250 3549 486 3608 ecclesia
508 3554 836 3620 congregata
865 3547 1007 3621 apud
1049 3549 1292 3606 Nicaeam
1321 3558 1470 3608 recte
1516 3560 1580 3608 et·
1612 3555 1844 3614 fideliter
1888 3565 2162 3634 attribuit,
2196 3579 2255 3627 et

249 3639 460 3698 desolo
490 3640 650 3694 Patre
677 3635 780 3692 hoc
821 3651 941 3691 esse
968 3635 1300 3693 credendum
1343 3646 1399 3694 et
1440 3641 1871 3716 praedicandum,
1906 3653 2008 3709 toti
2050 3659 2255 3716 mundo

247 3726 358 3788 sub
379 3725 728 3785 anathemate
743 3723 1162 3781 mandavit.Sed
1189 3724 1503 3798 dicendum,
1518 3732 1665 3804 quod
1688 3735 2005 3808 «ingenitus
2020 3761 2047 3794 n
2068 3744 2255 3817 dupli-

247 3815 392 3872 citer
419 3814 594 3888 accipi
623 3819 824 3887 potest.
855 3813 972 3868 Uno
998 3811 1178 3881 modo,
1209 3829 1310 3886 pro
1336 3829 1403 3871 eo
1425 3817 1571 3890 quod
1597 3829 1749 3878 caret
1777 3824 2065 3901 principio,
2094 3841 2149 3889 οι
2175 3835 2255 3892 510

247 3900 354 3958 soli
384 3902 529 3958 Patri
555 3899 826 3966 convenit,
854 3906 916 3955 ut
944 3915 1012 3954 ex
1054 3898 1218 3956 dictis
1247 3900 1531 3958 Athanasii
1576 3915 1747 3976 patet.
1778 3911 1901 3969 Alio
1937 3917 2120 3987 modo,
2156 3913 2255 3993 pm'

246 4005 319 4048 eo
345 3990 495 4066 quod
519 4005 626 4046 non
652 3995 738 4046 est
761 3988 1024 4060 genitum,
1049 3986 1176 4046 licet
1201 3987 1275 4045 sit
1315 3991 1647 4070 principium
1691 3995 1918 4072 habene,
1944 4011 2002 4062 et
2034 4009 2117 4065 sio
2144 4013 2251 4068 ηομ
