2850 4517
895 310 947 359 ι.
973 330 1054 343 —-
1081 311 1483 359 cournnmou
1534 316 1911 365 manoncour.
2319 309 2403 373 77

1117 513 1400 582 CAPUT
1436 484 1675 584 cm.

545 650 832 729 Qualiter
875 650 1093 716 bonum
1129 656 1188 717 et
1223 652 1453 716 malum
1490 657 1657 716 sunt>
1677 652 2033 737 differentiae
2077 658 2255 737 entis,

776 745 837 807 et
863 741 1196 817 contraria,
1222 747 1282 806 ot
1303 758 1524 823 ymera
1552 745 2020 809 contrariorum.

462 862 930 934 Considerandum
953 874 1122 947 igitur
1151 880 1324 933 restat
1345 876 1621 954 quom-odo
1649 874 1853 933 bonum
1882 883 1937 935 et
1966 878 2169 937 malum
2197 880 2397 939 'dican-

390 970 484 1021 tur
511 964 808 1033 contraria,
833 969 890 1021 et
911 964 1312 1022 contrariorum
1339 980 1559 1037 genera,
1590 974 1645 1023 et
1670 965 1995 1045 differentiae
2024 968 2237 1043 aliquas
2266 986 2397 1044 spe-

390 1052 524 1119 ciae,
549 1052 760 1109 scilieet
801 1052 1020 1110 habitus
1057 1053 1292 1111 morales
1331 1054 1749 1113 constituentes.
1800 1056 2210 1116 Contrariorum
2250 1060 2396 1117 enim

392 1147 688 1214 utrumque
714 1147 798 1198 est
826 1140 1012 1213 aliqua
1041 1148 1258 1202 natura.
1289 1143 1410 1201 Non
1440 1158 1536 1199 ens
1563 1143 1708 1201 enim
1734 1160 1841 1201 non
1868 1150 2049 1217 potest
2074 1160 2193 1204 esse
2220 1164 2398 1223 neque

391 1246 582 1304 genuS,
611 1246 786 1304 neque
814 1230 1140 1298 differentia,
1168 1247 1295 1291 oum
1319 1248 1491 1305 genus
1518 1232 1848 1306 praedicetur
1876 1234 1945 1291 de
1978 1251 2039 1291 re
2074 1236 2130 1293 in
2159 1252 2224 1293 eo
2250 1238 2399 1310 quod

391 1319 523 1393 quid
546 1335 567 1377 .·
593 1319 900 1379 differentia
925 1336 1058 1380 vero
1085 1321 1145 1379 in
1171 1338 1237 1379 eo
1261 1322 1407 1395 quod
1434 1324 1589 1395 quale
1616 1318 1764 1396 quid.
1780 1323 2071 1383 Sciendum
2098 1332 2185 1404 est
2206 1326 2395 1399 igitur,

391 1408 538 1483 quod
560 1409 706 1468 sieut
741 1410 1014 1467 naturalia
1053 1417 1465 1485 consequuntur
1506 1413 1746 1485 speciem
1772 1429 1805 1469 a
1834 1412 2027 1483 forma,
2052 1414 2131 1473 ita
2172 1416 2398 1473 moralia

391 1514 426 1557 a
453 1499 579 1567 fine,
609 1499 704 1573 qui
731 1506 817 1557 est
839 1499 1140 1558 voluntatis
1169 1500 1465 1574 objectum,
1492 1518 1527 1559 a
1554 1516 1665 1577 quo
1706 1500 1887 1561 omnia
1932 1504 2161 1563 moralia
2189 1505 2399 1579 depen-

389 1586 543 1645 dent.
573 1588 727 1645 Siout
754 1596 941 1647 autem
979 1588 1034 1645 in
1063 1589 1406 1648 naturalibus
1438 1591 1531 1647 uni
1568 1590 1759 1649 formae
1808 1591 2123 1665 adjungitur
2162 1594 2395 1666 privatio

290 1746 294 1753 α
391 1676 638 1747 alteriue,
667 1684 821 1751 puta,
844 1676 1036 1735 iormae
1061 1678 1202 1751 ignis
1225 1678 1463 1753 privatio
1480 1679 1673 1738 formae
1700 1680 1863 1749 acria,
1896 1680 1974 1739 ita
2017 1682 2072 1739 in
2102 1683 2398 1740 moralibus

389 1765 486 1824 uni
526 1766 624 1823 fini
664 1767 978 1840 adjungitur
1017 1768 1256 1841 privatio
1309 1768 1434 1825 finis
1482 1769 1730 1827 alterius·
1770 1772 1907 1828 Cum
1951 1771 2120 1843 igitur
2160 1772 2397 1845 privatio

392 1855 746 1929 perfectionis
769 1856 970 1914 debitae
1013 1857 1087 1913 sit
1133 1856 1335 1915 malum
1368 1858 1422 1914 in
1466 1858 1827 1927 naturalibuS,
1858 1858 2091 1916 formam
2125 1856 2395 1935 ao'cipere,
2482 1888 2489 1895 ·

395 1944 485 2001 cui
509 1943 787 2017 adjugitur
811 1944 1046 2017 privatio
1074 1945 1268 2003 formae
1290 1946 1492 2003 debitae
1518 1946 1725 2004 malum
1750 1954 1853 2013 est,
1886 1964 1993 2005 non
2030 1956 2253 2021 propter
2278 1949 2399 2007 for-
2470 2002 2473 2005 ⁴

391 2048 560 2101 mam,
588 2032 686 2089 sed
715 2040 934 2107 propter
966 2034 1332 2107 privationem
1365 2036 1416 2091 ei
1459 2036 1795 2109 adjunctam,
1824 2036 1967 2093 siout
2003 2035 2165 2107 igniri
2192 2036 2397 2095 maium

389 2130 476 2181 est
517 2122 684 2195 ligno,
715 2121 852 2179 etin
881 2123 1178 2181 moralibus
1202 2123 1370 2181 etiam
1393 2123 1659 2182 inbaerere
1684 2124 1776 2181 fini
1810 2124 1899 2181 oui
1941 2124 2255 2198 adjungitur
2279 2127 2396 2200 pri-

389 2212 540 2271 vatio
568 2212 694 2268 fiuis
719 2204 890 2268 debiti
921 2212 1124 2269 malum
1155 2220 1257 2281 est,
1287 2229 1394 2270 non
1418 2202 1643 2287 proptor
1678 2214 1859 2282 finem,
1899 2214 1998 2271 sed
2036 2223 2260 2288 propter
2280 2216 2397 2289 pri-

388 2302 668 2362 vationem
692 2300 1026 2374 adjunctam,
1059 2306 1114 2358 et
1155 2302 1236 2359 sio
1272 2302 1396 2361 duae
1423 2304 1668 2361 actiones
1702 2304 1954 2373 moratae,
1987 2320 2113 2378 quae
2153 2305 2223 2363 ad
2261 2321 2401 2363 oon·

389 2392 589 2449 trarioe
617 2392 752 2448 fines
779 2391 1122 2460 ordinantur,
1149 2392 1451 2449 secundum
1475 2393 1677 2450 bonum
1704 2400 1761 2450 et
1803 2394 2006 2451 malum
2030 2394 2309 2463 differunt,
2338 2401 2395 2452 et

387 2496 488 2556 per
525 2494 866 2555 consequens
909 2480 1174 2538 contrarii
1215 2480 1439 2539 habitus
1465 2482 1724 2541 differunt
1767 2482 1910 2540 bono
1952 2488 2008 2539 et
2046 2483 2192 2541 maio
2238 2483 2395 2558 quasi

387 2570 712 2627 differentiis
735 2569 1116 2638 existentibu5‚
1133 2578 1190 2627 et
1213 2572 1662 2629 contrarietatem
1686 2571 1757 2629 ad
1771 2572 2020 2631 invicem
2042 2571 2391 2641 habentibuS,

390 2674 500 2715 non
526 2664 750 2732 propter
775 2656 1234 2733 privationem.ex
1261 2676 1369 2733 qua
1398 2660 1603 2717 dicitur
1626 2659 1850 2743 malum,
1872 2661 1970 2719 sed
1994 2666 2215 2737 propter
2232 2662 2395 2719 finem

391 2746 484 2805 cui
521 2748 754 2820 privatio
797 2747 1134 2821 adjungitur.
1173 2750 1275 2805 Per
1303 2749 1449 2805 huno
1476 2750 1641 2807 etiam
1674 2750 1893 2806 modum
1928 2748 2152 2823 quidam
2188 2750 2395 2809 intelli-

389 2841 543 2910 gunt.
570 2836 641 2895 ab
687 2833 982 2894 Aristotele
1022 2836 1415 2911 dietum,quod
1453 2836 1658 2894 honum
1697 2840 1754 2892 et
1788 2838 1993 2893 malum
2034 2846 2163 2895 sunt
2195 2854 2395 2910 genera

387 2924 807 2994 contrariorum,
838 2921 1049 2982 s'cilioet
1077 2925 1386 2983 moralium:
1417 2925 1529 2995 <Sed
1566 2925 1612 2981 si
1655 2932 1803 2981 recte
1832 2925 2165 2994 attendatur,
2194 2926 2395 2985 bonum

389 3021 447 3072 et
488 3016 693 3072 maium
729 3013 787 3071 in
810 3029 1010 3087 genere
1040 3014 1348 3083 moralium,
1373 3014 1553 3087 magis
1578 3022 1705 3071 sunt
1728 3013 2051 3073 differentiae
2078 3029 2242 3089 quam
2267 3030 2395 3090 spe-

387 3104 524 3173 cieS,
579 3103 726 3161 unde
777 3101 974 3160 melius
1015 3104 1236 3177 videtur
1281 3103 1595 3174 dicendum,
1636 3103 1783 3177 quod
1838 3103 2043 3161 bonum
2092 3110 2149 3161 et
2190 3106 2394 3163 maium

389 3193 647 3252 dicuntur
677 3208 889 3266 ,genera
912 3194 1213 3265 seeundum
1243 3194 1571 3269 positionem
1588 3193 1943 3267 Pythagorae,
1966 3194 2061 3268 qui
2100 3194 2283 3251 omnia
2304 3211 2395 3253 re·—

389 3283 546 3339 duxit
575 3282 646 3341 ad
684 3282 888 3342 bonum
929 3290 986 3341 et
1017 3283 1222 3341 malum
1267 3284 1410 3341 sicut
1444 3284 1512 3341 ad
1542 3284 1719 3358 prima
1754 3299 1973 3357 genera,
2004 3300 2131 3357 quae
2172 3285 2396 3358 quidem

387 3372 589 3445 positio
615 3371 784 3431 habet
811 3372 1034 3447 aliquid·
1059 3370 1310 3431 v'er‘i'tatis
1351 3374 1679 3447 inquantum
1708 3372 1950 3429 omnium
1994 3374 2395 3429 contrariorum
2472 3383 2476 3387 ·

389 3476 555 3518 unum
597 3468 684 3517 est
711 3461 1037 3536 perfectum,
1069 3467 1126 3519 et
1166 3462 1401 3539 aiterum
1433 3463 1783 3531 diminutum,
1804 3470 1875 3523 ut
1900 3466 2053 3534 patet
2093 3463 2151 3519 in
2187 3462 2312 3519 albo
2338 3468 2397 3517 et

387 3550 562 3625 nigro,
594 3550 746 3607 dulci
779 3557 837 3607 et
873 3566 1082 3622 amaro,
1115 3555 1171 3608 et
1211 3550 1294 3609 sio
1333 3552 1401 3608 de
1432 3551 1574 3609 aliis.
1599 3553 1825 3625 Semper
1860 3555 2046 3607 autem
2082 3552 2227 3625 quod
2265 3567 2397 3624 per-

389 3639 592 3698 fectum
640 3645 746 3713 est,
779 3641 1023 3715 pertinet
1069 3640 1142 3702 ad
1191 3640 1461 3699 rationem
1497 3641 1645 3711 boni,
1678 3640 2041 3716 quod·autem
2066 3638 2395 3697 diminutum
2452 3663 2455 3667 ·

389 3729 458 3788 ad
485 3730 758 3789 rationem
785 3729 939 3810 maii.
2002 3756 2010 3761 ·

1279 3879 1529 3901 ψ
