2850 4517
616 382 738 447 292
1096 393 1150 439 s.
1193 390 1427 435 mouns
1467 386 1793 439 sommus
1834 388 2146 433 oruscum

620 514 891 573 charitate
912 508 1175 568 debemus
1210 506 1459 579 diligere,
1486 513 1550 562 ut
1589 503 1752 561 simul
1791 502 1864 560 ad
1911 503 2310 562 beatitudinem
2338 510 2626 579 pervenia-

621 620 765 661 mus.
795 602 953 658 Hunc
981 605 1167 656 autem
1208 596 1456 653 ordinem
1501 601 1902 666 praeceptorum
1931 593 2219 651 charitatis
2261 596 2528 653 Dominus
2571 600 2623 655 in

620 693 831 764 Evang.
854 687 1049 747 Matth.
1068 701 1213 754 xxu,
1230 683 1473 742 ostendit
1498 682 1687 739 dicens
1711 698 1724 737 τ
1748 680 1952 754 Diliyes
1979 682 2250 739 dominum
2282 684 2452 741 Deum
2480 693 2622 743 tuum

589 788 595 793 '
622 796 689 838 ex
718 786 825 837 toto
852 775 1143 841 cordetuo,
1168 780 1219 831 et
1246 773 1306 829 in
1346 777 1462 829 tota
1505 770 1693 827 anima
1718 778 1836 836 tna,
1865 777 1917 827 et
1953 768 2014 827 in
2041 778 2156 828 tota
2175 779 2350 829 mente
2376 779 2495 829 tna.
2520 776 2624 831 Hoc

621 877 699 927 eet
724 866 1022 925 maximum
1060 870 1113 921 et
1143 862 1385 936 primum
1423 860 1756 917 mandatnm.
1786 858 2082 917 Secundum
2123 867 2301 917 autem
2336 862 2516 919 simile
2555 872 2621 920 est

622 958 776 1017 huie:
795 954 997 1028 Diliges
1016 952 1327 1026 proximum
1355 956 1510 1006 tunm
1529 948 1668 1005 sieut
1690 954 1740 1003 te
1768 947 1963 1021 ipsum.
1991 948 2172 1004 Primo
2201 942 2376 1021 igitur
2403 958 2460 1007 et
2478 954 2619 1025 prin-

624 1044 877 1120 cipaliter
922 1041 1176 1099 consistit
1232 1036 1534 1111 spiritualis
1577 1037 1710 1094 vitae
1739 1035 2026 1108 perfectio,
2076 1038 2131 1091 in
2167 1037 2466 1095 dilectione
2506 1041 2617 1097 Dei.

620 1134 777 1193 Unde
804 1129 1068 1189 Dominus
1092 1128 1163 1185 ad
1190 1126 1468 1185 Abraham
1495 1126 1742 1200 loquens,
1768 1124 1906 1181 dicit
1927 1124 2128 1183 Genesa
2160 1142 2291 1183 xvn
2314 1145 2340 1200 ,ε
2362 1130 2479 1201 qu
2516 1130 2620 1185 Do-

622 1220 803 1278 minus
830 1218 1180 1295 omnipotens,
1208 1214 1420 1272 ambula
1445 1230 1626 1269 eoram
1653 1229 1754 1279 me,-
1785 1218 1836 1269 et
1855 1219 1962 1269 esto
1985 1212 2276 1286 perfectus.
2305 1215 2618 1273 Ambulatur

625 1315 811 1368 antem
842 1320 1027 1364 coram
1053 1306 1189 1371 Deo,
1221 1318 1327 1361 non
1363 1301 1617 1376 passibus
1648 1301 1914 1373 corporis,
1946 1302 2043 1357 sed
2075 1302 2367 1360 affectibus
2411 1307 2613 1361 mentiS.

622 1394 959 1456 secundario
1006 1408 1139 1451 vero
1180 1391 1432 1449 consistit
1468 1390 1772 1463 spiritualis
1815 1390 1948 1447 vitae
1989 1389 2272 1463 perfectiO,
2306 1392 2360 1448 in
2401 1395 2613 1465 proximi

622 1484 936 1541 dilectione.
956 1481 1113 1540 Unde
1130 1480 1395 1537 Dominus
1420 1494 1550 1535 cum
1578 1477 1828 1546 dixisset,
1854 1477 2047 1535 Matth.
2069 1494 2148 1534 v:
2181 1480 2412 1552 Diliqite
2438 1482 2613 1537 inimi-

540 1642 554 1653 ·
622 1590 707 1631 eos
749 1578 968 1639 vestros,
1009 1576 1066 1625 et
1112 1568 1267 1641 plura
1312 1556 1704 1639 subjunxisset,
1736 1583 1862 1640 quae
1897 1565 1964 1623 ad
2003 1566 2358 1625 dilectionem
2401 1570 2610 1643 proximi

622 1662 921 1737 pertinent,
950 1659 1229 1717 concludit
1255 1658 1315 1714 in
1336 1656 1474 1713 fine:
1499 1656 1686 1714 Estote
1708 1672 1834 1729 er9o
1859 1670 1950 1711 vos
1965 1654 2212 1729 perfecti,
2239 1656 2384 1715 siout
2405 1665 2454 1716 et
2472 1666 2613 1731 pater

624 1757 799 1811 vester
816 1750 1030 1808 eoelestis
1047 1748 1317 1822 perfectus
1343 1752 1442 1803 est.
1783 1736 1786 1742 ’

1406 1914 1693 1985 CAPUT
1726 1860 1846 1983 111ss

644 2125 653 2131 .
687 2064 783 2127 De
795 2063 1165 2144 perfectione
1189 2047 1411 2125 divina
1437 2052 1801 2131 dilectionis,
1831 2070 1966 2139 qnae
1983 2056 2104 2119 soli
2123 2056 2252 2120 Deo
2277 2058 2559 2123 convenit.

562 2264 569 2271 ,
644 2210 661 2219 ·
694 2196 758 2251 In
787 2201 1025 2267 utraque
1048 2200 1232 2252 autem
1255 2193 1551 2249 dilectione
1569 2189 1853 2263 multiplex
1876 2188 2226 2262 perfectionis
2243 2190 2450 2262 gradus
2474 2207 2612 2264 repe·

624 2272 787 2350 ritnr,
820 2288 876 2337 ει
903 2290 1169 2355 quantum
1196 2282 1268 2337 ad
1300 2281 1652 2338 dilectionem
1673 2280 1772 2336 Dei
1797 2280 2052 2352 pertinet,
2075 2280 2289 2351 primus
2311 2288 2369 2335 et
2393 2295 2612 2337 summus

626 2366 982 2443 perfectionis
1004 2368 1227 2439 gradus,
1246 2368 1452 2425 divinae
1475 2368 1786 2425 dilectionis
1808 2368 2062 2426 convenit
2086 2367 2188 2423 soli
2213 2369 2353 2425 Deo.
2379 2370 2484 2443 Qui
2503 2370 2613 2443 qni-

575 2509 580 2516 .
626 2457 753 2516 de‘m
782 2455 978 2510 modus
1005 2455 1387 2513 consideratur
1412 2472 1480 2512 ex
1507 2462 1667 2529 parte
1711 2456 1919 2525 dilecti,
1951 2462 2006 2512 et
2045 2472 2114 2512 ex
2148 2464 2310 2529 parte
2329 2458 2612 2530 diligentis·

627 2544 765 2600 Dico
782 2538 977 2599 autem
1002 2560 1068 2599 ex
1098 2552 1257 2617 parte
1280 2544 1491 2613 dilecti,
1523 2550 1586 2600 ut
1619 2544 1831 2602 scilicet
1859 2545 2065 2619 aliquid
2095 2552 2314 2603 tantum
2349 2547 2612 2619 diligatur,

629 2641 898 2705 quantum
928 2632 1191 2706 diligibile
1221 2643 1305 2692 est
1337 2653 1351 2690 ε
1384 2651 1454 2693 ex
1482 2640 1638 2706 parte
1675 2650 1808 2692 vero
1833 2634 2131 2707 diligentis,
2165 2642 2226 2689 ut
2263 2635 2471 2709 aliquid
2501 2635 2616 2692 dili-

630 2728 814 2794 gatur,
844 2728 1113 2793 quantum
1140 2722 1404 2796 diligibile
1433 2730 1518 2779 est
1545 2741 1560 2779 x
1587 2739 1655 2779 ex
1675 2730 1834 2797 parte
1855 2738 1987 2780 vero
2010 2723 2308 2795 diligentie,
2342 2732 2404 2782 ut
2427 2724 2614 2797 aliquid

630 2810 894 2881 diligatur
938 2812 1237 2868 secundum
1302 2819 1478 2870 totam
1535 2811 1852 2869 facultatem
1913 2811 2211 2883 diligentis·
2265 2814 2405 2869 Cum
2451 2819 2615 2869 autem

628 2900 1057 2975 unumquodque
1095 2900 1169 2957 sit
1202 2900 1494 2975 diligibile,
1521 2900 1821 2959 secundum
1859 2900 2008 2974 quod
2051 2906 2138 2957 est
2165 2900 2391 2971 bonum,
2421 2901 2614 2959 bonitas

626 2990 730 3046 Dei
756 3006 879 3047 cum
911 2990 982 3046 sit
1005 2989 1180 3046 innita
1218 2990 1432 3047 infinite
1457 2988 1741 3061 diligibilis
1785 2995 1890 3045 est.
1917 2988 2135 3046 infinite
2180 2998 2368 3047 autem
2409 2992 2612 3061 diligere

630 3078 780 3134 nulla
804 3085 1058 3135 creatura
1077 3086 1276 3151 potest,
1296 3079 1428 3151 quia
1455 3077 1658 3133 nullius
1683 3078 1908 3134 virtutis
1931 3077 2102 3135 finitae
2124 3086 2309 3150 potest
2337 3095 2455 3135 esse
2475 3083 2613 3135 actus

628 3162 897 3221 infinitus.
940 3164 1099 3222 Solus
1134 3181 1265 3237 ergo
1310 3160 1461 3223 D'eus
1493 3165 1654 3236 cujus
1689 3172 1775 3222 est
1816 3170 1973 3221 tanta
2004 3165 2183 3222 virtus
2222 3166 2283 3223 in
2337 3162 2607 3237 diligendo,

580 3272 587 3279 ·
629 3256 840 3324 quanta
866 3258 953 3308 est
978 3252 1197 3310 bonitas
1222 3255 1369 3325 ejuS,'
1388 3253 1629 3325 seipsum
1668 3252 1912 3325 perfecte
1937 3252 2167 3326 diligere
2191 3263 2408 3331 potest,
2439 3266 2611 3311 secun·

628 3334 765 3395 dum
790 3338 1028 3412 primum
1055 3338 1407 3413 perfectionis
1433 3339 1678 3397 modum.

1402 3506 1687 3575 CAPUT
1751 3509 1867 3576 IV.

846 3652 943 3716 De
956 3650 1327 3733 perfectione
1350 3652 1573 3717 divina
1599 3652 1963 3729 dilectionis,
1994 3672 2129 3736 qnae
2154 3654 2424 3720 convenit

1328 3742 1933 3824 comprehensoribus.

700 3872 981 3929 creaturae
1003 3872 1174 3944 igitur
1200 3871 1458 3932 rationali
1491 3873 1582 3929 hic
1604 3873 1754 3931 solus
1793 3874 1989 3932 modus
2012 3876 2256 3949 perfecte
2291 3878 2462 3934 Deum
2497 3869 2614 3928 dili-

627 3958 791 4026 gendi
834 3958 1111 4028 possibilis
1146 3967 1251 4028 est,
1282 3964 1378 4033 qui
1422 3961 1660 4017 sumitur
1702 3978 1772 4018 ex
1800 3970 1960 4035 parte
1999 3964 2302 4037 diligentis,
2333 3973 2396 4024 ut
2425 3962 2613 4021 scilicet
