2850 4517
549 294 672 358 106
1028 284 1099 355 εξ
1124 311 1356 356 rnoMAE
1397 309 1725 360 Acumms
1766 309 2077 356 croscum

548 429 716 500 igitur
742 443 836 500 per
867 434 1096 488 mortem
1124 440 1314 481 omnes
1341 424 1579 480 hominis
1600 439 1812 492 sensuS,
1828 430 1886 479 et
1910 422 2095 479 omnia
2115 422 2360 479 membra
2384 423 2553 497 depe-

549 523 723 583 reant,
745 513 1074 588 impossibile
1095 519 1180 570 est
1207 512 1482 570 hominem
1502 518 1777 568 mortuum
1806 528 1995 575 rursus
2018 512 2263 586 reparari
2288 511 2359 568 ad
2384 511 2554 568 vitam

550 607 654 661 nisi
679 613 993 678 operatione
1025 603 1232 662 divina.
1265 603 1344 658 Ex
1374 603 1479 658 hoc
1506 610 1691 659 autem
1721 602 1869 674 quod
1902 601 2374 684 resurrectionem·
2395 601 2556 674 poni-

551 695 878 751 mus'divina
893 694 1100 750 virtute
1127 692 1388 759 futuram,
1421 691 1492 747 de
1520 691 1667 747 facili
1692 686 1867 747 videri
1895 685 2095 763 potest,
2121 688 2404 764 'quomodo
2428 704 2556 746 cor-

535 776 650 856 'pus
678 782 822 837 idem
849 797 1076 838 numero
1103 788 1410 853 reparetur.
1438 781 1575 842 Cum
1608 777 1753 834 enim
1781 794 1945 852 supra
1974 786 2257 835 ostensum
2280 779 2373 846 sit,
2406 780 2555 852 quod

547 871 731 931 omnia
755 871 923 939 etiam
950 868 1308 938 minim,a,sub
1324 868 1511 925 divina
1528 867 1871 941 providentia
1888 868 2263 937 continentur,
2290 867 2555 925 manifes-

547 955 665 1017 tum
683 967 766 1026 est
786 959 931 1032 quod
949 957 1174 1016 materia
1200 957 1288 1029 huj
1298 973 1358 1012 us
1375 956 1600 1014 humani
1623 958 1887 1031 corporis,-
1904 973 2309 1030 quamcumque
2324 956 2569 1014 formam.

547 1054 672 1122 post
693 1057 922 1104 mortem
946 1047 1181 1102 hominis
1209 1046 1465 1118 accipiat,
1494 1062 1601 1102 non
1635 1047 2032 1119 ›effugit-neque
2066 1048 2345 1111 virtutem,
2380 1061 2556 1116 neque

547 1137 917 1212 coguitionem
941 1137 1182 1193 divinam
1199 1153 1212 1190 ε
1228 1151 1354 1209 quae
1373 1135 1596 1209 quidem
1621 1137 1856 1192 materia
1876 1135 2070 1192 eadem
2091 1151 2317 1195 numero
2345 1144 2553 1204 manet,

549 1226 604 1281 in
641 1233 920 1298 'quantum
964 1222 1286 1295 intelligitur
1331 1224 1435 1279 sub
1484 1223 1916 1280 dimensionibus
1952 1225 2213 1291 existens„
2254 1223 2555 1280 secundum

549 1329 688 1386 quas
716 1314 834 1370 haec
866 1313 1095 1386 materia
1134 1312 1244 1372 dici
1283 1318 1486 1384 potest,
1516 1320 1571 1373 et
1608 1320 1693 1369 est
1730 1311 2181 1370 individuationis
2204 1311 2553 1386 principium.

548 1403 666 1458 Hac
692 1403 858 1473 igitur
884 1399 1116 1468 materia
1141 1400 1332 1458 eadem
1363 1406 1635 1466 manente,
1664 1408 1721 1459 et
1755 1417 1823 1456 ex
1852 1417 1917 1457 ea
1952 1402 2158 1457 virtute
2195 1400 2383 1458 divina
2426 1417 2553 1457 cor-

547 1506 680 1564 pore
701 1497 957 1567 reparato
991 1489 1249 1559 humano,
1274 1505 1373 1544 nec
1401 1505 1507 1545 non
1533 1495 1590 1544 et
1619 1489 1799 1547 anima
1843 1489 2117 1558 rationali,
2146 1505 2277 1562 quae
2319 1505 2446 1546 cum
2482 1491 2555 1546 sit

549 1577 994 1651 incorruptibilis,
1023 1578 1214 1633 eadem
1245 1585 1429 1634 manet
1458 1576 1636 1637 eidem
1660 1578 1874 1650 corpori
1899 1579 2073 1644 unita,
2106 1593 2449 1652 consequens
2484 1579 2556 1635 sit

549 1674 611 1724 ut
641 1669 800 1724 homo
841 1667 984 1732 idem
1012 1682 1238 1724 numero
1277 1673 1582 1739 reparetur.
1613 1668 1727 1722 Nec
1755 1673 1937 1739 potest
1964 1667 2227 1722 identitas
2250 1667 2556 1726 ⁴secundum

550 1768 836 1814 numerum
855 1756 1126 1828 impediri,
1143 1755 1437 1827 utquidam
1454 1755 1719 1828 objiciunt
1744 1772 1840 1828 per
1862 1756 1983 1822 hoc,
2003 1755 2148 1828 quod
2168 1771 2275 1813 non
2290 1756 2556 1812 sithuma·

549 1847 695 1908 nit-as
719 1846 911 1908 eadem
930 1861 1175 1902 numero.
1197 1845 1338 1902 Nam
1365 1844 1678 1901 humanitas
1702 1860 1828 1916 quae
1843 1844 2045 1900 dicitur
2073 1844 2248 1902 forma
2269 1845 2457 1912 totiuS‚
2480 1861 2557 1900 se·

549 1934 791 1992 cundum
805 1935 1070 2008 quosdam
1093 1934 1224 1990 nihil
1242 1940 1326 1990 est
1345 1933 1493 1993 aliud
1510 1949 1678 2006 quam
1700 1932 1875 1991 forma
1896 1933 2087 2004 partis,
2104 1949 2229 2007 quae
2244 1940 2329 1990 est
2348 1935 2569 2003 anima,

551 2039 678 2097 quae
705 2024 928 2098 quidem
956 2023 1158 2081 dicitur
1186 2023 1359 2086 forma
1389 2023 1635 2096 corporis
1673 2022 1975 2080 secundum
2018 2023 2164 2095 quod
2189 2021 2285 2079 dat
2314 2025 2553 2095 speciem

553 2115 674 2179 toti,
707 2113 853 2185 quod
901 2113 946 2168 si
986 2128 1176 2168 verum
1215 2120 1318 2180 est,
1352 2112 1701 2167 manifestum
1747 2118 1829 2167 est
1859 2112 2259 2168 humanitatem
2304 2113 2555 2171 eamdem

552 2216 840 2256 numerere
866 2215 1105 2266 manere,
1125 2215 1250 2255 cum
1270 2200 1453 2256 anima
1474 2199 1758 2256 rationalis
1784 2200 2035 2256 eamdem
2060 2216 2284 2257 numero
2299 2208 2550 2258 maneat:

549 2288 643 2344 sed
671 2289 800 2360 quia
830 2287 1142 2344 humanitas
1169 2294 1254 2344 est
1277 2304 1444 2361 quam
1469 2289 1741 2360 significat
1771 2288 2023 2345 diffinitio
2052 2288 2305 2358 hominia,
2327 2291 2471 2346 sicut
2500 2300 2553 2346 et

548 2377 788 2434 essentia
809 2376 1102 2448 cujuslibet
1128 2377 1208 2433 rei
1246 2384 1329 2432 est
1362 2393 1529 2449 quam
1558 2377 1831 2449 significat
1866 2379 1965 2434 sua
1994 2376 2268 2445 diffinitio,
2300 2365 2553 2436 diffinitio

548 2473 732 2520 autem
761 2463 996 2521 hominis
1019 2481 1129 2522 non
1155 2465 1330 2520 solum
1351 2465 1623 2536 significat
1647 2465 1898 2534 formam,
1921 2466 2017 2522 sed
2048 2465 2215 2523 etiam
2242 2469 2549 2530 materiam.

546 2568 674 2618 cum
704 2553 756 2606 in
791 2551 1110 2607 diffinitione
1137 2568 1322 2613 ‚rerum
1355 2540 1721 2612 materialium
1743 2568 1971 2611 ‚necesse
1996 2554 2070 2609 sit
2094 2555 2383 2610 materiam
2404 2556 2549 2628 poni,

547 2640 958 2710 convenientius
987 2640 1284 2702 secundum
1315 2640 1453 2698 alios
1475 2641 1697 2709 dicitur,
1730 2642 1876 2715 quod
1899 2643 1955 2698 in
1992 2642 2203 2699 ratione
2237 2644 2553 2700 humanita-

549 2728 622 2785 tis
641 2736 696 2784 et
721 2729 923 2794 anima,
955 2734 1010 2783 et
1033 2744 1230 2801 corpus
1266 2728 1599 2796 includatur,
1632 2729 1795 2786 aliter
1826 2739 2009 2786 tamen
2056 2745 2221 2801 quam
2260 2731 2323 2786 in·
2348 2730 2554 2786 diffini-

548 2816 696 2872 tione
723 2816 1128 2872 hominiS.Nam
1154 2817 1209 2872 in
1240 2818 1453 2873 ratione
1478 2816 1835 2875 humanitatis
1859 2816 2212 2874 includuntur
2240 2818 2553 2875 essentialia

547 2905 814 2978 principia
844 2904 1077 2961 hominis
1105 2905 1220 2984 sola
1245 2921 1369 2962 cum
1400 2907 1721 2980 praecisione
1746 2905 1998 2962 aliorum.
2029 2907 2165 2966 Cum
2188 2907 2335 2964 enim
2360 2907 2554 2963 huma-

547 2995 692 3050 nitas
720 2994 955 3062 dicatur,
984 3011 1093 3068 qua
1121 2992 1404 3054 homo.est
1440 2995 1625 3062 homo,
1650 2995 1999 3052 manifestum
2042 3002 2125 3052 est
2166 2997 2314 3070 quod
2345 2998 2549 3065 omnia,

547 3082 616 3136 de
643 3083 842 3153 quibus
862 3097 971 3144 non
996 3089 1079 3138 est
1108 3098 1298 3140 verum
1341 3081 1526 3138 dicere
1553 3083 1622 3138 de
1663 3083 1742 3138 eis
1784 3084 1929 3156 quod
1967 3083 2128 3140 homo
2162 3085 2235 3140 sit
2272 3083 2456 3158 home,
2484 3086 2555 3144 ab

547 3170 888 3228 humanitate
912 3171 1302 3243 praeciduntur.
1334 3171 1628 3244 Cumtvero
1653 3171 1816 3227 homo
1844 3172 2079 3242 dicatur,
2107 3174 2203 3246 qui
2234 3174 2553 3232 humanita-

550 3262 659 3311 tem
684 3256 868 3326 habet,
901 3275 998 3330 per
1024 3260 1126 3316 hoc
1155 3273 1287 3313 vero
1309 3260 1456 3335 quod
1486 3259 1881 3316 humanitatem
1911 3259 2075 3320 habet
2105 3277 2211 3317 non
2242 3262 2551 3320 excluditur

547 3345 678 3424 quin
721 3345 852 3410 alia,
888 3346 1106 3414 habeat,
1155 3353 1306 3420 puta,
1341 3346 1667 3417 albedinem,
1701 3357 1796 3405 aut
1832 3349 2038 3421 aliquid
2076 3349 2409 3422 hujusmodi,
2452 3352 2553 3408 hoc

547 3449 764 3502 nomen,
813 3435 983 3511 homo,
1033 3435 1306 3508 significat
1357 3452 1457 3492 sua
1508 3437 1821 3500 essentialia
1876 3439 2163 3512 principia,
2212 3454 2319 3496 non
2367 3447 2550 3499 tamen

545 3538 671 3602 cum
703 3524 1020 3598 praecisione
1065 3523 1314 3590 aliorum,
1342 3524 1469 3581 licet
1498 3525 1604 3581 alia
1653 3541 1758 3581 non
1798 3526 2145 3590 includantur
2174 3535 2302 3585 actu
2337 3531 2391 3585 in
2434 3531 2552 3603 ejus

546 3612 778 3686 ratione,
810 3613 905 3668 sed
947 3613 1192 3686 potentia
1239 3619 1471 3682 tantum,
1501 3615 1643 3671 unde
1684 3614 1832 3670 homo
1875 3616 2149 3688 significat
2187 3634 2285 3691 per
2326 3619 2551 3676 modum

548 3701 737 3768 totius,
765 3700 1070 3768 humanitas
1109 3717 1238 3759 vero
1279 3718 1397 3776 per
1421 3704 1643 3778 modum
1685 3705 1874 3777 partis,
1908 3720 2007 3761 nec
2054 3707 2122 3762 de
2160 3706 2380 3764 homine
2404 3724 2552 3781 prae-

546 3790 783 3846 dicatur
823 3790 883 3844 ln
923 3791 1081 3849 Sorte
1123 3805 1294 3859 vern,
1305 3798 1401 3848 aut
1438 3791 1663 3849 Platone
1708 3793 2007 3850 includitur
2046 3795 2167 3854 haec
2202 3795 2453 3864 materia,
2494 3803 2551 3853 et

547 3877 668 3932 haec
704 3877 898 3948 forma,
918 3885 998 3947 ut
1027 3879 1170 3935 sicut
1189 3887 1273 3936 est
1316 3880 1459 3946 ratio
1486 3880 1723 3940 hominis
1756 3899 1824 3940 ex
1862 3883 1968 3942 hoc
2004 3887 2153 3959 quod
2202 3887 2553 3962 componitur
