2850 4517
453 331 532 395 12
773 308 782 315 ’
928 344 985 389 s.
1027 341 1264 389 'ruouAE
1299 338 1633 390 Aoumms
1671 336 1982 384 oeuscum

451 464 608 530 ltem,
652 474 816 519 omne
839 459 992 534 quod
1029 457 1197 516 habet
1225 455 1468 530 aliquam
1511 454 1922 529 perfectionem,
1972 452 2020 511 si
2062 452 2170 513 alia
2200 453 2466 529 perfectio

452 550 503 607 ei
545 548 708 614 desit,
754 553 840 605 est
880 545 1176 603 limitatum
1217 542 1319 599 sub
1345 542 1531 616 aliquo
1576 557 1795 615 genere,
1842 540 1927 597 vel
1956 540 2159 613 specie.
2189 542 2347 600 Nam·
2368 559 2467 617 per

453 636 684 697 formam
713 650 839 710 quae
866 642 950 693 est
979 632 1246 707 perfectio
1272 632 1372 697 rei.
1405 630 1783 705 quaelibet-res
1810 630 1867 688 in
1906 646 2123 703 genere,
2156 630 2242 687 vel
2284 632 2468 713 specie

452 726 770 786 collocatur.
797 724 957 797 Quod
984 732 1170 782 autem
1193 728 1277 779 est
1303 720 1408 778 sub
1436 719 1638 795 specie,
1668 721 1835 778 etiam
1854 734 2062 792 genere
2081 721 2465 792 constitutum,

455 830 560 872 non
585 821 765 887 potest
789 828 911 869 esse
935 811 1170 884 intinitae,
1191 809 1447 867 essentiae
1474 826 1489 864 ε
1516 824 1643 865 nam
1672 814 1889 881 oportet
1915 807 2063 881 quod
2088 799 2281 866 ultima
2305 809 2468 866 diffe-

457 903 631 962 rentia
654 920 750 978 per
777 916 946 977 quam
970 900 1025 957 in
1053 900 1236 973 specie
1263 898 1505 973 ponitur,
1533 896 1791 954 terminet
1817 898 1937 970 ejus
1958 889 2251 955 essentiam
2285 886 2468 957 {unde

453 998 510 1052 et
532 992 674 1049 ratio
697 991 938 1065 speciem
965 988 1274 1054 notificans,
1315 984 1593 1055 diffinitio,
1610 985 1712 1043 .vel
1742 984 1865 1043 finis
1888 984 2111 1043 dicitur.
2136 987 2193 1044 Si
2218 1004 2350 1059 ergo
2376 988 2469 1045 di-

457 1081 582 1142 vine
617 1080 858 1137 essentia
883 1077 1114 1137 infinita
1140 1084 1246 1143 est,
1292 1074 1741 1151 impossibileest
1786 1078 1934 1149 quod
1978 1065 2467 1149 alicujuthantum

455 1169 689 1245 generis,
720 1167 808 1225 vel
839 1166 1043 1241 speciei
1090 1165 1483 1240 perfectionem
1522 1164 1739 1233 babeat,
1790 1171 1848 1221 et
1890 1164 2012 1222 aliis
2058 1164 2322 1239 privetur,
2369 1168 2467 1225 sed

455 1264 673 1333 oportet
683 1255 843 1332 ·quod
866 1256 1109 1316 omnium
1130 1270 1411 1329 generum,
1442 1250 1529 1313 vel
1554 1254 1861 1328 specierum
1884 1252 2247 1328 perfectiones
2269 1254 2470 1329 inipso

457 1348 716 1409 existant.

1186 1488 1472 1559 CAPUT
1518 1442 1757 1559 xxn}

469 1622 647 1701 Quod
667 1622 736 1686 in
765 1620 890 1687 Deo
932 1606 1128 1686 omnes
1156 1620 1555 1703 perfectiones
1580 1628 1728 1703 sunt
1755 1606 1943 1687 uuum
1970 1596 2297 1688 seeundum
2320 1638 2466 1689 rem·

529 1747 586 1807 Si
629 1752 814 1805 autem
859 1746 1180 1818 colligamus
1221 1760 1292 1804 ea
1328 1760 1455 1819 quae
1482 1746 1734 1819 superius
1768 1746 1919 1804 dicta
1946 1752 2093 1813 sunt,
2122 1746 2469 1804 manifestum

459 1842 545 1897 est
591 1834 739 1910 quod
769 1851 959 1892 omnes
1002 1834 1366 1909 perfectiones
1388 1833 1446 1891 in
1489 1836 1603 1892 Deo
1626 1841 1754 1891 sunt
1795 1852 1979 1893 unum·
2009 1836 2308 1895 secundum
2333 1851 2468 1894 rem.

461 1925 754 1985 ostensum
792 1930 878 1981 est
915 1924 1062 1981 enim
1091 1938 1255 1996 supra
1306 1924 1483 1981 Deum
1508 1924 1815 1999 simplicem
1855 1941 1994 1991 esse,
2043 1925 2135 1982 ubi
2176 1932 2360 1983 autem
2388 1932 2473 1983 est

460 2013 800 2089 simplicitas,
828 2004 1126 2073 diversitas
1143 2026 1332 2071 eorum
1355 2028 1485 2089 quae
1508 2012 1711 2073 insuntt
1740 2028 1861 2069 esse
1905 2026 2013 2069 non
2037 2017 2238 2086 potest.
2263 2012 2320 2069 Si
2343 2026 2473 2083 ergo

459 2104 516 2165 in
542 2105 657 2162 Deo
684 2110 812 2161 sunt
852 2104 1096 2161 omnium
1139 2101 1523 2178 perfectiones,
1568 2100 1902 2174 impossibile
1940 2108 2022 2157 est
2063 2101 2211 2175 quod
2248 2094 2474 2157 sint'di-

461 2209 635 2252 versae
664 2193 719 2248 in
744 2193 894 2263 ipso;
926 2190 1252 2263 relinquitur
1275 2203 1406 2261 ergo
1436 2189 1583 2261 quod
1613 2204 1802 2245 omnes
1829 2187 1940 2253 sint
1965 2206 2131 2247 unum
2157 2190 2211 2246 in
2242 2205 2327 2248 eo.
2359 2190 2476 2246 Hoc

463 2285 650 2335 autem
689 2275 1038 2335 manifestum
1081 2275 1145 2331 fit
1170 2274 1545 2332 consideranti
1590 2275 1644 2332 in
1691 2275 1988 2334 virtutibus
2036 2276 2471 2350 cognoscitivisz

463 2381 590 2427 nem
635 2364 882 2439 superior
923 2364 1008 2421 vis
1050 2364 1352 2423 secundum
1381 2380 1549 2423 unum
1576 2369 1633 2421 et
1670 2363 1816 2421 idem
1843 2373 1927 2422 est
1954 2366 2325 2438 cognoscitiva
2353 2380 2476 2424 om-

461 2454 616 2515 nium
645 2468 770 2528 quae
789 2452 859 2509 ab
887 2451 1234 2510 inferioribus
1255 2452 1465 2511 viribus
1484 2452 1783 2510 secundum
1811 2454 2029 2512 diversa
2051 2461 2473 2528 cognoscuntur,

462 2541 645 2603 omnia
684 2540 828 2625 enim
868 2554 993 2615 quae
1023 2540 1189 2607 visus,
1216 2540 1441 2600 auditus
1479 2546 1538 2596 et
1580 2541 1769 2600 caeteri
1794 2558 1986 2600 sensus
2022 2542 2350 2618 percipiunt,
2388 2542 2479 2600 in·

391 2633 397 2638 '
461 2630 715 2692 tellectus
741 2645 848 2686 una
878 2637 934 2686 et
976 2627 1211 2701 simplici
1236 2627 1441 2686 virtute
1483 2630 1751 2704 dijudicat
1790 2646 1808 2689 ε
1848 2631 2027 2688 simile
2054 2632 2222 2690 etism
2250 2637 2479 2707 apparet

465 2721 522 2780 in
566 2718 830 2777 scientiis.
860 2719 1020 2789 Nam,
1051 2733 1176 2776 cum
1202 2713 1491 2779 inferiores
1534 2720 1781 2780 scientiae
1806 2721 2107 2781 secundum
2136 2721 2351 2779 diversa
2379 2738 2481 2794 ge-

466 2823 596 2869 nera
634 2821 817 2867 rerum
861 2806 1011 2865 circe
1056 2822 1182 2881 quae
1209 2814 1520 2877 versantur,
1560 2824 1749 2868 eorum
1790 2808 2023 2868 intentio
2062 2809 2475 2882 multiplicetur,

468 2910 574 2957 une
605 2897 1056 2957 temen'scientia
1096 2904 1180 2955 est
1209 2895 1266 2956 in
1293 2897 1374 2956 eis
1401 2898 1648 2973 superior
1686 2898 1756 2955 ad
1786 2898 2069 2954 omnia-se
2097 2896 2321 2961 habens,
2353 2913 2481 2967 quae
2532 2914 2551 2927 ·

469 2986 806 3063 philosophia
848 2987 1023 3062 prima
1067 2986 1288 3043 dicitur.
1319 2990 1563 3061 Apparet
1604 2986 1773 3041 etiam
1817 2983 1964 3040 idem
1993 2981 2045 3038 in
2092 2983 2479 3054 potestatibnS,

468 3092 594 3137 nam
625 3076 679 3132 in
705 3074 854 3145 regia
878 3081 1170 3147 potestate,
1195 3090 1323 3130 cum
1343 3074 1417 3128 sit
1443 3088 1570 3137 una,
1596 3069 1953 3128 includuntur
1971 3085 2161 3127 omnes
2179 3077 2485 3145 potestates

469 3180 596 3239 quae
619 3178 714 3235 per
736 3161 954 3218 diversa
980 3160 1162 3220 officia
1183 3161 1289 3218 sub
1310 3160 1552 3223 dominio
1576 3159 1727 3233 regni
1751 3158 2172 3219 distribuuntur.
2198 3161 2289 3221 Sic
2315 3162 2484 3235 igitur

466 3260 524 3313 et
546 3249 912 3325 perfectiones
951 3266 1080 3324 quae
1109 3250 1163 3307 in
1191 3248 1543 3308 inferioribus
1584 3248 1749 3307 rebus
1775 3249 2079 3317 secundum
2106 3250 2483 3311 diversitatem

469 3355 651 3402 rerum
683 3336 1132 3413 multiplicantur,
1161 3345 1376 3413 oportet
1403 3339 1557 3413 quod.
1581 3338 1637 3396 in
1668 3338 1786 3413 ipso
1815 3355 1999 3398 rerum
2022 3340 2247 3411 vertice,
2274 3340 2484 3399 scilicet

471 3430 605 3505 Deo,
637 3427 916 3487 uniantur.
2312 3430 2317 3433 '

1181 3572 1470 3647 CAPUT
1517 3534 1772 3647 me.
1810 3656 1817 3663 ,
1858 3518 1861 3525 ¹
1910 3520 1915 3524 ’

806 3707 986 3787 Quod
1009 3709 1080 3775 in.
1102 3712 1230 3777 Deo
1257 3704 1503 3798 nullum
1528 3712 1801 3777 accidens
1834 3668 2165 3777 inuenitur.
2260 3716 2266 3723 ·

543 3831 678 3899 Inde
703 3814 874 3897 etiam
903 3843 1149 3909 apparet,
1179 3836 1327 3913 quod
1355 3836 1412 3903 in
1440 3836 1555 3893 Deo
1595 3836 1805 3899 nullum
1832 3836 2090 3895 accidens
2128 3842 2250 3899 esse
2286 3838 2485 3907 potest.

469 3924 529 4001 tl
549 3910 705 3987 'enim
753 3923 810 3983 in
837 3940 903 3985 eo
947 3938 1139 3985 omnes
1167 3925 1531 4000 perfectiones
1566 3934 1705 3988 =sunt
1748 3940 1937 3994 unum,
1987 3924 2058 3985 ed
2098 3922 2491 4001 perfectionem
