2850 4517
630 369 721 425 111·
752 384 834 401 —
859 368 937 416 me
979 369 1332 417 menemus
1358 366 1762 434 crunnum,
1805 374 1938 419 mc.
2111 439 2114 441 v
2165 356 2287 420 255

269 500 407 545 num
432 490 681 561 peccant.
712 482 795 543 Illi
838 486 1049 545 scilicet
1089 488 1355 557 homineS,
1388 486 1484 563 qui
1513 480 1738 546 vitando
1777 502 1943 547 unum
1972 497 2281 564 peccatum,
2321 505 2324 508 ·

268 580 335 635 ut
359 582 494 651 puta
518 574 809 643 luxuriam,
845 576 989 633 aliud
1038 578 1406 647 committunt,
1441 568 1504 635 ut'
1531 592 1774 635 usuram.
1802 577 1906 637 Sed
1934 579 2286 635 nihilominus

272 667 623 733 damnantur,
657 666 787 739 quia
829 666 924 738 qui
968 666 1186 739 offendit
1212 666 1273 723 in
1310 681 1437 733 une,
1467 666 1642 739 faetus
1670 676 1745 725 est
1773 666 2009 725 omnium
2053 685 2194 734 reus,
2223 672 2284 723 ut

270 754 478 811 dicitur
499 754 687 811 Jacob.
707 756 957 823 mitem,
986 762 1115 811 sunt
1142 756 1311 829 aliqui
1340 757 1435 829 qui
1461 756 1788 813 confitentur
1813 754 2088 831 quaedam,
2121 774 2282 831 quae-

271 841 401 900 darn
420 858 545 912 non,
564 842 650 899 vel
676 850 943 917 quantum
968 842 1036 900 ad
1059 842 1306 901 diversos
1332 846 1730 903 confessionem
1750 842 2022 909 dividunt.
2050 846 2155 903 Sed
2185 844 2275 903 isti

272 946 382 989 non
412 938 708 999 merentur,
740 932 909 988 immo
952 941 1181 1005 peccant
1207 934 1261 990 in
1296 934 1419 1004 hoc,
1450 936 1581 1008 quia
1609 935 1784 991 Deum
1812 931 2064 1008 decipere
2093 935 2280 991 inten-

274 1021 431 1091 dunt,
459 1028 515 1077 et
538 1022 669 1095 quia
693 1019 1017 1088 divisionem
1048 1019 1102 1077 in
1132 1030 1475 1080 sacramento
1503 1023 1876 1081 committunt.
1907 1022 2186 1093 Quantum
2210 1022 2278 1081 ad

272 1110 511 1185 primum
527 1108 661 1166 dicit
678 1110 901 1183 quidam
922 1125 934 1164 ε
957 1110 1181 1184 impium
1202 1118 1286 1169 est
1304 1128 1336 1168 a
1356 1110 1470 1169 Deo
1487 1112 1772 1169 dimidiam
1796 1128 2018 1187 sperare
2038 1108 2279 1170 veniam}

274 1200 551 1269 Quantum
597 1194 663 1255 ad
712 1198 1032 1265 secundum,
1065 1198 1209 1256 Psal.
1254 1200 1710 1273 Lx1:.Effzmdite
1752 1216 1932 1257 coram
1974 1198 2080 1279 illo,
2118 1198 2281 1259 corda

270 1292 472 1352 vestra,
504 1286 635 1360 quia
666 1286 922 1343 videlicet
951 1288 1135 1345 omnia
1162 1295 1290 1345 sunt
1316 1290 1371 1345 in
1413 1287 1752 1347 confessione
1783 1289 2097 1348 revelanda.
2290 1283 2295 1287 ⁴

341 1375 772 1432 sam-ostensum
796 1384 879 1433 est
908 1376 1052 1449 quod
1078 1374 1239 1433 homo
1263 1394 1322 1433 se
1346 1380 1462 1435 Deo
1490 1379 1621 1435 dare
1650 1386 1884 1435 tenetur.
1915 1380 2073 1435 Nunc
2096 1380 2283 1436 consi-

272 1463 577 1521 derandum
614 1472 699 1521 est
745 1464 873 1539 quid
918 1467 1079 1521 homo
1121 1466 1191 1523 de
1236 1482 1294 1523 se
1338 1467 1454 1524 Deo
1489 1467 1621 1524 dare
1663 1466 1880 1525 debeat.
1911 1468 2085 1543 Debet
2137 1468 2280 1525 enim

272 1554 436 1609 homo
465 1555 579 1611 Deo
608 1550 739 1611 dare
765 1562 1023 1627 quatuor,
1052 1556 1263 1611 scilicet
1299 1571 1413 1623 cor,
1446 1556 1704 1621 animam,
1738 1563 1996 1623 mentem,
2031 1562 2086 1612 et
2121 1556 2282 1612 forti-

222 1651 225 1654 “
274 1642 542 1698 tudinem.
574 1643 642 1699 Et
663 1642 786 1699 ideo
812 1641 1013 1699 dicitur
1048 1642 1182 1700 Mat.
1214 1658 1300 1701 xn
1329 1662 1342 1701 ε
1376 1642 1577 1717 Diliyes
1604 1643 1893 1700 Dominum
1931 1642 2100 1701 Deum
2129 1652 2280 1703 tuum

273 1748 339 1786 ex
363 1738 473 1788 toto
504 1731 654 1787 eorde
685 1739 794 1798 tue,
818 1739 869 1790 et
892 1749 957 1787 ex
984 1740 1097 1789 tola
1121 1733 1306 1789 anima
1332 1740 1448 1799 tua,
1474 1740 1522 1789 et
1543 1750 1609 1789 σω
1634 1741 1746 1790 tota
1780 1740 1952 1789 mente
1991 1741 2107 1799 tua,
2138 1742 2190 1791 et
2217 1751 2282 1791 ex

274 1828 387 1877 tota
412 1820 636 1886 virtute,
666 1820 725 1876 id
752 1815 848 1887 est,
875 1818 1201 1893 fortitudine
1230 1821 1648 1878 tua.Sciendum
1680 1830 1764 1878 est
1793 1828 1976 1879 autem
2007 1824 2152 1896 quod
2183 1840 2280 1893 per

272 1924 369 1964 cor
403 1908 729 1979 intelligitur
766 1908 855 1965 hic
888 1911 1141 1966 intentio.
1168 1906 1266 1965 Est
1286 1908 1493 1966 *autem
1534 1901 1765 1977 intentio
1818 1916 1986 1965 tantae
2034 1911 2275 1977 virtutiS,

272 1996 425 2071 quod
450 1994 634 2052 omnia
680 2008 841 2069 opera
882 1996 949 2053 ad
994 2013 1053 2053 se
1084 1995 1272 2063 trahit.
1303 1997 1459 2055 Unde
1485 2014 1718 2072 quaeque
1751 1998 1891 2053 bona
1928 1996 2068 2055 mala
2096 1998 2282 2054 inten-

273 2088 425 2143 tione
462 2084 713 2154 facta,in
748 2084 889 2143 mala
936 2094 1351 2144 convertuntur.
1380 2088 1544 2143 Lucae
1594 2100 1655 2142 xt
1685 2086 1780 2142 :Si
1825 2088 2004 2143 oculus
2051 2094 2196 2157 tuus,
2221 2086 2282 2143 id

271 2182 378 2241 est,
412 2173 664 2243 intentio,
692 2190 914 2248 nequam
941 2174 1133 2248 fuerit,
1160 2166 1329 2233 totum
1364 2191 1553 2249 corpus
1581 2172 1910 2231 tenebrosum
1935 2173 2061 2241 erit,
2092 2176 2146 2231 id
2172 2182 2274 2243 est,

272 2262 562 2337 congeries
585 2264 849 2321 honorum
887 2279 1111 2339 operum
1157 2272 1375 2322 tuorum
1406 2264 1694 2321 tenebrosa
1733 2264 1859 2321 erit.
1885 2264 1953 2320 Et
1993 2272 2282 2339 propterea

270 2354 331 2409 in
389 2354 534 2409 omni
594 2368 756 2427 opere
806 2360 993 2417 nostro
1051 2354 1282 2411 intentio
1337 2339 1589 2455 ponenda
1645 2361 1728 2411 est
1785 2354 1838 2410 in
1884 2354 2030 2410 Deo.
2087 2358 2278 2427 Apost.

271 2442 295 2500 1
321 2443 505 2521 Corin.
528 2459 614 2501 x,
645 2442 763 2499 Sive
786 2457 909 2515 erqo
930 2442 1284 2510 manducatis,
1301 2444 1407 2500 sive
1432 2443 1629 2510 bibitis,
1653 2444 1733 2499 vel
1751 2440 1901 2499 aliud
1928 2442 2058 2515 quid
2074 2444 2286 2517 facitis,

272 2532 456 2589 omnia
497 2531 558 2588 in
583 2532 812 2605 ylariam
833 2528 933 2588 Dei
956 2532 1137 2605 facite.
1162 2532 1267 2589 Sed
1296 2532 1439 2589 bona
1469 2531 1702 2588 intentio
1733 2549 1840 2591 non
1868 2532 2087 2598 sufficit,
2113 2532 2288 2589 immo

272 2628 529 2691 opportet
554 2618 700 2709 quod
726 2619 870 2675 adsit
894 2620 1035 2677 hona
1063 2619 1337 2687 volunta3‚
1367 2636 1493 2692 quae
1521 2636 1618 2693 per
1644 2621 1882 2677 animam
1917 2620 2286 2691 significatur:

248 2698 610 2781 ¹Frequenter
644 2710 788 2764 enim
822 2708 1019 2783 aliquis
1047 2708 1189 2766 bona
1229 2710 1530 2764 intentione
1557 2716 1834 2779 operatur,
1869 2707 1962 2763 sed
1989 2707 2277 2777 inutiliter,

269 2811 401 2854 cum
434 2796 572 2852 bona
596 2796 846 2853 voluntas
874 2798 1017 2853 desit
1045 2816 1058 2853 :
1096 2798 1153 2853 ut
1181 2798 1225 2853 si
1251 2797 1375 2869 quis
1399 2795 1610 2851 furetur
1639 2804 1699 2851 ut
1741 2803 1935 2869 pascat
1964 2812 2278 2869 pauperem,

273 2892 358 2941 est
383 2882 606 2959 quidem
640 2891 787 2941 recta
834 2886 1083 2957 intentiO,
1113 2884 1207 2943 sed
1249 2885 1403 2941 deest
1433 2882 1706 2939 rectitudo
1734 2882 1934 2939 debitae
1957 2882 2288 2951 voluntati3,'

273 2974 419 3029 unde
447 2972 655 3029 nullum
684 2974 887 3031 malum
916 2974 1057 3031 bona
1084 2974 1383 3031 intentione
1408 2971 1615 3028 factum
1639 2976 1951 3038 excusatur,
1980 2972 2136 3027 Rom.
2168 2984 2234 3027 ιιι
2264 2972 2291 3026 z'

275 3062 379 3131 Qui
433 3060 639 3128 dieunt,
676 3059 942 3135 faciamus
979 3060 1121 3119 mola·
1166 3070 1229 3119 ut
1262 3061 1479 3117 veniant
1535 3058 1688 3125 bona,
1740 3074 1965 3131 quorum
2008 3050 2289 3115 damnatio*

269 3154 538 3227 justa-est.
566 3150 718 3209 Tunc
742 3158 927 3209 autem
956 3150 1111 3209 adest
1139 3151 1280 3219 bona
1306 3150 1560 3208 voluntas
1586 3150 1890 3215 intentioni,
1920 3148 2139 3222 quando
2165 3149 2288 3221 ipsa'

275 3242 529 3299 voluntas
553 3242 823 3297 Voluntati
848 3240 1051 3298 divinae
1073 3240 1389 3307 concordat,
1418 3238 1637 3313 quando
1662 3236 1907 3311 quotidie
1939 3233 2293 3313 postulamus'

275 3329 541 3387 dicentes.
567 3328 700 3386 Fiat
722 3331 964 3387 voluntas
982 3338 1079 3385 tua
1105 3338 1213 3387 etc.
1238 3330 1307 3386 Et
1330 3328 1474 3386 P‘sal.
1507 3318 1699 3385 xxxix
1723 3346 1735 3384 :
1766 3324 1832 3385 Ut
1855 3326 2084 3398 lacerem
2105 3324 2294 3383 volum

276 3428 436 3477 tatem
468 3426 637 3485 tuam,
659 3418 804 3475 Deus
826 3436 989 3485 meus,
1018 3420 1179 3476 volui.
1216 3420 1284 3475 Et
1309 3436 1530 3492 propter
1554 3417 1657 3474 hoc
1681 3414 1832 3483 dicit,
1868 3416 1923 3471 in
1955 3416 2078 3472 tota'
2101 3416 2282 3472 anima

279 3517 389 3565 tua.
422 3510 619 3564 Anima
650 3510 795 3563 enim
822 3510 877 3563 in
904 3508 1185 3581 Scriptura
1212 3507 1526 3581 frequenter
1552 3523 1648 3580 pro
1681 3507 1964 3563 voluntate
1991 3501 2280 3576 accipitur,

274 3604 333 3653 ut
356 3596 637 3653 Hebraeor.
671 3610 710 3651 x
744 3614 756 3651 ε
790 3594 940 3662 Quod
966 3596 1013 3651 si
1054 3596 1387 3651 subtraxerit
1414 3612 1488 3661 se,
1515 3608 1619 3650 non
1652 3590 1878 3666 placebit
1915 3592 2113 3648 animoe
2135 3590 2296 3673 mecm]

274 3684 327 3741 id
377 3691 460 3743 est
504 3682 776 3743 voluntati
822 3700 975 3742 meae.
1026 3684 1129 3741 Sed
1159 3682 1452 3756 aliquando
1481 3692 1564 3740 est
1593 3681 1734 3739 bona
1766 3681 2014 3749 intentio,
2046 3690 2100 3737 et
2133 3674 2297 3735 ’bona'

274 3773 545 3840 voluntaS,
578 3775 672 3830 sed
705 3775 759 3830 in
791 3772 1071 3830 intellectu
1100 3772 1428 3847 quandoque
1456 3768 1677 3846 aliquod
1704 3776 1988 3845 peccatum
2019 3769 2294 3825 habetur:'

273 3870 329 3919 et
358 3862 479 3919 ideo·
512 3869 663 3921 totus
684 3862 993 3920 intellectus
1022 3861 1234 3919 dandus
1262 3871 1345 3917 est
1370 3861 1506 3917 De0.
1539 3864 1727 3933 Apost.
1756 3850 2069 3923 lI‘Corinth.
2098 3874 2138 3914 x
2170 3876 2180 3911 :
2215 3852 2297 3941 Ins

273 3950 639 4026 captivitatem
681 3952 978 4027 rediyentes
1000 3958 1209 4011 'omnem
1248 3948 1571 4007 intellectum
1616 3948 1678 4005 in
1717 3945 2016 4023 obsequium
2047 3944 2278 4005 Christi.
