2850 4517
856 358 1013 408 1.·-·
1039 356 1469 409 companium.
1496 362 1863 413 ‘rammam
1884 321 1917 375 .'
2293 352 2371 414 13

347 486 540 539 autem
565 478 807 553 pertinet
832 492 972 549 esse,
1017 494 1198 557 posse,
1235 496 1416 553 agere,
1464 485 1521 537 et
1562 482 1743 551 omnia
1770 482 2101 556 hujusmodi,
2147 478 2369 542 necesse

346 577 436 628 est
461 568 649 627 omnia
678 569 732 625 in
761 584 828 625 eo
865 569 1012 630 idem
1037 584 1158 629 esse
1185 569 1334 643 quod
1361 570 1483 644 ejus
1522 571 1781 629 essentia.
1805 572 2031 630 Nullum
2069 574 2239 649 igitur
2270 591 2370 633 eo·-

347 675 474 717 rum
498 661 555 716 in
589 675 657 717 eo
684 668 770 717 est
799 660 1075 717 accidens.
1117 660 1273 726 Item,
1306 659 1645 733 impossibile
1672 667 1759 729 est
1792 662 2063 727 inlinitum
2090 680 2211 721 esse
2238 678 2369 737 per-

347 744 618 818 fectione·‚'
640 750 796 823 cujus
821 747 1142 821 perfectioni
1171 746 1378 822 aliquid
1421 738 1588 820 adjici
1631 756 1832 824 potest.
1860 751 1916 809 Si
1938 759 2121 809 autem
2161 746 2369 827 aliquid

349 846 438 895 est
465 840 624 913 cujus
653 840 836 913 aliqua
881 828 1146 913 poi-rectio
1173 838 1246 895 sit
1275 838 1555 907 accidens5
1580 854 1709 895 cum
1739 855 1899 896 omne
1922 841 2177 899 accidens
2202 858 2367 917 supe-

348 929 622 995 raddatur
660 928 939 997 essentiaef
979 936 1196 1002 oportet
1239 925 1386 1001 quod
1414 928 1551 999 eJus,
1578 927 1837 986 essentiae
1881 928 2067 1003 aliqua
2110 932 2371 1003 perfectio

349 1018 522 1090 adjici
545 1018 751 1090 possit.
777 1017 898 1073 Non
925 1016 1091 1089 igitur
1122 1012 1398 1074 invenitur
1428 1016 1483 1073 in
1525 1018 1645 1088 eJus
1674 1017 1911 1075 essentia
1940 1017 2203 1090 perfectio
2245 1020 2371 1077 inli-

349 1109 493 1165 nita.
539 1105 834 1171 ostensum
869 1113 954 1162 est
977 1112 1161 1165 autem
1205 1107 1377 1162 Deum
1407 1106 1707 1165 secundum
1736 1122 1894 1164 snum
1922 1108 2217 1167 essentiam
2245 1107 2373 1165 inli-

350 1198 504 1254 nilae.
533 1187 894 1271 perfectionis
924 1210 1064 1251 esse.
1094 1193 1257 1251 Nulla
1284 1194 1454 1267 igitur
1496 1195 1553 1251 in
1594 1208 1661 1251 eo
1703 1195 1968 1269 perfectio
2016 1195 2375 1255 accidentalis

315 1344 322 1348 .
351 1303 478 1345 esse
505 1293 706 1359 potest,
737 1285 833 1343 sed
863 1284 1124 1359 quicquid
1154 1284 1208 1341 in
1233 1300 1298 1341 eo
1327 1292 1433 1347 est,
1461 1284 1740 1342 subtantia
1770 1286 1891 1358 ejus
1914 1290 2020 1344 est.
2048 1284 2163 1343 Hoe
2204 1286 2371 1345 etiam

353 1376 518 1433 facile
541 1383 624 1431 est
652 1372 1069 1441 concludere-ex
1093 1388 1312 1431 summa
1338 1374 1693 1447 simplicitate
1722 1373 1887 1441 illius,
1920 1382 1976 1430 et
2004 1390 2071 1431 ex
2098 1373 2201 1430 hoc
2224 1375 2371 1449 quod

353 1472 444 1523 est
468 1472 625 1521 actus
657 1479 844 1537 purus,
875 1469 931 1519 et
955 1479 1021 1520 ex
1048 1462 1150 1518 hoe
1172 1462 1319 1535 quod
1344 1470 1429 1519 est
1455 1462 1697 1536 primum
1738 1463 1795 1519 in
1824 1461 2075 1521 entibus.
2106 1463 2371 1522 Est-enim

353 1544 558 1627 aliquis
596 1551 1009 1627 compositionis
1053 1550 1246 1621 modus
1289 1550 1593 1609 accidentis
1621 1550 1691 1609 ad
1719 1552 2053 1623 subJect‘um.
2092 1552 2152 1619 ld
2205 1554 2373 1614 etiam

352 1642 505 1717 quod
552 1641 858 1715 subjectum
882 1646 984 1710 est,
1017 1656 1124 1701 non
1148 1647 1330 1714 potest
1365 1656 1500 1697 esse·
1528 1648 1687 1698 actus
1732 1656 1921 1714 purus,
1954 1656 2079 1699 cum
2120 1642 2376 1703 accidens

353 1735 432 1790 sit
459 1732 713 1805 quaedam
741 1730 934 1799 forma,
965 1729 1052 1787 vel
1074 1730 1515 1803 actussubjecti.
1540 1730 1765 1805 Semper
1793 1730 1967 1797 etiam·
1990 1730 2135 1803 quod
2155 1737 2248 1787 est
2276 1728 2373 1805 per

351 1838 436 1891 se,
470 1822 729 1894 priusest
753 1835 818 1875 eo
841 1819 986 1893 quod
1012 1826 1096 1876 est
1134 1835 1232 1891 per
1256 1819 1532 1877 accidens.
1563 1819 1644 1877 Ex
1672 1818 1871 1891 quibus
1895 1817 2147 1877 omnibus
2174 1834 2375 1875 secun·

351 1912 490 1966 dnm
519 1907 836 1981 supradicta
863 1907 1054 1963 haberi
1083 1914 1283 1980 potest,
1313 1906 1461 1979 quod
1498 1907 1553 1963 in
1578 1908 1693 1963 Deo
1730 1906 1865 1963 nihil
1893 1914 1979 1963 est
2005 1908 2150 1980 quod
2180 1924 2375 1965 secun·

351 1999 490 2056 dum
523 1994 782 2053 accidens
809 1994 1046 2051 dicatur.

2232 2099 2255 2139 Ι
2358 2114 2367 2127 ι

1070 2170 1355 2241 CAPUT
1412 2168 1679 2244 XXIV..

407 2320 588 2398 Quod
611 2316 946 2381 multitudo
972 2316 1240 2381 rationis
1265 2317 1589 2381 nominum
1600 2334 1735 2399 quae
1759 2276 2053 2382 dicuntur
2080 2272 2153 2385 de
2174 2282 2329 2397 Deo,

838 2424 959 2469 non
983 2411 1286 2487 repuynat
1321 2408 1715 2509 simplicitati
1741 2408 1895 2487 ejvs.

365 2584 378 2588 -
435 2547 537 2602 Per
563 2504 666 2601 hoc
694 2550 878 2601 autem
901 2498 1128 2615 apparet
1156 2544 1297 2600 ratio
1325 2541 1693 2602 multitudinis
1715 2543 1998 2601 nominum
2020 2560 2148 2617 quae
2166 2545 2235 2602 de
2262 2546 2379 2599 Deo

359 2636 641 2697 dicuntur
682 2632 850 2707 licet
836 2648 954 2706 ipse
1004 2633 1059 2689 in
1088 2648 1148 2689 se
1174 2634 1248 2690 sit
1293 2634 1605 2691 omnimode
1646 2634 1899 2707 simplex,
1931 2635 2069 2691 Cum
2096 2635 2242 2689 enim
2290 2635 2378 2690 in-

362 2724 620 2781 tellectus
645 2728 832 2780 noster
855 2721 1150 2779 essentiam
1177 2724 1298 2794 eJus
1325 2724 1381 2779 in
1422 2723 1631 2795 seipsa
1654 2727 1853 2794 capere
1880 2736 1991 2779 non
2030 2722 2289 2787 sufficiat,
2322 2723 2377 2777 in

362 2816 484 2887 ejus
511 2812 877 2884 cognitionem
905 2809 1187 2881 consurgit
1233 2826 1300 2865 ex
1327 2810 1490 2867 rebus
1518 2818 1644 2882 quae
1671 2810 1817 2881 apud
1845 2816 1947 2865 'nos
1974 2817 2119 2877 sunt,
2154 2812 2209 2867 in
2250 2812 2377 2885 qui-

363 2904 470 2959 bus
504 2899 854 2957 inveniuntur
894 2899 1129 2955 diversae
1168 2896 1551 2970 perfectiones,
1584 2910 1817 2970 quarum
1846 2898 2089 2953 omnium
2126 2898 2280 2970 radix
2324 2907 2381 2955 et

363 2991 522 3062 origo
543 2989 599 3045 in
627 2989 742 3046 Deo
765 3003 874 3046 una
897 2994 1001 3054 est,
1030 2992 1089 3043 nt
1113 2989 1395 3041 ostensum
1433 2989 1537 3040 est.
1568 2982 1637 3041 Et
1662 2982 1797 3056 quia
1825 2997 1931 3055 npn
1960 2997 2248 3056 possumus
2275 2983 2381 3040 ali-

361 3078 501 3153 quid
531 3078 831 3143 nominare‚
863 3075 968 3131 nisi
997 3072 1297 3151 secundum
1325 3071 1472 3147 quod
1520 3070 1895 3143 intelligimus,
1924 3079 2072 3131 sunt·
2104 3072 2249 3131 enim
2280 3089 2381 3129 no-

363 3168 518 3224 mina
533 3164 919 3243 intellectuum
946 3164 1104 3235 signa
1131 3164 1350 3220 :Deum
1377 3176 1485 3219 non
1521 3174 1811 3235 possumus
1834 3162 2135 3230 nominare,
2170 3164 2271 3241 nisi
2314 3180 2382 3225 ex

364 3254 794 3329 perfectionibus
821 3254 878 3309 in
922 3251 1046 3309 aliis
1075 3251 1238 3308 rebus
1267 3250 1521 3317 inventis,
1550 3266 1782 3325 quarum
1811 3252 1965 3323 origo
1986 3252 2060 3327 ‘in
2104 3252 2221 3325 ipso
2248 3262 2332 3311 est
2365 3272 2378 3311 ε

363 3352 426 3402 et
449 3344 580 3419 quia
607 3343 694 3401 hae
722 3344 779 3399 in
808 3342 972 3399 rebus
1000 3341 1122 3398 istis
1160 3340 1489 3415 multiplices
1528 3347 1675 3410 sunt,
1706 3348 1924 3413 oportet
1966 3340 2137 3397 multa
2164 3343 2381 3399 nomina

363 3436 484 3492 Deo
515 3433 815 3507 imponere.
858 3432 913 3489 Si
945 3438 1129 3493 autem
1158 3430 1453 3493 essentiam
1482 3432 1600 3502 ejus
1624 3429 1679 3485 in
1716 3430 1897 3503 seipsa
1921 3429 2247 3498 videremuS‚
2276 3448 2381 3487 non

365 3522 746 3612 requireretur
787 3522 1068 3590 nominum
1107 3520 1429 3591 multitudo,
1470 3519 1566 3575 sed
1614 3528 1759 3583 esset
1788 3519 2037 3597 simplex
2046 3522 2195 3600 notio
2242 3523 2379 3592 ejus,

365 3614 514 3669 sicut
543 3617 627 3667 est
670 3599 902 3684 simplex
929 3598 1168 3681 essentia
1197 3609 1335 3681 eJuS,
1387 3615 1443 3663 et
1483 3607 1629 3665 hoc
1616 3625 1668 3665 in
1699 3607 1789 3666 die
1818 3608 2008 3680 gloriae
2056 3586 2258 3665 nostrae
2286 3622 2383 3662 ex-

367 3709 675 3776 pectamuS,
707 3698 1009 3757 secundum
1037 3697 1170 3755 illud
1195 3695 1749 3754 zach-ultimo·1n
1766 3695 1861 3752 illo
1884 3695 1969 3751 die
1986 3696 2094 3753 erit
2118 3693 2381 3791 Dominus

362 3803 530 3857 unm,
563 3797 616 3849 et
641 3786 844 3846 nomen
859 3785 972 3861 ejus
989 3788 1185 3852 ωασπς

1243 3958 1493 3989 W
