2850 4517
544 408 659 471 194
1018 426 1069 469 s.
1115 418 1346 468 ‘rquAE
1387 416 1717 473 mummius
1759 415 2070 467 opuscum

540 549 625 598 est
647 540 739 597 hic
766 539 1199 612 intelligendum,
1228 540 1373 614 quod
1401 537 1572 614 aliqui
1602 538 1684 596 sic
1715 536 1830 594 vivi
1867 534 2206 611 Judieentur,
2235 532 2378 609 quod
2407 544 2562 591 nun·

541 646 707 703 quam
743 629 1013 688 senserint
1053 632 1299 704 corporis
1344 633 1598 697 mortem,
1625 628 1769 685 siout
1815 626 1987 698 aliqui
2031 628 2350 698 posuerunt.
2375 623 2567 679 Mani-

541 716 679 775 feste
703 721 849 775 enim
868 711 1115 793 Apestoi.
1144 719 1279 775 dicit
1308 718 1574 775 l.Corint.
1598 704 1720 773 xv‘:
1749 716 1938 773 Omnes
1959 714 2171 787 quidem
2197 729 2564 785 resuryemus,

540 812 598 862 et
623 806 731 864 alia
752 807 937 864 littera
975 806 1140 864 habet
1173 824 1187 862 ε
1230 807 1417 864 Omnes
1441 806 1650 879 quidem
1677 804 2020 869 dormiemus,
2043 802 2206 871 idest,
2234 802 2562 871 moriemur,

538 896 657 951 sive
687 905 745 953 ut
774 897 829 952 in
856 895 1133 969 aliquibus
1158 895 1312 951 libris
1334 894 1568 951 habetur
1596 894 1756 953 :Non
1777 910 1953 950 omnes
1979 891 2192 966 quidem
2211 890 2560 960 dormientia-5,

544 992 601 1039 ut
641 982 980 1059 Hieronym.,
1002 984 1139 1041 dicit
1180 984 1237 1039 in
1290 976 1524 1062 epistola
1570 983 1638 1039 ad
1689 982 2001 1057 Minerium.
2029 980 2100 1039 de
2153 980 2564 1037 resurrectione

540 1074 740 1142 carum,
772 1073 921 1145 quod
951 1070 1231 1146 praedictae
1254 1072 1543 1131 sententiae
1567 1072 1885 1129 firmitatem
1907 1086 2013 1127 non
2043 1070 2206 1127 tollit.
2227 1071 2368 1126 Nam
2394 1069 2562 1143 paulo

542 1167 670 1217 ante
711 1161 1057 1234 praemiserat
1097 1165 1288 1233 Apost.
1319 1178 1331 1215 ε
1360 1159 1513 1218 Sicut
1535 1160 1596 1215 in
1619 1160 1800 1217 Adam
1828 1174 2006 1215 omnes
2037 1158 2370 1223 moriuntur,
2400 1158 2482 1212 ita
2505 1164 2563 1213 et

540 1266 715 1305 omnes
751 1250 813 1305 in
842 1249 1055 1307 Christo
1092 1249 1536 1321 vivificabuntur,
1571 1257 1630 1307 et
1675 1249 1758 1306 sic
1795 1246 1927 1303 illud
1968 1246 2130 1320 quod·
2159 1246 2384 1323 dicitur,
2429 1244 2562 1303 Non

542 1355 718 1395 omnes
740 1339 1084 1405 dormiemus,
1109 1355 1221 1396 non
1247 1345 1431 1413 potest
1458 1338 1649 1395 referri
1678 1338 1748 1395 ad
1783 1343 2018 1394 mortem
2043 1335 2307 1410 corporiS‚
2341 1351 2466 1408 quae
2499 1336 2562 1391 in

544 1442 734 1483 omnes
776 1428 1033 1485 transivit
1071 1444 1167 1501 per
1206 1434 1495 1507 peceatum
1531 1426 1694 1500 primi
1732 1427 1994 1502 parentis„
2025 1432 2087 1483 ut
2119 1422 2323 1483 dicitur
2359 1424 2462 1481 Ro.
2487 1440 2558 1494 νς

546 1516 645 1572 sed
698 1518 1076 1590 exponendum
1125 1524 1211 1573 est
1264 1517 1333 1573 de
1384 1516 1712 1574 dormitione
1771 1514 2022 1588 peccati,
2067 1514 2138 1570 de
2189 1528 2298 1587 qua
2353 1512 2563 1571 dicitur

548 1605 745 1678 EpheS.
772 1621 811 1662 v
839 1624 852 1661 τ
883 1607 1050 1680 Βανρο
1072 1606 1164 1679 qui
1190 1605 1411 1671 dormis,
1442 1612 1492 1663 et
1521 1621 1719 1677 exui-90
1737 1620 1773 1659 a
1796 1604 2047 1669 mortuis,
2077 1610 2130 1660 et
2153 1601 2480 1660 illuminabit
2509 1610 2564 1660 te

551 1694 817 1751 Christus.
846 1696 1257 1769 Distinguentur
1294 1711 1425 1767 ergo
1454 1696 1547 1769 qui
1588 1695 1643 1751 in
1673 1695 1910 1751 adventu
1957 1692 2175 1749 Domini
2212 1692 2564 1768 reperientur

550 1784 621 1840 ab
646 1785 733 1842 his
758 1785 852 1858 qui
891 1791 1018 1841 ante
1054 1785 1427 1853 decesserunt,
1457 1799 1563 1840 non
1595 1783 1725 1858 quia
1765 1782 1869 1857 ipsi
1911 1798 2189 1856 nunquam
2229 1780 2558 1851 moriantur,

546 1874 642 1930 sed
673 1874 802 1947 quia
828 1866 881 1929 in
912 1874 1031 1947 ipso
1060 1879 1223 1946 raptu
1268 1888 1378 1946 quo
1420 1872 1706 1946 rapientur
1741 1870 1798 1927 in
1827 1870 2064 1927 nubibus
2099 1869 2316 1928 obviam
2342 1870 2562 1929 Christo

547 1964 602 2017 in
627 1978 775 2029 aera,
806 1963 1130 2032 morientur,
1163 1970 1217 2019 et
1256 1964 1447 2020 statim
1489 1966 1796 2034 resurgent,
1836 1968 1896 2016 ut
1923 1965 2064 2033 Aug.
2103 1959 2256 2019 dicit.
2291 1960 2562 2017 Conside-

548 2050 781 2106 randum
808 2056 989 2107 tamen
1032 2057 1137 2120 est,
1169 2051 1315 2123 quod
1346 2051 1416 2108 ad
1452 2050 1726 2124 judicium
1767 2049 1874 2106 tria
1915 2064 2239 2106 concurrere
2279 2048 2560 2109 videntur.

490 2132 495 2137 ’
549 2138 727 2195 Primo
771 2140 1013 2214 quidem,
1036 2140 1185 2214 quod
1222 2140 1423 2213 aliquis
1459 2138 1633 2212 judici
1683 2144 2046 2212 praesentetur
2078 2137 2380 2205 :secundm
2411 2139 2560 2212 quod

545 2230 665 2299 ejus
696 2228 890 2283 merita
909 2227 1277 2285 discutiantur
1303 2245 1317 2282 ε
1342 2227 1526 2293 tertio,
1555 2228 1700 2301 quod
1729 2226 2058 2284 sententiam
2087 2226 2344 2299 accipiat.
2367 2226 2564 2297 Quan-

549 2322 670 2371 tum
692 2317 860 2387 igitur
884 2316 953 2372 ad
978 2316 1238 2388 primum,
1265 2332 1455 2373 omnes
1479 2316 1608 2372 boni
1635 2322 1695 2372 et
1717 2316 1843 2373 mali
1871 2332 1903 2373 a
1933 2316 2108 2389 primo
2137 2315 2359 2372 homine
2387 2332 2562 2391 usque

551 2404 619 2459 ad
665 2404 917 2479 ultimum
962 2404 1173 2475 judicio
1219 2404 1419 2461 Christi
1465 2406 1788 2473 subdentur,
1837 2405 1968 2479 quia
2011 2412 2072 2461 ut
2113 2404 2334 2471 dicitur,
2395 2406 2445 2461 11
2490 2406 2560 2462 ad

551 2491 797 2547 Corinth.
823 2508 861 2548 v
886 2509 899 2545 z
933 2490 1127 2549 Omnes
1149 2509 1245 2549 nos
1270 2490 1617 2565 manifestari
1651 2501 1862 2567 oportet
1889 2499 2010 2549 ante
2027 2492 2286 2571 ¹tribunal
2325 2493 2560 2561 Christi,

555 2595 787 2653 quorum
823 2581 1183 2653 generalitate
1212 2596 1318 2639 non
1348 2581 1714 2638 excluduntur
1748 2584 1916 2639 etiam
1940 2582 2175 2655 parvuli,
2207 2582 2304 2657 qui
2327 2582 2414 2639 vel
2443 2584 2562 2639 sine

554 2668 851 2740 baptism0‚
875 2668 961 2725 vel
993 2670 1419 2743 cumybaptismo
1448 2658 1821 2739 decesserunt,
1849 2679 1911 2728 ut
1951 2665 2126 2743 gloss(
2151 2671 2287 2727 dicit
2331 2671 2556 2728 ibidem.

553 2758 830 2827 Quantum
846 2776 980 2817 vero
1009 2760 1077 2817 ad
1103 2760 1420 2827 secundum,
1449 2760 1661 2818 scilieet
1685 2760 1756 2817 ad
1789 2759 2184 2817 discussionem
2213 2760 2556 2829 meritorum,

554 2863 663 2904 non
686 2864 873 2905 omnes
894 2849 1287 2921 judicabuntur
1304 2866 1407 2909 nec
1434 2850 1583 2919 boni,
1611 2865 1714 2906 nec
1736 2848 1887 2905 mali.
1917 2850 2036 2905 Non
2071 2848 2218 2905 enim
2255 2854 2340 2905 est
2365 2864 2560 2907 noces-

562 2938 708 2994 saria
735 2940 929 3010 judieii
972 2939 1257 3010 discussio,
1288 2940 1393 2997 nisi
1424 2940 1568 2997 bona
1613 2939 1772 2995 malis
1812 2940 2266 3012 permisceantur.
2296 2938 2399 2996 Ubi
2431 2955 2558 2997 vero

560 3032 646 3082 est
669 3025 1096 3101 bonumabsque
1127 3028 1507 3085 commistione
1531 3026 1679 3094 maii,
1705 3026 1793 3095 vel
1818 3025 2023 3082 malum
2051 3025 2259 3099 absque
2295 3028 2558 3083 commis-

558 3114 707 3170 tione
728 3114 873 3183 boni‚
904 3114 981 3171 ibi
1009 3116 1275 3172 discussio
1293 3114 1471 3173 locum
1499 3132 1604 3173 non
1629 3115 1815 3173 habet.
1845 3114 2118 3171 Bonorum
2143 3115 2308 3187 igitur
2334 3116 2558 3189 quidam

555 3210 702 3273 sunt,
728 3205 822 3276 qui
857 3204 1100 3261 totaliter
1134 3205 1277 3263 bona
1306 3204 1630 3279 temporalia
1669 3211 2117 3277 contempserunt
2161 3205 2266 3261 soli
2313 3206 2429 3262 Deo
2459 3223 2560 3263 va-

556 3297 763 3359 canteS,
790 3298 847 3348 et
866 3292 953 3349 his
978 3309 1105 3367 quae
1132 3301 1258 3351 sunt
1287 3294 1406 3349 Dei.
1436 3293 1575 3364 Quia
1599 3310 1728 3366 ergo
1752 3300 2040 3367 peccatum
2070 3293 2437 3350 committitur
2464 3289 2558 3367 p'er

554 3378 675 3447 hoo,
705 3380 852 3452 quod
874 3380 1513 3453 spreto·incommutabili
1537 3381 1680 3438 bono
1705 3381 1864 3439 bonis
1886 3380 2368 3440 commutabilibus
2383 3376 2560 3439 adhae·

554 3476 729 3537 retur,
750 3468 901 3527 nulia
921 3468 1138 3527 videtur
1164 3486 1285 3527 esse
1314 3472 1370 3526 in
1393 3470 1478 3527 his
1501 3471 1810 3528 commistio
1837 3471 1965 3529 boni
1996 3479 2052 3528 et
2081 3470 2229 3539 mali,
2260 3485 2367 3529 non
2410 3472 2558 3549 quod

556 3556 763 3631 absque
780 3567 1010 3631 peccato
1034 3560 1243 3630 vivant,
1269 3576 1393 3617 oum
1416 3577 1486 3617 ex
1509 3576 1696 3617 eorum
1719 3559 1936 3617 dicatur
1963 3576 2196 3635 persona
2225 3560 2269 3621 1.
2298 3560 2462 3618 «ioan.
2497 3577 2518 3619 1
2542 3577 2556 3615 ε

554 3646 616 3703 Si
635 3646 933 3705 dixerimus
948 3640 1207 3721 quoniam'
1223 3655 1496 3722 peceatum
1535 3665 1640 3706 non
1669 3648 1933 3717 habemus,
1959 3650 2066 3724 ipsi
2092 3667 2186 3707 nos
2212 3646 2511 3708 seducimus
2539 3666 2558 3707 .-

556 3736 654 3795 sed
690 3736 823 3810 quia
857 3737 915 3793 in
949 3738 1032 3794 eis
1076 3746 1202 3794 sunt
1240 3737 1381 3796 levia
1420 3732 1673 3814 quaedam
1705 3747 1952 3814 peccata,
1981 3756 2107 3815 quae
2151 3740 2248 3814 per
2287 3739 2560 3797 fervorem

555 3824 843 3885 charitatis
877 3825 1277 3900 quodammodo
1321 3838 1736 3895 consumuntur,
1773 3835 1834 3886 ut
1875 3824 2012 3887 'nihil
2047 3844 2169 3887 esse
2207 3828 2501 3887 videantur
2542 3842 2556 3885 ε

556 3911 702 3969 unde
722 3912 780 3970 hi
807 3915 865 3970 in
886 3914 1097 3987 judicio
1122 3925 1231 3973 uon
1242 3903 1637 3989 judicabuntur
1659 3934 1759 3991 per
1783 3918 2103 3975 meritorum
2138 3914 2556 3977 discussionem.

559 3996 665 4068 Qui
686 4014 818 4059 vero
840 4008 1115 4062 terrenam
1140 4004 1315 4063 vitam
1338 4011 1582 4077 agentes,
1613 4004 1778 4063 rebus
1818 4004 2175 4064 saecularibus
2214 4004 2564 4066 intendentes
