2850 4517
549 379 655 438 ·98
1049 393 1100 440 s.
1145 393 1380 437 monas
1418 393 1744 443 Aemus-ns
1774 385 2095 437 ‚opuscuta

541 508 839 580 ·singulari
881 509 1042 566 modo
1089 507 1446 581 provideatur
1484 513 1751 581 quantum
1797 508 1865 564 ad
1916 508 2070 563 duo.·
2102 505 2283 562 Primo
2323 503 2559 571 quidem,

574 604 841 669 quantum
869 597 938 653 ad
981 596 1296 669 adjumenta
1334 597 1534 670 operiS,
1566 609 1691 670 quae
1718 597 1767 652 ei
1812 596 2013 653 dantur
2052 611 2085 652 a
2128 595 2241 649 De'o
2264 593 2562 661 ;·secund0,

565 694 837 758 quantum
873 684 941 740 ad
979 695 1044 741 ea
1072 701 1197 758 quae
1239 695 1342 758 p'ro
1369 685 1504 741 'suis
1536 684 1793 756 operibus
1832 673 1883 739 ei
1930 683 2249 739 redduntur.
2292 682 2566 738 Creat'uris

543 774 718 830 :renim
752 773 1218 829 irrationabilibus
1246 773 1365 829 haec
1403 771 1582 828 solum
1618 773 1933 845 adjumenta
1975 772 2172 829 dantur
2202 769 2463 826 divinitus
2498 769 2566 824 a'd

542 861 862 934 agendum,
909 861 1107 934 quibus
1151 861 1475 917 naturaliter
1521 867 1806 916 moventur
1836 860 1904 916 ad
1949 860 2263 932 agendum:
2304 857 2569 914 creaturis

543 969 546 974 ·
573 965 703 1007 vero
741 949 1156 1006 rationabilibus
1178 949 1382 1007 dantur
1412 949 1741 1006 documenta
1769 955 1827 1005 et
1867 955 2139 1022 praecepta
2178 945 2419 1004 vivendi.
2450 947 2569 1001 Non

543 1057 550 1064 ·
573 1039 717 1096 enim
745 1046 1080 1111 praeceptum
1103 1038 1224 1094 dari
1252 1037 1536 1110 competit,
1564 1037 1672 1094 nisi
1701 1036 1751 1093 ei
1777 1037 1869 1110 qui
1901 1044 1987 1094 est
2009 1036 2260 1092 dominus
2282 1035 2364 1092 sui
2391 1041 2563 1098 actus,

574 1125 826 1201 quamvis
853 1126 1020 1182 etiam
1043 1125 1308 1183 creaturis
1340 1124 1826 1191 irrationabilibus,
1859 1131 2134 1197 praecepta
2159 1133 2254 1196 per
2276 1122 2563 1197 quamdam

574 1214 989 1272 similitudinem
1019 1215 1167 1270 Deus
1202 1214 1334 1271 dare
1374 1214 1610 1280 dicatur,
1642 1213 1942 1270 secundum
1984 1211 2118 1269 illud
2158 1211 2299 1268 Psal.
2330 1225 2564 1266 cxnvm.

573 1304 903 1374 Praeceptum
939 1301 1142 1374 posuit,
1186 1308 1236 1357 et
1279 1317 1389 1358 non
1432 1301 1759 1375 praeteribit,
1788 1300 1935 1374 quod
1980 1298 2201 1374 quidem
2239 1306 2565 1372 praeceptum

577 1389 710 1446 nihil
736 1389 884 1447 aliud
925 1398 1029 1458 est,
1061 1406 1228 1463 quam
1268 1390 1555 1467 dispositio
1590 1391 1793 1448 divinas
1830 1389 2186 1463 providentiae
2228 1402 2451 1461 movens
2485 1401 2568 1441 res

577 1469 854 1534 naturales
880 1469 955 1536 a'd
983 1477 1231 1550 proprias
1264 1478 1528 1539 actiones,
1573 1477 1836 1535 Similiter
1880 1473 2049 1534 etiam
2078 1477 2318 1532 actiones
2350 1479 2567 1531 creatu-

575 1581 763 1623 rarum
802 1565 1153 1623 rationalium
1211 1559 1553 1638 imputantur
1591 1567 1672 1623 eis
1722 1566 1792 1622 ad
1828 1566 2065 1638 culpam,
2105 1563 2191 1621 vel
2222 1564 2289 1620 ad
2333 1563 2564 1628 laudem,

577 1669 678 1727 pro
699 1669 765 1711 eo
788 1655 936 1728 quod
957 1654 1161 1711 babent
1188 1648 1489 1711 dominium
1512 1655 1597 1712 sui
1625 1662 1798 1721 actuS,
1826 1667 1935 1710 non
1960 1652 2135 1710 solum
2173 1649 2479 1708 hominibus
2501 1649 2567 1705 ab

571 1742 796 1799 'homine
827 1742 1172 1816 praesidente,
1213 1744 1309 1799 sed
1351 1743 1521 1800 etiam
1562 1757 1595 1798 a
1631 1744 1763 1808 Dee,
1796 1757 1918 1799 cum
1961 1741 2208 1800 homines
2248 1756 2355 1796 non
2397 1738 2565 1795 solum

530 1844 534 1848 '
575 1836 838 1904 regantur
855 1829 926 1908 ab
952 1830 1190 1900 homine,
1219 1830 1314 1886 sed
1337 1831 1518 1886 etiam
1553 1845 1586 1888 a
1623 1832 1758 1886 Deo.
1784 1830 2187 1902 cujuscumque
2214 1834 2397 1884 autem
2424 1824 2568 1896 regi-

578 1920 712 1975 mini
740 1920 939 1992 aliquis
965 1917 1236 1987 subditur,
1267 1918 1338 1976 ab
1365 1935 1431 1975 eo
1456 1917 1560 1976 sibi
1592 1919 1893 1992 imputatur
1918 1917 2065 1991 quod
2099 1914 2449 1973 laudabiliter
2485 1913 2567 1970 vel

578 2007 922 2080 culpabiliter
949 2007 1178 2080 agit.‚Et
1205 2007 1336 2080 quia
1363 2023 1463 2081 pro
1485 2007 1623 2065 bene
1646 2008 1787 2065 actis
1813 2006 2043 2063 debetur
2072 2004 2375 2080 praemium,
2399 2003 2569 2076 culpae

579 2112 709 2153 vero
730 2096 960 2153 debetur
984 2111 1164 2168 poena,
1191 2105 1253 2152 ut
1287 2112 1453 2169 supra
1480 2095 1691 2153 dictum
1719 2103 1823 2164 est,
1863 2101 2134 2152 creaturae
2156 2091 2454 2172 rationales
2480 2105 2569 2147 se-

579 2183 818 2240 cundum
843 2183 1117 2255 justitiam
1138 2182 1342 2238 divinae
1375 2183 1736 2255 providentiae
1769 2187 1828 2238 et
1855 2182 2153 2256 puniuntur
2181 2197 2278 2252 pro
2316 2180 2497 2248 malie,
2518 2183 2571 2235 et

577 2271 934 2343 praemiantur
952 2283 1049 2340 pro
1062 2269 1239 2325 bonis.
1252 2271 1312 2324 ln
1328 2269 1595 2325 creaturis
1609 2274 1793 2326 autem
1812 2268 2271 2327 irrationabilibus
2286 2281 2395 2324 non
2410 2267 2571 2324 habet

541 2387 544 2390 <
579 2358 760 2412 locum
787 2371 967 2428 prena,
1010 2372 1112 2412 nec
1139 2356 1444 2426 praemium,
1474 2357 1619 2413 sicut
1655 2372 1756 2414 nec
1786 2357 2020 2427 laudari,
2040 2373 2149 2416 nec
2178 2357 2406 2430 culpari.
2435 2347 2570 2426 Quia

579 2459 711 2502 vero
746 2444 971 2500 ultimus
1009 2444 1132 2499 finis
1166 2452 1436 2502 creaturae
1472 2445 1757 2503 rationalis
1796 2446 2111 2505 facultatem
2149 2452 2359 2504 naturae
2404 2443 2570 2518 ipsius

581 2529 816 2594 excedit,
841 2543 907 2584 ea
929 2541 1061 2585 vero
1089 2545 1214 2601 quae
1242 2530 1456 2587 suntad
1486 2530 1647 2588 finem
1676 2531 1877 2589 debent
1901 2549 2022 2590 esse
2040 2534 2132 2590 fini
2165 2531 2571 2605 proportionata

581 2615 880 2673 secundum
897 2623 1106 2672 rectum
1123 2616 1483 2689 providentiae
1496 2617 1759 2688 ordinem,
1778 2636 2118 2694 consequens
2136 2629 2219 2678 est
2234 2629 2292 2677 ut
2306 2627 2572 2676 creaturae

580 2703 834 2761 ,rationali
874 2704 1041 2761 etiam
1081 2705 1355 2778 adjutoria
1397 2707 1661 2764 divinitus
1690 2709 2059 2778 conferantur,
2086 2725 2195 2767 non
2234 2707 2412 2766 solum
2446 2722 2570 2780 quie

579 2797 707 2849 sunt
748 2793 1156 2865 proportionata
1195 2803 1425 2863 naturae,
1476 2797 1572 2852 sed
1616 2796 1784 2853 etiam
1826 2813 1949 2870 quae
1995 2797 2314 2855 facultatem
2361 2802 2571 2853 naturae

519 2885 524 2890 “
577 2881 868 2940 excedunt.
907 2881 1267 2956 Unde-supra
1304 2885 1610 2942 naturalem
1653 2885 1971 2943 facultatem
2009 2887 2235 2944 rationis
2276 2883 2570 2959 imponitur

578 2969 783 3026 homini
818 2969 1080 3026 divinitus
1109 2970 1288 3028 lumen
1329 2973 1543 3044 gratiae,
1591 2961 1701 3046 per‘
1731 2974 1875 3046 quod
1920 2975 2150 3031 interius
2194 2975 2475 3048 perficitur
2502 2973 2569 3030 ad

577 3057 838 3115 virtutem
868 3073 882 3114 ς
910 3062 966 3114 et
993 3065 1258 3131 quantum
1287 3060 1357 3115 ad
1378 3061 1767 3132 cognitionem,
1796 3060 1928 3118 dum
1954 3063 2201 3119 elevatur
2228 3075 2381 3118 mens
2409 3061 2569 3118 homi·

577 3142 662 3198 nis
698 3160 794 3214 per
833 3143 1016 3201 lumen
1063 3145 1372 3218 hujusmodi
1414 3147 1485 3204 ad
1528 3149 1961 3220 cognoscendum
2014 3167 2079 3207 ea
2130 3165 2255 3223 quae
2304 3147 2567 3206 rationem

577 3230 894 3293 excedunt:
941 3240 997 3288 et
1040 3240 1306 3306 quantum
1347 3235 1416 3291 ad
1466 3235 1737 3294 actionem
1780 3245 1837 3294 et
1883 3238 2245 3306 affectionem,
2298 3238 2427 3292 dum
2476 3251 2567 3308 per

578 3316 758 3374 lumen
786 3319 1094 3391 hujusmodi
1120 3323 1345 3378 effectus
1371 3322 1606 3381 hominis
1625 3340 1790 3399 supra
1813 3333 1999 3382 creata
2020 3326 2201 3382 omnia
2230 3325 2477 3382 elevatur
2498 3322 2565 3379 ad

579 3406 750 3462 Deum
778 3405 1111 3478 diligendum
1140 3415 1196 3465 et
1233 3413 1561 3483 sperandum
1589 3413 1647 3469 in
1673 3414 1811 3487 ipso,
1840 3421 1895 3470 et
1932 3415 2002 3471 ad
2042 3414 2313 3486 agendum
2342 3429 2409 3470 ea
2444 3427 2566 3484 quae

579 3493 702 3548 talis
725 3509 875 3550 amor
901 3497 1152 3567 requirit.
1181 3497 1502 3570 Huiusmodi
1529 3510 1711 3558 autem
1735 3503 1898 3564 dona,
1927 3502 2043 3559 sive
2070 3502 2271 3558 auxilia
2300 3517 2567 3575 superna-

579 3581 825 3638 turaliter
852 3584 1056 3639 homini
1093 3585 1242 3653 data,
1288 3589 1529 3658 gratuita
1568 3596 1834 3646 vocantur
1872 3590 2077 3661 duplici
2116 3590 2346 3647 ratione.
2373 3591 2567 3662 ‚Primo

575 3669 818 3742 quidem,
851 3672 980 3744 q‘uia
1009 3673 1179 3744 gratis
1206 3673 1469 3732 divinitus
1496 3678 1715 3734 dantur.
1744 3673 1862 3735 Non
1892 3679 2036 3736 enirn
2061 3686 2240 3750 potest
2269 3679 2324 3733 in
2352 3676 2568 3733 liomine

577 3757 783 3831 aliquid
821 3760 1071 3827 inveniri,
1098 3761 1186 3817 cui
1210 3763 1479 3835 condigne
1510 3764 1819 3837 hujusmodi
1851 3767 2051 3823 auxilia
2090 3766 2413 3833 debeantur,
2444 3778 2569 3821 curn

580 3846 698 3904 baec
741 3847 1060 3906 facultatem
1099 3850 1349 3910 humanae
1389 3859 1602 3910 naturae
1640 3855 1923 3912 excedant.
1958 3855 2207 3913 Secundo
2249 3869 2399 3922 vero,
2440 3856 2569 3929 quia

577 3934 804 4004 speciali
856 3937 1256 4010 quodammodo
1295 3955 1392 4016 per
1437 3939 1744 4014 huiusmodi
1790 3943 1935 4002 dona
1979 3943 2141 4000 bomo
2178 3941 2414 4001 efficitur
2454 3943 2569 4002 Deo
