2850 4517
476 388 597 449 136
954 398 1006 443 s.
1051 395 1284 442 rnouAE
1323 393 1651 445 tinomaus
1693 392 2005 439 croscum

474 518 635 594 primi
661 516 925 591 parentia,
948 520 1004 570 et
1024 514 1104 570 sic
1127 517 1213 569 est
1235 510 1608 567 voluntarium
1632 509 1820 568 habito
1840 516 2098 585 respectu
2122 510 2190 567 ad
2213 515 2487 579 naturam,

474 608 761 664 voluntate
786 603 997 661 scilicet
1038 600 1200 675 primi
1230 599 1490 673 principii
1518 608 1752 667 natur-m,
1779 606 1837 655 et
1859 600 1942 679 sic
1975 600 2176 657 transit
2212 598 2270 655 in
2300 614 2495 655 omnes

476 700 568 772 qui
597 696 666 753 ab
694 698 811 768 ipso
836 700 1090 750 naturam
1119 692 1417 747 humanam
1443 689 1722 762 accipiunt
1750 692 1908 764 quasi
1940 692 1994 745 in
2028 690 2284 763 quaedam
2313 706 2498 746 mern-

475 789 575 842 bra
613 786 804 857 ipsius,
837 790 892 838 et
936 788 1159 855 propter
1183 780 1288 835 hoc
1330 780 1536 835 dicitur
1566 779 1831 851 originale
1873 788 2182 853 peccatum,
2224 779 2356 852 quia
2395 794 2502 851 per

479 876 745 946 originem
773 889 805 929 a
832 872 1006 944 primo
1034 879 1263 944 parente
1300 869 1355 924 in
1378 876 1631 942 posteros
1671 868 1958 925 derivatur
1989 885 2004 923 ε
2038 868 2182 924 unde
2219 883 2344 924 cum
2383 867 2498 923 alia

480 966 707 1034 peccata
746 958 957 1014 scilicet
994 956 1232 1012 actualia
1266 955 1586 1011 immediate
1616 955 1912 1027 respiciant
1941 970 2227 1027 personam
2253 969 2499 1027 peccan-

480 1058 611 1117 tem,
642 1048 746 1104 hoc
772 1052 1061 1120 peccatum
1093 1044 1300 1101 directe
1329 1044 1556 1116 respicit
1581 1050 1860 1101 naturam.
1888 1045 2029 1101 Nam
2059 1044 2267 1117 primus
2296 1058 2500 1115 parens

482 1154 581 1194 suo
615 1142 841 1209 peccato
885 1134 1072 1189 infecit
1116 1141 1387 1200 naturam,
1421 1128 1479 1189 et
1520 1140 1718 1190 natura
1761 1133 1967 1191 infecta
2013 1132 2188 1190 inficit
2230 1146 2497 1205 personas

483 1224 737 1290 filiorum,
770 1224 861 1296 qui
889 1223 1063 1295 ipsam
1094 1237 1124 1278 a
1156 1221 1328 1293 primo
1358 1227 1584 1293 parente
1609 1219 1938 1294 suscipiunt.

1149 1390 1433 1459 CAPUT
1507 1342 1827 1459 cxcvil.

650 1534 829 1611 Quod
854 1551 974 1596 non
1003 1533 1203 1597 omnia
1220 1538 1467 1621 peccata
1506 1522 1919 1597 traducuntur
1943 1532 2013 1595 in
2031 1537 2328 1613 posteros.

556 1670 673 1726 Nec
700 1674 886 1724 tamen
911 1673 1127 1739 oportet
1151 1665 1298 1739 quod
1328 1666 1511 1723 omnia
1538 1672 1766 1739 peccata
1789 1666 1900 1723 alia
1929 1667 2014 1723 vel
2043 1667 2206 1741 primi
2230 1666 2498 1741 parentiS‚

485 1758 574 1815 vel
602 1758 771 1814 etiam
796 1762 1123 1813 caeterorum
1152 1754 1513 1811 traducantur
1550 1756 1607 1810 in
1635 1762 1902 1829 posterae,
1935 1758 2066 1830 quia
2098 1757 2337 1830 primum
2364 1772 2504 1830 pec-

486 1855 675 1905 catum
713 1846 873 1919 primi
912 1845 1157 1919 parentis
1187 1843 1413 1901 sustulit
1454 1844 1658 1900 donum
1686 1849 1884 1914 totum,
1911 1846 2059 1918 quod
2103 1851 2503 1919 supernatura-

486 1937 616 1995 liter
642 1944 761 1993 erat
792 1934 1054 1991 collatum
1093 1935 1144 1989 in
1174 1934 1414 1989 humana
1444 1939 1641 1991 natura
1675 1949 1927 2005 personae
1962 1934 2123 2008 primi
2152 1934 2418 2008 parentis,
2443 1943 2502 1992 et

487 2026 569 2083 sic
597 2026 801 2082 dicitur
828 2024 1159 2097 corrupisse,
1193 2021 1277 2079 vel
1310 2022 1566 2079 infecisse
1594 2029 1847 2078 naturam
1879 2040 1893 2077 ε
1923 2023 2066 2079 unde
2111 2029 2339 2095 peccata
2365 2039 2504 2079 con-

490 2116 778 2188 sequentia
805 2130 913 2170 non
943 2114 1230 2170 inveniunt
1260 2111 1467 2184 aliquid
1493 2108 1822 2184 hujusmodi,
1855 2111 2000 2184 quod
2039 2104 2250 2184 possint
2279 2111 2506 2168 subtra-

490 2205 619 2259 here
671 2220 702 2259 a
754 2209 872 2259 tota
929 2208 1126 2258 natura
1180 2200 1417 2255 humana
1438 2240 1453 2267 ,
1505 2200 1600 2255 sed
1665 2199 1919 2256 auferunt
1975 2199 2045 2256 ab
2100 2200 2319 2256 homine
2339 2241 2354 2268 ,
2407 2207 2506 2257 aut

492 2291 802 2347 diminuunt
828 2289 1046 2361 aliquod
1074 2288 1275 2343 bonum
1308 2287 1642 2359 particulare
1665 2288 1876 2345 scilicet
1913 2287 2218 2361 personale,
2246 2304 2348 2345 nec
2375 2304 2508 2345 cor-

493 2384 754 2450 rumpunt
796 2383 1068 2445 naturam„
1103 2376 1209 2430 nisi
1254 2377 1307 2429 in
1348 2384 1619 2447 quantum
1647 2376 1884 2448 pertinet
1921 2377 1988 2432 ad
2030 2376 2191 2444 hanc,
2223 2378 2312 2434 vel
2354 2376 2510 2434 illam

494 2464 1008 2539 personam-Homo
1037 2471 1221 2519 autem
1258 2479 1365 2517 non
1390 2471 1617 2533 generat
1639 2465 1744 2520 sibi
1774 2465 2006 2521 similem
2033 2466 2087 2521 in
2127 2482 2378 2539 persona,
2409 2468 2508 2523 sed

493 2555 551 2608 in
581 2559 811 2608 natura:
840 2559 895 2607 et
925 2552 1047 2606 ideo
1076 2566 1183 2606 non
1215 2551 1522 2607 traducitur
1543 2568 1575 2608 a
1604 2560 1829 2624 parente
1856 2556 1913 2610 in
1942 2564 2190 2627 posteros
2216 2564 2510 2628 peccatum

495 2642 641 2714 quod
681 2640 840 2696 vitiat
878 2654 1185 2713 personam,
1218 2640 1315 2695 sed
1352 2642 1590 2713 primum
1635 2650 1926 2716 peccatum
1966 2644 2112 2717 quod
2156 2644 2376 2702 vitiavit
2403 2659 2509 2700 na-

500 2736 701 2787 turam.
979 2742 985 2747 ·

1156 2901 1442 2971 CAPUT
1498 2903 1851 2972 CXCVIII.

506 3042 687 3121 Quod
711 3042 992 3107 meritum
1025 3040 1181 3105 Adoe
1207 3059 1328 3105 non
1365 3042 1608 3122 profuit
1646 3042 1906 3122 posteris
1931 3042 2014 3108 ad
2040 3043 2512 3125 reparationem.

573 3174 836 3244 Quamvis
864 3180 1045 3232 autem
1075 3183 1361 3248 peccatum
1390 3176 1552 3248 primi
1590 3177 1836 3249 parentis
1862 3182 2037 3233 totam
2071 3176 2369 3234 humanam
2407 3193 2516 3233 na-

504 3273 685 3321 turam
739 3264 1005 3331 infecerit‚
1056 3278 1164 3319 non
1208 3269 1389 3320 tamen
1437 3263 1617 3336 potuit
1659 3281 1757 3337 per
1803 3266 1922 3336 eius
1969 3267 2373 3338 poenitentiam,
2427 3266 2516 3323 vel

506 3352 889 3426 quodcumque
916 3354 1036 3424 ejus
1074 3352 1330 3407 meritum
1363 3358 1706 3409 tota-natura
1747 3354 2015 3427 repararis
2052 3355 2402 3411 Manifestum
2433 3362 2516 3412 est

506 3442 652 3498 enim
681 3441 828 3514 quod
852 3441 1175 3513 poenitentia
1208 3441 1363 3507 Adae,
1394 3441 1479 3496 vel
1507 3442 1891 3515 quodcumque
1920 3442 2069 3499 aliud
2099 3444 2217 3515 ejus
2256 3445 2516 3500 meritum

508 3530 611 3585 fuit
642 3537 797 3586 actus
824 3526 1117 3600 singularis
1139 3544 1387 3602 personae
1416 3536 1610 3585 :factus
1631 3536 1814 3587 autem
1845 3531 2078 3603 alicujus
2105 3532 2376 3588 individui
2409 3548 2516 3588 non

507 3625 689 3692 potest
735 3618 791 3673 in
830 3623 1004 3673 totam
1042 3622 1296 3672 naturam
1339 3618 1563 3688 speciei.
1594 3619 1787 3675 Causae
1829 3619 1974 3673 enim
2017 3636 2144 3691 quae
2186 3629 2418 3692 possunt
2462 3621 2518 3676 in

509 3715 683 3763 totam
706 3707 965 3780 speciem,
994 3712 1121 3761 sunt
1157 3719 1339 3762 causae
1366 3706 1686 3784 aequivocae,
1713 3713 1771 3762 et
1804 3722 1913 3762 non
1941 3707 2213 3764 univocae.
2245 3707 2338 3765 Sol
2368 3708 2518 3765 enim

482 3805 593 3853 ἐει
620 3810 788 3868 causa
815 3795 1182 3867 generationis
1204 3796 1260 3851 in
1289 3800 1407 3851 tota
1433 3796 1614 3868 specie
1640 3795 1897 3863 humana,
1929 3796 2025 3853 sed
2051 3796 2213 3853 homo
2237 3803 2323 3852 est
2349 3812 2522 3853 causa

511 3884 880 3954 generationis
924 3884 1087 3955 huius
1126 3884 1380 3941 hominis.
1425 3884 1711 3956 Singulare
1751 3901 1881 3957 ergo
1927 3885 2187 3943 meritum
2229 3884 2388 3955 Adae,
2435 3884 2526 3941 vel

512 3970 905 4043 cujuscumque
936 3973 1057 4045 puri
1093 3973 1328 4030 hominis
1357 3972 1631 4031 sufficiens
1667 3980 1788 4031 esse
1831 3990 1937 4031 non
1971 3980 2192 4048 poterat
2229 3973 2298 4030 ad
2343 3979 2524 4031 totam
