2850 4517
488 404 610 464 354
970 419 1020 462 s.
1066 417 1299 462 monas
1340 417 1669 468 Aeumms
1709 416 2023 462 ormiscum

492 551 631 590 esse.
650 534 863 591 Dicitur
884 534 1050 601 enim,
1070 535 1157 601 ⁴9,
1175 551 1268 606 qu.
1289 537 1309 589 l
1335 551 1348 588 ι
1375 555 1400 586 α
1421 533 1615 590 Clerici
1641 534 1736 606 qui
1757 532 2144 589 monachorum
2163 533 2508 604 propositum

492 629 773 696 appetunt,
805 623 935 695 quia
966 622 1243 679 meliorem
1268 625 1442 680 vitam
1465 623 1620 695 sequi
1652 622 1898 695 cupiunt,
1927 619 2129 676 liberos
2149 619 2229 676 eis
2249 619 2320 677 ab
2343 622 2508 693 Epis-

490 713 643 784 copis
669 713 725 766 in
753 712 1100 769 monasteriis
1143 712 1328 784 largiri
1364 718 1582 785 oportet
1610 712 1907 782 ingressus.
1940 729 1966 762 n
1997 710 2092 766 Ex·
2107 725 2216 783 quo
2244 709 2504 778 habetur,

483 800 636 874 'quod
668 801 791 856 ideo
820 800 950 856 licet
988 801 1069 855 eis
1098 801 1351 867 transire,
1390 801 1522 872 quia
1554 802 1752 855 melius
1779 805 1884 865 est,
1927 804 1982 854 et
2019 814 2126 854 non
2169 799 2344 854 solum
2376 799 2508 871 quia

492 890 756 946 securius.
788 890 856 944 Et
883 897 1151 961 praeterea
1180 889 1570 955 archidiaconi,
1611 887 1962 950 ethabentes
1984 901 2174 943 curam
2203 887 2504 960 parochias,

493 995 599 1034 non
645 979 821 1037 solum
866 986 1113 1052 possunt,
1163 994 1298 1034 cura
1340 978 1818 1035 archidiaconatus
1857 983 1913 1032 et
1949 975 2226 1048 parochiae
2253 977 2503 1043 dimissa,

493 1067 810 1139 religionem
853 1070 1078 1135 intrare,
1108 1067 1206 1124 sed
1231 1067 1398 1124 etiam
1429 1067 1482 1121 in
1522 1065 1722 1123 saeculo
1749 1080 2052 1130 remanere,
2087 1066 2229 1120 sicut
2259 1073 2413 1138 patet
2437 1071 2510 1121 de

495 1157 601 1212 illis
624 1157 717 1229 qui
742 1157 1027 1212 dimittunt
1052 1156 1386 1228 parochiam,
1416 1163 1471 1210 et
1497 1155 1772 1227 accipiunt
1802 1153 2156 1226 praebendatn
2183 1155 2239 1209 in
2255 1154 2512 1224 ,Ecclesia

496 1245 818 1302 cathedrali.
862 1247 1094 1301 Possunt
1138 1246 1305 1301 etiam
1344 1247 1631 1316 conjugem
1671 1245 1940 1315 accipere,
1988 1243 2033 1298 si
2066 1258 2174 1300 non
2221 1231 2426 1298 fuerint
2453 1243 2509 1298 in

494 1335 667 1390 sacris
690 1321 972 1390 ordinibus
995 1335 1276 1390 constituti
1311 1351 1323 1387 ε
1352 1349 1420 1388 ex
1445 1333 1644 1405 quibus
1668 1331 1920 1388 omnibus
1947 1337 2102 1404 patet
2130 1331 2274 1404 quod
2301 1338 2509 1387 statum

498 1421 844 1489 perfectionis
891 1437 997 1476 non
1044 1421 1265 1478 habent.
1310 1422 1466 1491 Quod
1511 1436 1641 1479 vero
1687 1421 1926 1476 secundo
1975 1421 2310 1492 proponitur,
2357 1419 2510 1491 quod

498 1511 783 1580 religiosus
808 1525 914 1566 non
942 1519 1027 1566 est
1054 1517 1274 1580 propter
1299 1509 1403 1565 hoc
1432 1508 1774 1581 perfectioris
1800 1516 1998 1577 status,
2030 1511 2156 1582 quia
2185 1523 2287 1564 non
2321 1515 2511 1580 potest

500 1598 815 1670 religionem
852 1599 1148 1668 dimittere,
1179 1599 1309 1671 quia
1331 1603 1502 1654 etiam
1541 1599 1630 1654 ille
1660 1600 1753 1672 qui
1785 1606 1868 1654 est
1899 1607 2152 1654 uxoratus
2176 1611 2280 1652 non
2315 1604 2508 1670 potest

501 1702 723 1744 uxorem
762 1687 1058 1756 dimittere,
1106 1689 1198 1760 qui
1241 1694 1424 1744 tamen
1459 1703 1570 1744 non
1613 1694 1698 1744 est
1737 1689 1792 1742 in
1833 1694 1984 1744 statu
2026 1685 2394 1760 perfectioniS,
2438 1703 2514 1742 ex

502 1776 777 1848 praedictis
820 1784 969 1850 patet
998 1777 1216 1832 omnino
1244 1775 1498 1832 frivolum
1541 1793 1681 1832 esse.
1712 1777 1957 1849 Uterque
1985 1775 2128 1831 enirn
2162 1783 2361 1842 status,
2394 1775 2510 1831 sci-

504 1866 629 1921 licet
655 1867 913 1936 religonis
942 1872 997 1921 et
1026 1865 1377 1932 matrimonii,
1406 1865 1614 1937 aliquid
1643 1864 1820 1921 simile
1855 1865 2038 1930 babet,
2071 1863 2281 1919 scilicet
2309 1879 2512 1936 perpe·

504 1963 656 2008 tuam
682 1953 1090 2025 obligationem,
1118 1960 1173 2008 et
1207 1955 1327 2009 ideo
1352 1961 1584 2027 uterque
1612 1959 1789 2010 status
1819 1958 1902 2008 est
1930 1953 2087 2024 quasi
2119 1952 2370 2024 alicujus.
2402 1953 2508 2009 Sed

506 2042 765 2112 obligatio
811 2044 1139 2098 matrimonii
1172 2057 1277 2098 non
1325 2049 1408 2098 est
1439 2043 1505 2098 ad
1545 2058 1680 2115 opus
1710 2041 2078 2114 perfectionis,
2123 2041 2220 2096 sed
2267 2041 2336 2096 ad
2379 2041 2513 2096 red-

504 2130 740 2188 dendum
780 2131 999 2188 carnale
1041 2131 1305 2199 debitum,
1350 2138 1407 2187 et
1450 2131 1572 2187 ideo
1613 2141 1696 2188 est
1747 2131 1968 2202 quidem
2010 2135 2208 2194 statuS,
2257 2129 2354 2184 sed
2401 2145 2514 2184 non

506 2219 873 2292 perfectionis·
904 2221 1090 2277 Status
1119 2230 1299 2276 autem
1332 2219 1610 2291 religionis
1638 2218 1802 2274 habet
1825 2217 2217 2297 obligationem
2244 2217 2312 2272 ad
2341 2232 2513 2290 opera

504 2309 871 2380 perfectioniS,
905 2325 1028 2380 quae
1064 2316 1191 2364 sunt
1230 2315 1546 2381 paupertas,
1580 2307 1932 2372 continentia,
1985 2315 2039 2361 et
2070 2306 2414 2382 obedientia,
2457 2312 2512 2361 et

503 2395 625 2451 ideo
656 2404 738 2452 est
778 2404 957 2452 status
994 2397 1361 2467 perfectionis.
1407 2395 1564 2465 Quod
1611 2411 1740 2452 vero
1785 2395 1944 2450 tertio
1989 2395 2329 2466 preponitur,
2363 2395 2511 2466 quod

502 2489 723 2558 propter
748 2484 1110 2540 humilitatem
1138 2492 1194 2540 et
1220 2484 1592 2540 infirmitatem
1617 2486 1815 2539 vlrium
1854 2475 2035 2556 potest
2073 2484 2272 2555 aliquis
2312 2499 2342 2538 a
2383 2499 2513 2556 pcr-

503 2574 715 2630 fectioii
756 2581 903 2630 statu
933 2573 1213 2628 discedere
1250 2574 1319 2632 ad
1351 2574 1636 2640 minorem,
1678 2573 1820 2628 sicut
1859 2573 2032 2628 David
2072 2572 2314 2627 dimissis
2345 2574 2515 2627 armis

310 2733 331 2742 -
432 2711 439 2714 .
491 2661 701 2727 .Saulis,
732 2662 943 2734 accepit
972 2661 1196 2718 fundam
1234 2667 1289 2718 et
1318 2661 1574 2734 lapidem,
1607 2661 1904 2718 secundum
1935 2661 2139 2732 aliquid
2181 2676 2372 2718 verum
2402 2667 2509 2728 est,

506 2761 559 2806 et
586 2751 885 2806 secundum
921 2751 1125 2822 aliquid
1169 2750 1366 2806 salsum
1408 2759 1513 2806 est.
1547 2752 1728 2806 Potest
1759 2750 1903 2806 enim
1943 2749 2140 2821 aliquis
2170 2759 2392 2822 propter
2423 2751 2512 2805 in-

507 2841 831 2896 firmitatem.
867 2839 938 2896 ab
972 2839 1154 2896 altiori
1198 2840 1457 2911 religione
1489 2839 1564 2896 ad
1598 2840 1865 2894 minorem
1896 2839 2148 2904 transire,
2189 2855 2293 2894 non
2327 2845 2514 2895 tamen

507 2929 623 2985 sine
649 2928 1051 3002 dispensatione
1094 2947 1106 2982 z
1140 2945 1171 2985 a
1202 2927 1461 2999 religione
1497 2945 1624 2984 vero
1659 2929 1727 2984 ad
1759 2935 1961 2984 statum
1989 2927 2306 2984 saecularem
2342 2929 2512 2984 etiam

511 3018 812 3090 presbyteri
842 3018 1039 3082 curati,
1082 3017 1167 3072 vel
1205 3017 1586 3074 Archidiaconi
1619 3019 1849 3073 transire
1888 3033 1992 3074 nen
2037 3023 2260 3088 possunt
2307 3035 2320 3070 :
2363 3015 2512 3073 nullo

511 3107 655 3162 enim
683 3106 843 3160 modo
884 3107 939 3162 in
961 3105 1066 3162 hoc
1092 3107 1372 3178 dispensat
1405 3106 1669 3162 Ecclesia.
1700 3107 1777 3162 Ex
1808 3122 1915 3179 quo
1946 3105 2230 3162 manifeste
2259 3113 2509 3178 apparet,

510 3195 656 3267 quod
700 3193 872 3249 multo
916 3195 1034 3266 plus
1079 3195 1293 3252 excedit
1330 3203 1509 3252 status
1550 3196 1830 3268 religionis
1869 3196 2262 3266 cujuscumque
2305 3201 2512 3252 statum

507 3283 908 3348 Archidiaconi,
953 3284 1037 3340 vel
1078 3283 1310 3355 plebani,
1358 3285 1403 3340 si
1453 3291 1636 3340 tamen
1681 3292 1857 3342 status
1894 3283 2158 3340 dicendus
2199 3293 2302 3350 est,
2346 3299 2513 3356 quam

506 3380 681 3429 status
702 3371 983 3428 altissimae
1005 3371 1279 3444 religionis
1300 3374 1692 3446 cujuscumque
1717 3375 1938 3430 inlimae.
1971 3373 2126 3443 Quod
2157 3388 2290 3429 vero
2315 3380 2513 3446 quarto

506 3462 843 3535 proponitur,
877 3460 1022 3534 quod
1052 3462 1096 3516 si
1143 3461 1559 3519 immutabilitas
1602 3471 1744 3519 esset
1773 3463 1840 3518 de
1879 3463 2090 3539 ratione
2130 3471 2330 3526 status,
2367 3477 2514 3516 nun-

505 3565 671 3620 quam
714 3548 903 3605 liceret
938 3547 1007 3604 de
1048 3555 1196 3605 statu
1240 3550 1309 3605 ad
1348 3557 1554 3606 statum
1582 3552 1833 3618 transire,
1867 3551 2088 3607 omnino
2118 3550 2375 3604 frivolum
2406 3557 2509 3605 est.

504 3638 656 3693 Licet
684 3638 831 3692 enim
862 3637 1093 3694 transire
1121 3638 1190 3694 ad
1228 3647 1434 3694 statum
1463 3642 1744 3712 majorem,
1774 3654 1877 3695 non
1910 3647 2094 3695 lamen
2122 3639 2190 3695 ad
2221 3638 2513 3704 minorem,

505 3725 647 3779 sicut
674 3723 905 3780 habetur
945 3733 1102 3780 extra
1142 3725 1211 3780 de
1248 3727 1609 3796 regularibus.
1663 3729 1721 3783 ln
1767 3729 1960 3799 majori
2001 3728 2144 3782 enim
2189 3726 2522 3796 intelligitur

506 3827 627 3868 esse
650 3813 817 3898 etiam
846 3812 901 3868 id
930 3813 1075 3886 quod
1105 3821 1188 3869 est
1214 3815 1411 3882 minus,
1439 3816 1533 3872 sed
1567 3832 1671 3873 non
1701 3833 1730 3872 e
1757 3832 2020 3873 converso
2055 3835 2067 3870 :
2099 3822 2155 3872 et
2183 3817 2277 3890 qui
2307 3816 2524 3887 obligat

508 3915 567 3952 se
594 3900 662 3954 ad
687 3900 929 3956 dandum
954 3901 1158 3974 aliquid
1182 3903 1379 3970 minus,
1412 3919 1518 3960 non
1545 3912 1828 3977 reputatur
1851 3920 1978 3962 reus
1999 3906 2044 3960 si
2072 3904 2288 3961 dederit
2315 3906 2523 3977 majus,

510 3985 665 4053 Quod
692 4001 819 4041 vero
844 3988 1034 4058 quinto
1064 3993 1397 4064 proponitur,
1432 3993 1574 4066 quod
1619 3995 1878 4064 praelatus
1912 4001 2090 4065 potest
2117 3981 2373 4050 cti‘ratum
2409 3993 2524 4052 sibi
