2850 4517
595 284 694 349 22.
1073 301 1140 345 e„
1169 294 1771 373 momgaeumana
1810 296 2122 345 oruscuu

596 415 904 477 divinitatis
929 428 1077 473 'esses
1110 414 1475 473 Inveniuntur·
1494 420 1680 469 autem
1700 411 1979 487 quaedam:
2000 420 2231 486 quat-ex
2253 411 2624 489 aliisproeeq

595 506 754 573 dunt,
781 503 1305 578 perfectamseorum
1345 502 1584 575 speciem
1626 502 2039 575 nonzconsequi,
2073 517 2141 557 ex
2169 501 2371 575 quibus
2403 518 2634 575 proce-.-

596 594 755 655 dunt.
791 592 1118 660 Unwmndo,
1144 593 1288 649 sicut
1319 592 1374 648 in
1411 588 2207 672 generationibusaequivocis.
2235 594 2282 649 A
2309 590 2425 648 sole
2452 592 2615 650 enim

597 698 704 744 non
728 690 1022 755 generatur.
1049 680 1148 750 sol,
1179 680 1277 739 sed
1305 678 1583 754 quoddam
1604 679 1805 738 animal
1826 697 1841 746 ;
1865 686 1934 735 ut·
1949 695 2081 752 ergo
2107 679 2233 737 talis
2258 679 2616 753 imperfectio

597 771 1009 843 regeneratione
1033 769 1218 827 divina
1247 768 1592 835 excludatur,
1612 768 1937 825 confitemur
1962 776 2153 827 netum
2181 768 2351 827 Deum
2376 768 2440 826 de
2470 770 2637 827 Dee..

597 859 718 923 Alio
739 857 1082 931 tandm-quod
1100 856 1348 931 procedit
1367 872 1437 914 ex
1460 855 1661 930 aliquo,
1686 856 1868 913 differt
1896 856 1967 914 ab
1991 870 2057 912 eo
2080 864 2305 929 propter
2324 856 2613 917 defectum

597 948 874 1022 puritatis),
905 935 1034 1004 dum
1057 936 1270 1002 'scilicet
1294 944 1364 1003 ab
1391 961 1459 1001 eo
1481 944 1816 1019 quodeetin
1848 961 1907 1003 se
1934 944 2167 1019 simplex
2192 954 2250 1001 et
2275 960 2475 1019 purum
2503 962 2613 1020 per
2662 1012 2683 1031 ο

595 1036 1016 1110 applicationem
1038 1033 1106 1091 ad
1127 1042 1443 1092 extraneam
1464 1034 1753 1092 materiam
1778 1033 1983 1108 aliquid
2007 1034 2343 1107 producitur,
2372 1051 2405 1092 a
2425 1038 2611 1109 prima

499 1176 502 1181 .
597 1125 778 1199 specie
802 1123 1060 1180 deficiens
1091 1140 1105 1179 ε
1133 1124 1276 1180 sicat
1316 1121 1587 1195 extdomo
1624 1138 1752 1197 quae
1796 1132 1894 1181 est.
1924 1124 1977 1178 in
2028 1130 2210 1180 mente
2250 1123 2499 1191 artificiS,
2527 1127 2611 1182 sit

597 1215 652 1271 in
680 1213 928 1280 materia,
956 1219 1012 1269 et
1035 1228 1067 1269 a
1098 1211 1298 1269 lumine
1323 1219 1543 1289 recepto
1569 1213 1623 1269 in
1648 1227 1875 1286 corpore
1905 1212 2219 1280 terminato,
2247 1213 2318 1269 sit
2347 1212 2515 1281 color,
2544 1222 2609 1269 et

597 1319 663 1359 ex
690 1303 814 1373 igne
841 1292 1102 1375 adjuncto
1125 1300 1248 1359 aliis
1272 1302 1573 1369 elementia,
1602 1302 1676 1358 sit
1700 1302 1943 1369 mistum,
1960 1310 2017 1358 et
2043 1318 2112 1358 ex
2141 1302 2295 1359 radio
2318 1318 2416 1377 per
2443 1319 2611 1377 oppo-

596 1391 852 1449 sitionem
879 1390 1324 1464 corporisopaci,
1353 1392 1425 1447 sit
1456 1390 1667 1448 umbra.
1692 1391 1766 1449 Ut
1793 1392 1895 1448 hoc
1930 1404 2061 1462 ergo
2094 1407 2126 1446 a
2156 1390 2341 1447 divina
2366 1407 2606 1463 genera·

601 1481 762 1552 tione·
785 1480 1126 1548 excludatur,
1158 1480 1379 1537 additur
1410 1497 1424 1534 ε
1456 1480 1647 1537 lumen.
1668 1479 1730 1535 cle
1770 1479 1992 1537 lumine.
2024 1479 2209 1536 Tertio
2244 1480 2425 1548 modo,
2453 1482 2606 1553 quod

599 1568 872 1643 ex.aliquo
907 1568 1172 1642 procedit,
1205 1584 1312 1626 non
1343 1569 1696 1641 consequitur
1731 1570 1969 1642 speciem
2008 1570 2127 1643 eJ'us
2163 1577 2386 1642 propter
2413 1568 2607 1626 defec-

599 1666 732 1727 tum.
757 1658 1026 1726 veritatiS,
1059 1657 1189 1731 quia
1231 1654 1442 1714 scilicet
1473 1673 1577 1713 non
1622 1673 1747 1713 vere
1789 1656 1987 1729 recipit⁴
2034 1658 2153 1731 ejus
2204 1666 2479 1724 naturam,
2504 1658 2606 1716 sed

599 1745 1038 1819 quamdam-ejus
1065 1745 1479 1803 similitudinem
1510 1752 1741 1814 tantum,
1774 1747 1916 1803 sicut
1945 1748 2127 1820 imago
2156 1748 2211 1803 in
2243 1747 2482 1821 spectile,
2513 1747 2603 1803 vel

601 1836 834 1907 pictura,
861 1835 947 1891 vel
973 1836 1270 1909 sculptura,
1301 1844 1397 1895 aut
1425 1836 1593 1891 etiam
1623 1832 1925 1891 similitudo
1970 1836 2048 1892 rei
2092 1837 2148 1892 in
2187 1835 2603 1903 intellectu,.vel

597 1937 781 1979 sensu.
811 1922 1106 1982 Nenenim
1149 1925 1328 1996 imago
1371 1924 1608 1981 bominis
1644 1922 1847 1980 dicitur
1882 1940 2046 1980 verus
2073 1924 2233 1981 homo
2270 1924 2381 1981 sed:
2403 1923 2601 1980 simili·

515 2004 522 2011 ’
600 2010 780 2070 tudo:
813 2028 926 2070 nec.
942 2012 1081 2088 lapis
1123 2014 1291 2070 estin
1321 2013 1506 2071 anima
1544 2020 1603 2069 ut
1650 2010 1784 2070 dicit
1824 2012 2196 2086 PhilosophuS,
2241 2013 2335 2069 sed
2386 2013 2604 2085 species

598 2098 796 2173 lapidis
820 2118 833 2155 ε
867 2109 926 2157 ιιι
955 2101 1121 2173 igitur
1142 2100 1260 2158 baec
1285 2118 1316 2157 a
1347 2102 1531 2157 divina
1561 2102 1911 2172 generatione
1940 2102 2324 2169 excludantur,
2340 2102 2599 2159 additur:

601 2189 766 2245 Deum
791 2204 979 2245 verum
1017 2188 1078 2244 de
1123 2188 1230 2245 Deo
1267 2206 1408 2245 vero.
1438 2189 1745 2245 Secundum
1778 2199 2029 2247 naturam
2068 2191 2235 2248 etiam
2266 2190 2602 2265 impossibile

599 2282 685 2331 est
713 2275 950 2331 Verbum
980 2292 1011 2331 a
1047 2276 1160 2333 Deo
1184 2276 1433 2348 differre,
1455 2292 1581 2334 cum
1604 2278 1708 2337 hoc
1732 2278 1806 2335 sit
1833 2280 1948 2337 Deo
1980 2279 2247 2347 naturale,
2276 2278 2421 2353 quod
2449 2280 2600 2352 seip-
2650 2273 2657 2277 ⁴

597 2379 719 2420 sum
745 2362 1034 2439 intelligat,
1060 2364 1235 2421 Habet
1261 2365 1406 2422 enim
1431 2366 1607 2423 omnis
1640 2366 1949 2425 intellectus
1987 2368 2171 2441 aliqua
2216 2384 2342 2443 quae
2371 2376 2600 2425 natura-

601 2452 726 2509 liter
767 2450 1043 2533 intelligit,
1095 2454 1238 2511 sicut
1290 2453 1600 2513 intellectus
1652 2464 1834 2513 noster
1887 2456 2049 2513 babet
2094 2456 2269 2531 prima
2308 2457 2595 2531 principia.

510 2578 526 2589 .
596 2540 766 2599 Multo
796 2558 928 2615 ergo
955 2543 1128 2615 magis
1159 2544 1321 2607 Deus,
1351 2545 1509 2615 cujus
1534 2544 1835 2617 intelligere
1858 2554 1943 2602 est
1982 2560 2142 2602 suum
2184 2562 2327 2616 esse,
2358 2547 2597 2620 seipsum
2686 2533 2697 2540 ⁶

600 2631 921 2689 naturaliter
948 2632 1223 2705 intelligit.
1251 2632 1482 2689 Verbum
1512 2648 1639 2706 ergo
1681 2633 1849 2707 ipsius
1878 2634 2202 2693 naturaliter
2226 2652 2291 2692 ex
2333 2636 2449 2709 ipso
2490 2644 2592 2703 est,

601 2734 706 2775 non
734 2719 877 2777 sicut.
901 2736 966 2777 ea
991 2735 1115 2792 quoe
1138 2729 1334 2795 praeter
1364 2722 1666 2779 naturalem
1695 2723 1959 2796 originem
1977 2710 2368 2797 procedunt,ut
2384 2740 2418 2781 a
2442 2724 2597 2781 nobis

599 2808 900 2880 procedunt.
924 2824 1012 2867 res
1041 2810 1373 2879 artificiales,
1400 2827 1543 2885 quas
1570 2811 1748 2869 facere
1776 2813 2010 2871 dicimur
2042 2831 2055 2869 ε
2087 2828 2214 2887 quoe
2254 2828 2383 2869 vero
2430 2821 2609 2869 natu-.

598 2895 788 2953 raliter
816 2896 1032 2955 anobis
1073 2899 1392 2972 procedunt,
1425 2900 1660 2957 dicimur
1696 2916 1979 2973 generare,
2000 2910 2060 2958 ut
2102 2900 2283 2957 Filius.
2312 2900 2392 2955 Ne
2426 2899 2609 2971 igitur.

597 2984 697 3041 Dei
735 2985 972 3043 Verbum
1019 3002 1125 3043 non
1171 2987 1495 3045 naturaliter
1536 3004 1569 3045 a
1616 2989 1728 3045 Deo
1764 2990 2059 3063 procedere
2104 2989 2457 3060 intelligatur,
2498 2990 2595 3047 sed

597 3077 898 3131 secundum
951 3080 1279 3147 potestatem
1324 3090 1440 3133 suae
1496 3074 1815 3147 voluntatis,
1868 3078 2090 3137 additur
2132 3097 2144 3135 :
2190 3075 2437 3135 Geuitum
2484 3094 2594 3137 uem

598 3158 821 3232 fuctum.
923 3198 928 3205 ·

1302 3335 1586 3406 CAPUT
1650 3337 1888 3408 XLIV.

1198 3473 1515 3539 Conclusio
1543 3495 1615 3542 ezr
1643 3479 1997 3558 praemissis.

617 3658 624 3666 ,
670 3604 810 3678 Quia
837 3621 968 3680 ergo
994 3614 1053 3664 ut
1081 3622 1146 3663 ex
1168 3608 1466 3681 praemissis
1489 3617 1660 3684 patet,
1690 3626 1874 3667 omnes
1900 3611 2179 3685 praedictoe
2203 3611 2406 3669 divinae
2428 3626 2609 3683 gena·

599 3695 1209 3756 rationis-conditiones
1244 3695 1312 3753 ad
1341 3697 1445 3755 hoc
1480 3699 1777 3772 pertinent,
1798 3698 1943 3774 quod
1972 3700 2141 3757 Filius
2168 3707 2252 3757 est
2289 3699 2591 3758 Patrimo-

601 3784 995 3851 substantialis,
1023 3784 1146 3841 ideo
1181 3794 1303 3859 pest
1331 3788 1513 3844 omnia
1552 3788 1895 3862 subjungitur
1922 3790 2082 3865 quasi
2124 3804 2339 3849 summa
2374 3790 2591 3851 univer-

600 3889 786 3933 serum
817 3892 848 3931 ε,
866 3872 1378 3945 cpmbstautinlem
1398 3873 1581 3935 Pam.
