2850 4517
538 350 658 415 1146
1014 364 1067 409 aa
1104 362 1351 408 ‘monus
1372 363 1420 411 :A
1430 356 1710 411 cuma-‘us
1754 358 2062 401 croscum

537 482 735 554 potuit,
764 479 811 537 si
851 477 901 537 ei
924 478 1110 539 anima
1125 477 1434 548 conjuncta·
1453 486 1568 533 non
1588 472 1711 533 fuit.
1739 474 2072 547 sequeretur
2097 471 2266 529 etiam
2290 470 2544 539 ulterius,

539 570 685 643 quod
714 568 912 628 Christi
929 578 1137 647 cerpus
1180 562 1385 637 sentire
1408 580 1517 625 non
1543 562 1724 643 potuit
1771 578 1785 617 t
1817 575 1924 616 non
1965 558 2111 615 enim
2138 560 2308 615 sentit
2347 576 2548 633 corpus

539 659 641 715 nisi
682 674 776 730 per
818 655 1056 711 animam
1093 652 1197 710 sibi
1239 652 1609 723 conjunctam.
1652 649 1845 706 Adhuc
1887 655 2073 705 autem
2100 647 2218 705 haec
2263 648 2448 722 opinio
2491 649 2547 703 in

423 734 431 740 ⁸
538 756 775 803 errorem
802 744 1039 801 Nestorii
1070 741 1331 798 relabitur
1355 756 1519 814 quem
1549 746 1730 795 tamen
1759 737 2034 794 declinare
2062 738 2318 797 intendit.
2351 738 2411 791 ln
2443 736 2548 792 hoc

539 837 680 891 enim
709 834 914 890 erravit
957 826 1270 897 Nestorius,
1289 830 1450 903 quod·
1475 828 1658 901 po's'uit
1684 826 1923 885 Verbum
1952 826 2054 881 Dei
2096 826 2302 882 homini
2330 824 2550 882 Christo

537 925 702 980 fuisse
732 924 944 1001 unitum
971 920 1278 995 secundum
1299 917 1747 979 inhabitationem
1773 916 1986 988 gratiae,
2020 915 2098 971 ita
2127 914 2275 988 quod
2303 913 2545 971 Verbum

536 1012 635 1067 Dei
666 1010 913 1068 fueritin
941 1007 1034 1065 ilio
1050 1007 1292 1073 homine,
1334 1007 1488 1061 sicut
1507 1004 1573 1061 in
1587 1003 1792 1077 templo
1822 1018 1942 1059 suo.
1972 1001 2119 1059 Nihil
2149 1008 2335 1059 autem
2375 1002 2547 1058 refert

538 1100 721 1155 dicere
758 1104 1049 1171 quantu-m
1041 1096 1123 1152 ad
1150 1096 1488 1168 propositum
1515 1092 1770 1166 pertinet,
1815 1092 1962 1165 quod
1993 1091 2216 1146 verbum
2245 1099 2329 1147 est
2358 1090 2414 1146 in
2443 1090 2547 1147 ho·-

539 1188 682 1245 mine
707 1188 850 1243 sicut
874 1188 927 1241 in
957 1184 1178 1256 templo,
1212 1190 1266 1243 et
1294 1182 1442 1257 quod
1471 1190 1665 1241 natura
1707 1180 1941 1237 humana
1964 1179 2134 1235 verbo
2176 1178 2452 1247 adveniat,
2485 1184 2546 1234 ut

541 1276 924 1337 vestimentum
953 1274 1173 1340 vestito,
1206 1273 1327 1351 'nisi
1358 1271 1526 1344 ·quod
1564 1272 1618 1325 in
1649 1278 1862 1326 tantum
1902 1268 2022 1345 haec
2059 1269 2243 1341 opinio
2271 1275 2356 1325 est
2383 1270 2547 1325 dete-

541 1368 671 1432 rior,
718 1365 847 1437 quia
892 1362 1171 1423 Christum·
1196 1373 1385 1421 verum
1404 1359 1700 1415 hominem
1749 1358 1998 1415 confiteri
2043 1374 2152 1415 non
2199 1363 2402 1429 potest.
2447 1358 2547 1415 Est

542 1454 708 1525 igitur
730 1452 849 1513 haec
870 1452 1059 1525 'opinio
1092 1467 1197 1506 non
1228 1449 1500 1509 immerito
1527 1448 1908 1506 condemnata.
1936 1446 2128 1509 Adhuc
2151 1452 2354 1513 autem,
2383 1446 2544 1503 homo

544 1541 779 1599 vestitus
802 1524 906 1596 non
935 1547 1116 1611 potest
1141 1554 1263 1597 esse
1287 1550 1520 1611 persona
1545 1537 1732 1603 vestie,
1764 1542 1860 1593 aut
1883 1536 2204 1602 indumenti,
2232 1550 2331 1591 nec
2359 1535 2545 1607 aliquo

548 1630 711 1686 modo
740 1628 848 1684 dici
895 1633 1073 1702 potest
1114 1628 1369 1703 quod-sit
1410 1627 1463 1681 in
1502 1624 2046 1698 specie-indumenti.
2089 1624 2340 1695 Si-igitur
2377 1623 2546 1679 Filius

544 1718 645 1773 Dei
682 1717 972 1773 humanam
1011 1722 1262 1773 naturam
1304 1722 1375 1770 ,ιιι
1416 1716 1800 1773 vestimentum
1842 1713 2152 1784 assumpsit,
2195 1711 2340 1779 nullo
2383 1710 2544 1768 modo

542 1806 877 1879 dici‘poterit
906 1822 1139 1879 persona
1178 1805 1430 1864 humanae
1457 1810 1688 1869 naturae,
1717 1818 1817 1859 nec
1841 1802 2008 1861 etiam
2029 1801 2139 1858 dici
2166 1801 2370 1875 poterit
2397 1799 2545 1875 quod

440 1943 447 1947 .
541 1895 711 1956 Filius
741 1896 839 1951 Dei
864 1896 938 1950 sit
961 1894 1204 1968 ejusdem
1230 1894 1443 1967 speciei·
1469 1907 1594 1949 cum
1629 1891 1750 1949 aliis
1777 1890 2102 1955 hominibu3‚
2133 1891 2204 1947 de
2227 1906 2334 1963 quo
2363 1899 2545 1947 tamen

544 1989 735 2056 Apost.
762 1983 915 2050 dicit,
940 1983 1077 2040 Phii.
1101 2000 1163 2050 ιι,
1194 1998 1277 2039 vn
1298 2000 1311 2050 ;
1332 1982 1476 2055 quod
1501 1981 1668 2037 estin
1684 1980 2034 2037 similitudine
2055 1980 2328 2043 hominum
2346 1980 2542 2052 factus.

544 2071 697 2131 Unde
726 2077 873 2147 patet
899 2072 1041 2129 hanc
1066 2070 1378 2145 opinion-em
1400 2085 1521 2127 esse
1545 2068 1797 2127 totaiiter
1813 2069 2146 2128 evitandam.

1266 2241 1548 2308 CAPUT
1619 2241 1813 2308 CCX.

926 2382 1105 2457 Quod
1124 2383 1193 2445 in
1218 2382 1349 2462 ipso
1373 2400 1493 2445 non
1518 2388 1664 2445 sunt
1691 2384 1809 2446 duo
1832 2365 2178 2463 supposita:
2206 2390 2212 2398 '

614 2515 720 2573 Alii
760 2532 889 2572 vero
928 2515 1191 2588 praedicta
1237 2518 1672 2575 inconvenientia
1721 2515 1895 2574 vitare
1939 2517 2198 2585 volentes,
2249 2526 2552 2590 posuerunt

548 2605 764 2678 quidem
788 2604 841 2659 in
864 2604 1079 2661 Christo
1103 2606 1340 2661 animam
1364 2607 1578 2679 corpori
1604 2607 1770 2663 fuisse
1795 2607 2022 2676 unitam,
2049 2613 2105 2661 et
2129 2622 2202 2663 ex
2226 2606 2321 2662 tali
2349 2609 2550 2665 unione

545 2694 833 2767 quemdam
870 2692 1141 2749 hominem
1169 2695 1529 2751 constitutum
1569 2694 1754 2765 fuisse,
1801 2711 1962 2767 quem
1993 2694 2180 2749 dicunt
2219 2711 2252 2754 a
2277 2695 2413 2751 Filie
2445 2698 2551 2754 Dei

545 2784 602 2838 in
624 2782 887 2838 unitatem
911 2798 1156 2855 personae
1186 2790 1542 2856 assumptum,
1576 2784 1786 2840 ratione
1809 2786 1964 2855 cujus
1989 2785 2374 2858 assumptionis
2396 2784 2550 2841 illum

549 2872 823 2927 hominem
850 2869 1039 2928 dicunt
1064 2887 1186 2928 esse
1212 2872 1407 2928 Filium
1445 2873 1562 2939 Dei,
1595 2879 1650 2928 et
1679 2871 1873 2929 Filium
1902 2872 1998 2927 Dei
2029 2872 2219 2928 dicunt
2246 2890 2364 2929 esse
2395 2874 2552 2929 iilum

546 2960 841 3017 hominem.
871 2960 941 3016 Et
967 2961 1097 3033 quia
1121 2962 1544 3034 assumptionem
1571 2961 1890 3034 praedictam
1919 2961 1985 3017 ad
2011 2962 2276 3017 unitatem
2299 2977 2552 3035 personae

546 3049 733 3105 dicunt
755 3065 875 3105 esse
900 3050 1266 3116 terminatam,
1295 3042 1625 3107 confitentur
1648 3050 1868 3123 quidem
1899 3050 1952 3103 in
1981 3049 2196 3107 Christo
2225 3066 2389 3106 unam
2418 3068 2551 3124 per-

544 3153 733 3194 sonam
764 3138 859 3194 Dei
888 3146 944 3195 et
990 3138 1269 3195 hominisz
1319 3139 1417 3194 sed
1463 3140 1592 3213 quia
1622 3139 1710 3195 hic
1739 3138 1896 3195 homo
1939 3155 2101 3212 quem
2148 3155 2216 3195 ex
2263 3141 2448 3196 anima
2495 3145 2550 3195 et

545 3241 769 3298 corpore
797 3225 1155 3299 constitutum
1186 3226 1393 3293 dicunt,
1421 3236 1506 3283 est
1529 3226 1804 3300 quoddam
1836 3228 2196 3300 suppositum,
2227 3227 2312 3284 vei
2339 3225 2550 3301 hypos-

547 3314 680 3382 tasis
721 3313 971 3371 humanae
998 3320 1228 3380 naturae,
1262 3324 1469 3386 ponunt
1509 3316 1565 3371 in
1594 3316 1809 3371 Christo
1838 3316 1948 3371 duo
1993 3317 2294 3390 supposita,
2326 3323 2384 3373 et
2411 3316 2550 3375 duae

544 3403 885 3475 hypostaseS,
938 3417 1104 3457 unum
1130 3409 1341 3459 naturae
1368 3403 1621 3461 humanae
1661 3410 1906 3460 creatum
1935 3408 1991 3459 et
2039 3406 2356 3478 temporale,
2399 3407 2548 3465 aliud

544 3491 745 3547 divinae
785 3498 997 3547 naturae
1025 3490 1327 3545 increatum
1368 3498 1425 3545 et
1461 3500 1748 3549 aeternum.
1793 3494 1923 3548 Haec
1963 3498 2148 3549 autem
2177 3494 2376 3565 positio
2422 3494 2549 3551 ticet

544 3580 833 3639 aberrore
874 3579 1111 3635 Nestorii
1149 3578 1477 3635 verbotenus
1503 3581 1758 3636 recedere
1803 3580 2075 3647 videatur,
2110 3587 2292 3637 tamen
2334 3582 2380 3638 si
2426 3584 2550 3655 quis

544 3684 665 3727 eam
708 3668 938 3727 interius
966 3668 1355 3738 perscrutetur,
1401 3669 1456 3725 in
1485 3669 1629 3727 idem
1657 3684 1781 3725 cum
1821 3668 2076 3727 Nestorio
2116 3668 2341 3727 labitur.
2369 3670 2552 3729 Mani·-

542 3755 742 3813 t'estum
784 3762 867 3814 eat
894 3755 1041 3813 enim
1076 3754 1223 3828 quod
1270 3770 1502 3827 persona
1551 3755 1680 3813 nihil
1710 3755 1854 3814 aliud
1898 3764 1981 3813 est
2026 3771 2194 3827 quam
2239 3756 2554 3817 substantia

543 3842 827 3902 individua
855 3842 1139 3903 rationalis
1161 3851 1393 3910 naturae,
1424 3844 1658 3900 humana
1683 3850 1868 3900 autem
1891 3851 2090 3901 natura
2116 3844 2550 3904 rationatiseatt

540 3929 686 3987 unde
714 3935 773 3989 οι
808 3944 879 3989 ex
916 3932 1019 3991 hnc
1045 3932 1166 4007 ipso
1204 3931 1351 4007 quod
1382 3932 1601 4007 ponitur
1628 3932 1683 3988 in
1725 3932 1938 3992 Christo
1983 3932 2171 4007 aliqua
2209 3932 2550 4005 hypostasis,

1459 4137 1591 4145 -υ---..
1623 4139 1638 4144 .-
