2850 4517
862 353 907 397 1.
938 369 1020 383 -
1047 351 1448 396 οοΜΡιιιιιιιιιΜ
1502 353 1862 398 'rnnonoeffl
2054 339 2060 348 '
2250 341 2361 401 121

351 471 572 545 operari
600 469 776 542 ipsum
806 469 1106 525 secundum
1134 469 1443 524 virtutem·
1476 484 1603 524 nam
1629 470 1807 530 virtus
1829 470 2255 545 uniuscujusque
2284 475 2364 529 rei

351 567 440 618 est
477 576 603 634 quae
645 556 848 614 bonum
895 557 1046 612 facit
1069 557 1380 624 habentem,
1407 540 1464 614 et
1502 573 1639 630 opus
1675 559 1795 629 ejus
1832 558 2029 616 bonum
2074 561 2287 629 reddit,
2307 569 2367 618 ut

353 649 558 705 dicitur
584 653 638 706 2.
655 647 843 703 Ethic.
872 647 1009 705 Cum
1038 647 1207 718 igitur
1231 646 1459 705 ultimus
1485 646 1610 702 finis
1637 646 1873 704 hominis
1900 649 1973 704 sit
1998 650 2110 706 vita
2136 659 2363 720 aeterna,

353 737 424 792 de
452 753 564 810 qua
589 734 798 790 dictum
846 741 949 801 est,
984 749 1089 789 non
1125 749 1314 789 omnes
1341 733 1410 789 ad
1454 748 1576 790 eam
1622 735 1966 806 perveniunt,
1993 720 2088 792 sed
2136 737 2234 792 soli
2273 741 2368 811 qui

354 817 661 882 secundum
685 823 943 878 virtutem
979 828 1296 894 operantur.
1327 823 1619 889 Praeterea,
1639 831 1737 879 est
1768 821 2046 880 ostensum
2075 839 2239 897 supra
2268 827 2371 884 sub

354 913 546 970 divina
576 910 923 984 providentia
961 910 1230 966 contineri
1263 925 1374 966 non
1401 910 1580 966 solum
1626 911 1920 978 naturalia,
1945 912 2040 986 sed
2082 915 2248 970 etiam
2282 931 2371 971 res

354 1002 647 1067 humanae,
689 1015 799 1055 non
835 999 890 1055 in
935 998 1232 1054 universali
1273 1005 1508 1068 tantum,
1536 998 1633 1056 sed
1670 1001 1838 1056 etiam
1875 996 1929 1056 in
1974 1003 2259 1074 singulari.
2286 993 2369 1062 Ad

355 1105 483 1146 enm
508 1095 695 1145 autern
721 1085 816 1160 qui
839 1080 1196 1158 singularium
1221 1087 1499 1143 hominum
1521 1079 1709 1144 curam
1741 1088 1926 1157 habet,
1952 1093 2194 1163 pertinet
2227 1107 2373 1165 prae-

357 1179 470 1235 mia
495 1177 690 1232 virtuti
716 1175 964 1243 reddere,
993 1183 1049 1232 et
1087 1191 1278 1248 poenas
1307 1183 1579 1248 peccato:
1608 1177 1736 1249 quia
1761 1193 1925 1250 poena
1961 1187 2047 1235 est
2096 1179 2374 1238 medicina

355 1267 556 1340 culpae,
583 1273 642 1321 et
668 1265 1016 1321 ordinative
1002 1264 1194 1336 ipsine,
1221 1271 1282 1319 ut
1311 1279 1478 1336 supra
1498 1264 1746 1332 habiturn
1774 1273 1861 1322 est
1893 1283 1907 1320 ε
1936 1267 2159 1324 virtutis
2185 1275 2373 1325 autem

356 1355 647 1430 praemium
672 1353 906 1410 felicitas
941 1362 1184 1426 est,quae
1207 1368 1274 1409 ex
1304 1352 1551 1412 bonitate
1575 1353 1761 1410 divina
1786 1353 1991 1410 homini
2022 1356 2203 1412 datur.
2237 1359 2373 1413 Per-

358 1446 502 1502 tinet
529 1457 660 1515 ergo
709 1443 778 1498 ad
817 1442 992 1498 Deum
1029 1441 1115 1497 his
1159 1441 1257 1514 qui
1303 1449 1495 1498 contra
1536 1442 1798 1498 virtutem
1842 1451 2032 1514 agunt,
2072 1461 2179 1501 non
2223 1445 2373 1503 foelia
2480 1497 2486 1504 .

355 1535 607 1598 citatem,
663 1531 758 1588 se'd
797 1530 1133 1588 contrarium
1172 1528 1231 1586 in
1267 1545 1487 1604 poenam
1530 1531 1779 1599 reddere3
1832 1529 2044 1590 scilicet
2070 1527 2380 1593 extremam

358 1635 660 1678 miseriam.

1025 1788 1310 1856 CAPUT
1338 1790 1700 1858 CLXXIII.

523 1971 530 1978 -
634 1928 814 2007 Quod
827 1929 1146 2008 preamium
1173 1929 1433 1990 hominis
1452 1934 1540 1991 est
1561 1935 1704 2006 post
1728 1930 1881 1992 hano
1907 1931 2118 2006 vitam,

1030 2021 1088 2080 ec
1112 2016 1402 2080 similiter
1442 2017 1709 2080 miseria.

428 2152 794 2212 considerare
836 2159 1021 2208 autem
1050 2156 1289 2223 oportet,
1309 2149 1457 2224 quod
1502 2151 1904 2222 contrariorum
1941 2153 2203 2212 contrarii
2248 2167 2375 2215 sunt

361 2245 611 2301 effectus.
644 2240 965 2314 operationi
997 2248 1181 2296 autem
1209 2235 1513 2296 secundum
1540 2239 1803 2298 virtutem
1830 2243 2105 2301 contraria
2129 2253 2213 2303 est
2240 2263 2375 2321 ope-

362 2334 507 2392 ratio
533 2329 835 2388 secundum
868 2327 1154 2386 malitiam.
1177 2315 1407 2402 Oportet
1449 2328 1619 2400 igitur
1648 2331 1795 2404 quod
1819 2331 2059 2402 miseria,
2092 2333 2162 2397 ad
2206 2352 2372 2411 quam

363 2437 462 2495 per
488 2419 863 2494 operationem
893 2417 1120 2474 malitiae
1142 2418 1480 2491 pervenitur,
1507 2417 1783 2476 contraria
1808 2421 1880 2477 sit
1908 2419 2183 2492 felicitati,
2194 2442 2373 2498 quam

363 2515 608 2565 meretur
644 2507 890 2582 operatio
928 2505 1152 2563 virtutis
1184 2523 1196 2560 :
1226 2506 1503 2563 contraria
1541 2513 1725 2564 autem
1766 2513 1895 2565 sunt
1931 2511 2093 2568 unius
2134 2514 2372 2587 generis.

363 2595 700 2670 Cum‘igitur
727 2596 962 2652 felicitae
991 2591 1202 2661 ultima,
1231 2596 1302 2652 ad
1327 2611 1491 2668 quam
1525 2597 1843 2668 pervenitur
1870 2615 1969 2670 per
1998 2600 2371 2672 operationem

363 2682 609 2753 virtutis,
639 2701 748 2743 non
771 2685 845 2740 sit
867 2682 1087 2757 aliquod
1117 2683 1320 2742 bonum
1342 2682 1507 2764 hujus
1530 2685 1680 2752 vilae,
1713 2685 1807 2740 sed
1835 2691 1959 2758 post
1998 2687 2140 2745 hanc
2180 2691 2371 2758 vitam,

365 2784 428 2832 ut
459 2789 528 2830 ex
569 2788 734 2847 supra
771 2767 938 2830 dictis
976 2779 1152 2844 patet,
1183 2784 1526 2840 consequens
1567 2777 1653 2824 est
1692 2776 1753 2825 ut
1793 2771 1987 2829 ultima
2035 2777 2277 2844 miseria,
2306 2781 2373 2834 ad

365 2861 536 2938 quam
563 2862 774 2920 malitia
797 2857 1068 2936 perducit,
1093 2859 1166 2915 sit
1194 2855 1416 2928 aliquod
1445 2855 1651 2913 malum
1680 2863 1801 2926 post
1830 2857 1971 2914 hanc
2006 2859 2199 2924 vitam.
2226 2865 2380 2921 Prae-

368 2959 543 3018 terea,
577 2951 762 3007 omnia
789 2945 952 3016 bona,
985 2947 1071 3004 vel
1108 2944 1254 3005 mala
1280 2943 1444 3016 hujus
1485 2942 1619 3000 vilae
1663 2942 2015 3002 inveniuntur
2060 2948 2129 3005 ad
2171 2947 2377 3024 aliquid

366 3039 634 3102 ordinari.
661 3035 809 3095 Bona
837 3038 985 3094 enim
1007 3033 1301 3121 exteriora,
1333 3039 1390 3090 et
1418 3029 1589 3090 etiam
1615 3026 1757 3089 bona
1781 3032 2090 3105 corporalia
2120 3037 2378 3110 organice
2418 3047 2433 3068 ·

367 3127 692 3188 deserviunt
725 3127 795 3184 ad
832 3127 1114 3193 virtutem,
1147 3137 1274 3198 quae
1297 3128 1382 3178 est
1408 3117 1617 3178 directe
1648 3119 1738 3178 via
1767 3123 2115 3198 perveniendi
2145 3127 2214 3184 ad
2244 3125 2379 3186 bea-

369 3217 667 3275 titudinem
713 3213 860 3314 ap'nd
901 3219 1015 3284 ene,
1043 3213 1137 3286 qui
1167 3209 1450 3285 praedictis
1492 3204 1655 3266 rebus
1698 3208 1838 3266 bene
1872 3217 2122 3285 utuntur,
2151 3214 2295 3274 sicut
2323 3224 2379 3275 et

369 3305 518 3378 apud
557 3315 656 3360 eos
679 3303 777 3377 qui
807 3299 973 3358 male
1017 3301 1098 3358 eis
1137 3305 1384 3359 utuntur,
1429 3302 1558 3354 sunt
1602 3297 1969 3355 instrumenta
2006 3299 2248 3370 malitiae,
2284 3321 2381 3379 per

369 3403 539 3468 quam
569 3392 640 3449 ad
659 3389 942 3449 miseriam
968 3384 1286 3462 pervenitur
1312 3403 1326 3442 t
1353 3392 1409 3444 et
1437 3385 1689 3443 similiter
1729 3385 1872 3444 mala
1899 3387 1985 3445 his
2021 3391 2292 3463 opposita,
2322 3402 2385 3467 ut

368 3489 524 3558 puta,
575 3479 888 3548 infirmitati,
939 3490 1254 3554 paupertare,
1289 3484 1346 3532 et
1386 3474 1717 3547 hujusmodi,
1759 3472 2087 3550 quibusdam
2138 3487 2267 3538 sunt
2312 3483 2381 3539 ad

369 3571 682 3644 profectum
703 3568 945 3638 virtutis,
980 3567 1105 3625 aliis
1129 3575 1314 3624 autem
1337 3561 1406 3622 ad
1438 3565 1663 3622 malitiae
1684 3565 2383 3654 atigmentiim‚sec11ndum

369 3660 522 3734 q'uod
560 3660 644 3718 eis
682 3657 1050 3722 diversimode
1085 3661 1335 3712 utuntur.
1361 3647 1519 3724 Quod
1546 3661 1729 3710 autem
1775 3657 2058 3716 ordinatur
2106 3660 2176 3716 ad
2214 3660 2382 3728 aliud,

373 3765 484 3807 non
507 3753 594 3806 est
623 3747 850 3804 ultimus
875 3747 1017 3813 finis,
1039 3745 1168 3818 quia
1192 3759 1370 3817 neque
1395 3741 1658 3801 ultimum
1673 3747 1977 3816 praemium,
2004 3765 2179 3822 neque
2202 3765 2381 3822 poena.

371 3839 496 3894 Non
541 3836 711 3909 igitur
756 3835 950 3892 ultima
991 3833 1246 3900 felicitae,
1273 3845 1454 3906 neque
1480 3829 1679 3887 ultima
1725 3832 1946 3920 miseria
1987 3833 2041 3889 in
2064 3835 2261 3912 bonizi,
2303 3838 2388 3896 vel

373 3925 540 3983 malis
563 3924 728 3998 hujus
751 3925 884 3983 vitae
905 3921 1178 3982 consistit.
2024 3945 2028 3950 ·
2064 3943 2069 3948 ·
