2850 4517
785 317 833 367 ι.
863 334 944 351 -
969 305 1373 369 conmanunt
1422 323 1788 371 moneam
2173 312 2288 375 150

974 520 1257 588 CAPUT
1297 496 1585 589 CCXVI.

713 659 809 723 De
845 658 1224 739 plenitudine
1248 660 1559 752 sapientias
1591 634 1848 757 Christi.

344 792 600 865 Oportet.
626 800 811 849 autern
850 799 1249 868 consequenter
1288 796 1476 853 dicere
1515 797 1584 853 de
1621 797 1960 869 plenitudine
2001 800 2289 872 sapientiae

275 880 499 941 Christi.
523 879 629 938 Ubi
657 882 833 956 primo
868 884 1325 944 considerandum
1352 876 1616 957 occurrit,
1635 876 1796 959 'quod
1825 897 1950 943 oum
1987 888 2044 943 in
2073 888 2290 946 Christo

274 972 383 1031 sint
407 970 535 1028 duae
562 979 796 1039 naturae,
828 972 1015 1031 divina
1040 974 1256 1039 scilicet,
1288 981 1347 1031 et
1370 974 1626 1041 humana,
1657 975 1926 1047 quidquid
1963 975 2032 1033 ad
2073 983 2288 1035 utram-

274 1077 381 1133 que
411 1066 667 1119 naturam
695 1062 950 1134 pertinet,
975 1078 1201 1137 necesse
1227 1070 1313 1120 eat
1339 1064 1492 1137 quod
1525 1065 1834 1135 geminetur
1867 1066 1924 1119 in
1953 1065 2192 1136 Christo,
2226 1075 2287 1124 ut

272 1166 442 1222 supra
466 1149 677 1206 dictum
704 1157 811 1206 est.
842 1150 1121 1224 Sapientia
1144 1160 1333 1209 autem
1361 1160 1417 1210 et
1445 1152 1649 1211 divinae
1688 1160 1904 1211 naturae
1931 1156 2210 1223 convenit,
2233 1161 2288 1213 et

274 1236 550 1297 humanae.
598 1238 811 1293 Dicitur
856 1240 1001 1295 enim
1048 1240 1115 1296 de
1164 1242 1298 1305 Deo,
1343 1239 1464 1297 Job.
1498 1256 1563 1297 ix
1595 1258 1610 1298 ε
1641 1240 1864 1321 Sapiens
1909 1241 2066 1298 corde
2113 1249 2210 1309 est,
2235 1251 2288 1301 et

272 1326 436 1397 sortia
475 1326 681 1383 robam.
725 1328 830 1385 Sed
873 1328 1039 1384 etiam
1082 1328 1331 1385 homines
1370 1328 1647 1387 interdum
1693 1331 1977 1403 Scriptura
2008 1332 2287 1403 sapientes

272 1414 515 1487 appellat
557 1432 651 1471 seu
690 1416 990 1473 secundum
1036 1418 1370 1491 sapientiam
1414 1420 1768 1489 mundanam,
1803 1421 2106 1477 secundum
2149 1420 2283 1477 iliud

270 1505 475 1560 Jerem.
508 1520 593 1561 rx.
617 1504 746 1565 Non
764 1505 1027 1579 ylowe-tur
1048 1506 1262 1579 sapiens
1296 1508 1359 1563 in
1383 1507 1651 1581 sapientia
1673 1523 1810 1575 maz-,⁰
1839 1510 1956 1564 sive
1983 1509 2283 1567 secundum

272 1589 603 1666 sapientiam
634 1594 897 1663 divinam,
934 1596 1236 1653 secundum
1264 1595 1401 1652 illud
1439 1598 1596 1653 Matt.
1625 1612 1784 1654 xxm
1816 1616 1829 1651 :
1857 1598 1990 1655 Ecce
2013 1612 2106 1671 eqo
2127 1598 2284 1655 mitto

271 1682 342 1739 od
382 1698 477 1737 vos
512 1684 821 1756 prophetas,
848 1690 901 1742 et
938 1683 1230 1757 sapientes,
1256 1690 1306 1741 et
1340 1684 1567 1741 scribas.
1598 1685 1741 1758 Ergo
1785 1692 2002 1759 oportet
2035 1686 2284 1748 confiteri

270 1772 413 1829 duas
435 1786 558 1829 esse
593 1774 650 1829 in
688 1771 903 1830 Christo
930 1774 1229 1847 sapientias
1272 1774 1575 1830 secundum
1615 1774 1754 1830 duas
1791 1781 2037 1842 naturae,
2063 1777 2287 1847 sapien·

270 1862 405 1919 tiam
458 1861 673 1919 scilicet
713 1862 1036 1929 increatam,
1096 1878 1221 1933 quae
1266 1861 1319 1917 ei
1356 1863 1622 1935 competit
1669 1862 1970 1919 secundum
2013 1862 2158 1936 quod
2203 1869 2288 1919 est

270 1952 441 2017 Beue,
470 1955 530 2004 et
566 1949 895 2021 sapientiam
928 1957 1193 2015 creatam,
1232 1965 1359 2021 quae
1401 1950 1451 2005 ei
1493 1950 1757 2021 competit
1799 1950 2098 2005 secundum
2141 1949 2287 2023 quod

272 2046 352 2096 est
374 2038 671 2095 hom0.'Et
710 2038 1011 2094 secundum
1043 2038 1266 2111 quidem
1304 2037 1452 2111 quod
1489 2038 1638 2094 Deus
1675 2046 1778 2106 est,
1805 2046 1860 2095 et
1896 2038 2137 2094 Verbum
2165 2039 2286 2104 Dei,

211 2130 217 2141 '
272 2137 351 2187 est
401 2128 588 2199 genita
628 2127 899 2199 sapientia
936 2127 1131 2193 Patris,
1182 2126 1485 2183 secundum
1523 2126 1655 2183 illud
1703 2128 1745 2183 1.
1793 2128 1861 2183 ad
1913 2126 2158 2183 Corinth.
2201 2142 2222 2183 1
2272 2133 2315 2183 :'

274 2216 553 2273 Christum
587 2216 691 2271 Dei
729 2215 1008 2282 virtutem,
1040 2223 1089 2271 et
1120 2216 1222 2272 Dei
1259 2215 1600 2289 sapientiam.
1628 2215 1776 2271 Nihil
1817 2216 1962 2271 enim
2001 2224 2108 2272 est·
2137 2215 2284 2272 aliud

275 2306 504 2361 verbum
548 2304 781 2361 interius
820 2304 1664 2378 uniuscujusqueintelligentis,
1705 2303 2138 2377 nisiconcaptio
2191 2320 2290 2363 sa.-

276 2396 499 2466 pientiae
524 2395 661 2466 ejus.
693 2394 763 2449 Et
797 2394 927 2465 quia
956 2394 1191 2451 Verbum
1222 2394 1317 2449 Dei
1348 2409 1514 2467 supra
1554 2392 1795 2449 diximus
1823 2410 1945 2451 esse
1967 2396 2286 2471 perfectum

276 2488 331 2538 et
355 2483 593 2543 unitum,
621 2498 845 2537 necesse
883 2488 968 2538 est
1005 2484 1147 2555 quod
1190 2484 1285 2539 Dei
1314 2483 1555 2539 Verbum
1603 2484 1676 2539 sit
1719 2484 1960 2556 perfecta
1997 2484 2286 2555 conceptio

276 2571 571 2642 Sapientiae
598 2571 692 2627 Dei
722 2572 918 2638 PatriS,
948 2577 1010 2626 ut
1030 2572 1240 2627 scilicet
1264 2570 1532 2644 quidquid
1570 2571 1628 2625 in
1655 2572 1934 2644 Sapientia
1971 2572 2071 2627 Dei
2107 2569 2286 2626 Patris

277 2660 710 2731 contineturper
746 2658 968 2713 modum
992 2658 1237 2730 ingeniti,
1274 2664 1450 2713 totum
1497 2659 1554 2712 in
1581 2659 1760 2713 Verbo
1797 2658 2145 2713 contineatur
2186 2672 2285 2727 per

279 2747 500 2805 modum
532 2746 700 2817 geniti
731 2754 785 2803 et
817 2746 1089 2817 concepti.
1122 2747 1189 2799 Et
1217 2746 1345 2799 inde
1372 2753 1458 2800 est
1483 2744 1630 2815 quod
1661 2745 1864 2799 dicitur
1888 2744 2035 2815 quod
2061 2744 2124 2797 in
2148 2745 2282 2812 ipso,

276 2835 489 2893 scilicet
534 2834 767 2901 Christo,
798 2842 925 2891 sunt
970 2849 1147 2901 omnes
1186 2820 1844 2899 thesauri-sapientioe’et
1883 2830 2118 2886 scientia»
2163 2827 2288 2881 abs-

277 2922 498 2979 conditi.
526 2924 773 2980 Hominis
800 2933 985 2980 autem
1019 2920 1220 2977 Christi
1258 2926 1343 2974 est
1372 2914 1573 2989 duplex
1613 2916 1872 2986 cognitio.
1898 2916 2019 2970 Una
2065 2912 2288 2985 quidem

276 3012 561 3068 deiformis
584 3012 885 3068 secundum
910 3011 1058 3085 quod
1082 3012 1257 3065 Deum
1278 3024 1378 3081 per
1402 3004 1698 3061 essentiam
1719 3002 1894 3070 videt,
1920 3009 1976 3058 et
2005 3001 2113 3058 alia
2141 3000 2288 3057 videt

277 3100 331 3155 in
359 3102 668 3169 Deo„sicut
702 3102 903 3175 etipse
926 3102 1074 3157 Deus
1104 3097 1454 3170 inteiligendo
1495 3086 1774 3166 seipsum,
1805 3090 2066 3163 intelligit
2103 3089 2286 3147 omnia

277 3190 407 3257 alia,
440 3207 539 3262 per
566 3208 733 3264 quam
760 3191 1027 3248 visionem
1056 3196 1112 3246 et
1136 3190 1252 3261 ipse
1282 3190 1428 3243 Deus
1455 3186 1648 3242 beatus
1678 3189 1780 3250 est,
1813 3189 1869 3239 et
1911 3180 2088 3238 omnis
2125 3195 2290 3239 crea·

278 3284 405 3335 tura
431 3280 719 3336 rationalis
748 3280 987 3351 perfecte
1014 3280 1131 3335 Deo
1158 3277 1361 3333 fruens,
1388 3275 1529 3345 Quia
1558 3274 1726 3346 igitur
1753 3272 2030 3329 Christum
2055 3269 2289 3325 dicimus

274 3381 401 3423 esse
432 3366 685 3435 humanae
710 3366 905 3423 salutis
934 3375 1235 3433 auctorem,
1262 3380 1484 3421 necesse
1512 3370 1596 3419 est
1623 3361 1805 3418 dicere
1843 3358 1990 3434 quod
2036 3355 2164 3413 talis
2190 3371 2288 3412 co-

274 3455 456 3525 gnitio
474 3456 553 3511 sic
574 3458 774 3513 animae
800 3456 1002 3513 Christi
1026 3456 1415 3520 conveniat,ut
1441 3453 1602 3509 decet
1631 3458 1932 3507 auctorem.
1951 3444 2288 3516 Principium

275 3552 468 3599 autem
527 3553 585 3601 et
632 3546 910 3601 immobile
956 3561 1075 3602 esse
1122 3550 1357 3617 oportet,
1400 3548 1457 3597 et
1501 3542 1709 3599 virtute
1748 3532 2289 3613 praestantissimum.

276 3634 621 3692 Conveniens
638 3636 807 3707 igitur
826 3635 929 3691 fuit
958 3634 1133 3690 utilia
1152 3634 1250 3688 Dei
1281 3632 1440 3701 visio,
1459 3632 1512 3687 in
1537 3648 1645 3704 qua
1673 3627 1956 3686 beatitudo
1986 3619 2290 3689 bominum,
2315 3658 2323 3667 .

273 3730 332 3780 ,οι
362 3724 514 3781 salus
543 3731 752 3783 aeterna
794 3724 1064 3788 consistit,
1098 3721 1454 3779 excellentius
1490 3736 1604 3795 prae
1645 3719 1862 3777 caeteris
1903 3713 2124 3773 Christo
2155 3722 2292 3764 con-

262 3813 491 3881 -veniat‚
522 3820 579 3870 et
620 3820 905 3887 tamquam
951 3811 1214 3869 immobiii
1258 3811 1542 3885 principio.
1576 3810 1709 3865 Haec
1749 3814 1933 3863 autem
1979 3798 2294 3858 differentia

274 3901 559 3961 invenitur
588 3903 871 3961 mobilium
898 3903 967 3962 ad
998 3900 1315 3967 immobilia,
1348 3899 1492 3975 quod
1521 3895 1742 3953 mobilia
1772 3893 2048 3968 propriam
2077 3883 2295 3964 perfec-
