2850 4517
503 350 586 414 78
730 427 736 432 Δ
984 371 1035 412 ε.
1081 367 1314 411 mona.
1353 365 1679 416 mmm-ms
1720 359 2031 411 croscum

1214 562 1497 631 CAPUT
1538 561 1804 630 CXVII.

608 706 788 781 Quod
813 705 973 768 nihil
989 709 1190 786 potest
1213 722 1331 768 esse
1355 701 1757 766 essentialiter
1783 699 2033 776 malum,
2065 700 2159 764 vel
2176 716 2421 776 summ,

981 795 1084 857 sed
1108 799 1197 857 est
1223 793 1531 872 corruptio
1563 789 1834 870 alicujus
1876 789 2035 852 boni.
2120 836 2127 846 .

581 927 779 983 Habito
807 926 979 999 igitur
1002 926 1149 999 quod
1175 925 1375 982 malum
1405 930 1491 980 εει
1521 924 1755 998 privatio
1780 921 2130 998 perfectionis
2156 922 2376 990 debitoe,
2399 922 2507 994 jam

511 1015 861 1072 manifestum
897 1022 981 1072 est
1017 1014 1252 1088 qualiter
1304 1014 1510 1070 malum
1551 1014 1753 1070 bonum
1783 1012 2104 1085 corrumpit,
2152 1013 2207 1068 in
2248 1019 2509 1086 quantum

510 1103 721 1162 scilicet
736 1111 822 1161 est
837 1105 956 1176 ejus
977 1105 1232 1177 privatio,
1249 1104 1391 1160 sicut
1415 1111 1471 1158 et
1486 1102 1925 1160 caecitasdicitur
1945 1101 2293 1174 corrumpere
2312 1101 2505 1166 visum,

511 1194 642 1267 quia
671 1203 754 1251 est
779 1194 898 1266 ipsa
932 1194 1081 1249 visus
1111 1194 1363 1266 privati0.
1386 1195 1501 1250 Nec
1540 1199 1725 1249 tamen
1754 1200 1930 1249 totum
1959 1191 2158 1248 bonum
2192 1191 2507 1262 corrumpit,

512 1285 644 1357 quia
665 1283 1043 1356 supradictum
1063 1291 1146 1339 est
1169 1283 1313 1355 qnod
1343 1299 1451 1338 non
1474 1282 1651 1339 solum
1671 1281 1845 1338 forma
1865 1290 1950 1338 εει
1975 1280 2195 1348 bonum,
2222 1279 2321 1336 sed
2349 1279 2510 1335 etiam

512 1372 759 1446 potentia
788 1371 855 1428 ad
885 1370 1136 1439 formam,
1169 1386 1296 1444 quae
1318 1371 1541 1444 quidem
1568 1371 1817 1444 potentia
1852 1376 1941 1426 est
1976 1367 2285 1442 subjectum
2328 1367 2511 1440 priva-

513 1457 680 1518 tionis
722 1460 865 1516 sicut
906 1467 961 1516 et
997 1461 1206 1518 formae.
1245 1460 1400 1517 Unde
1442 1466 1657 1534 oportet
1698 1458 1846 1533 quod
1899 1457 2207 1531 subjectum
2262 1457 2390 1513 mali
2444 1456 2513 1513 sit

513 1547 736 1617 honum,
765 1565 873 1606 non
901 1550 1122 1623 quidem
1161 1550 1305 1623 quod
1345 1557 1431 1606 est
1466 1550 1778 1624 oppositum
1816 1547 1978 1616 malo,
2001 1547 2100 1604 sed
2126 1544 2273 1620 quod
2306 1555 2391 1602 εει
2412 1549 2513 1618 po»

518 1635 689 1692 tentia
717 1636 1008 1709 adipsum.
1038 1637 1120 1692 Ex
1152 1652 1261 1710 quo
1288 1637 1466 1693 etiam·
1486 1642 1658 1710 patet,
1692 1635 1838 1710 quod
1869 1648 1975 1692 non
2003 1633 2287 1708 quodlibet
2315 1633 2514 1688 bonum

514 1731 697 1797 potest
721 1739 844 1781 esse
865 1724 1170 1798 subjectum
1196 1725 1455 1792 mali‚sed
1482 1725 1656 1782 solum
1685 1724 1885 1780 bonum
1906 1723 2049 1796 quod
2080 1730 2165 1779 est
2194 1722 2249 1778 in
2274 1723 2514 1795 potentia

515 1821 770 1886 respectu
817 1814 1048 1887 alicujus
1088 1812 1457 1886 perfectionis,
1499 1813 1629 1887 quia
1667 1820 1849 1886 potest
1876 1812 2081 1885 privari
2116 1811 2299 1868 :unde
2334 1811 2391 1866 in
2428 1811 2515 1866 his

515 1917 642 1976 quae
684 1894 862 1960 s'olum
912 1909 1070 1960 actus
1112 1911 1256 1971 sunt,
1311 1904 1394 1959 vel
1440 1903 1495 1958 in
1535 1902 1735 1976 quibus
1776 1907 1931 1958 actus
1986 1916 2019 1956 a
2058 1901 2303 1974 potentia
2357 1915 2514 1974 sepa-

515 1992 628 2048 rari
670 2007 776 2049 non
819 1999 1018 2065 potest,
1053 1999 1318 2066 quantum
1347 1992 1416 2050 ad
1460 1993 1564 2048 hoc
1596 2006 1702 2047 non
1735 1998 1915 2064 potest
1952 2005 2073 2046 esse
2112 1989 2337 2046 malum.
2361 1991 2514 2046 Patet

517 2077 686 2137 etiaim
715 2097 781 2136 ex
811 2079 934 2147 hoc,
967 2082 1113 2155 quod
1139 2099 1244 2138 non
1272 2088 1450 2155 potest
1479 2096 1600 2138 esse
1628 2080 1835 2153 aliquid
1865 2078 2012 2152 quod
2042 2078 2115 2134 sit
2154 2077 2513 2134 essentialiter

519 2169 743 2236 malum,
772 2186 896 2226 cum
924 2186 1137 2241 semper
1166 2177 1416 2246 oporteat
1459 2169 1661 2224 malum
1701 2170 1755 2225 in
1785 2168 1891 2226 alio
1916 2167 2161 2241 subJecto
2209 2167 2350 2223 bono
2392 2165 2514 2220 sun'-

518 2258 658 2324 dari,
689 2273 755 2314 ac
779 2274 874 2330 per
899 2257 1000 2313 hoc
1029 2257 1161 2312 nihil
1187 2264 1368 2330 potest
1394 2273 1515 2324 esse
1542 2270 1752 2314 summe
1782 2258 2003 2326 malum,
2034 2258 2178 2314 sicut
2203 2263 2288 2313 est
2308 2270 2513 2311 summe

518 2343 742 2412 honum,
787 2344 934 2417 quod
980 2351 1064 2400 est
1109 2345 1477 2402 essentialiter
1517 2347 1739 2404 bonum.
1790 2347 2099 2404 Secundum
2150 2345 2297 2402 idem
2350 2343 2515 2401 etiam

519 2441 692 2507 patet,
749 2433 894 2506 quod
950 2434 1153 2491 malum
1195 2449 1300 2491 non
1343 2440 1525 2507 potest
1560 2452 1680 2493 esse
1724 2436 2113 2503 desideratum,
2162 2450 2265 2492 nec
2311 2433 2513 2507 aliquid

521 2539 683 2595 agere
712 2522 815 2577 nisi
839 2523 1046 2579 virtute
1074 2523 1198 2579 boni
1226 2523 1491 2596 adiuncti,
1514 2525 1873 2582 desiderabile
1896 2526 2039 2581 enim
2065 2530 2151 2581 est
2178 2522 2439 2598 perfectio
2460 2529 2514 2579 et

523 2608 646 2665 finis
677 2627 688 2662 ε
721 2607 1254 2680 principium'autem
1283 2611 1516 2668 actionis
1535 2620 1618 2668 est
1646 2611 1839 2668 forma.
1866 2611 2003 2681 Quia
2029 2627 2157 2667 vero
2188 2611 2277 2666 uni
2302 2610 2517 2684 perfec-

521 2699 678 2764 tioni,
719 2697 806 2754 vel
846 2698 1037 2755 formae
1085 2700 1400 2772 adjungitur
1443 2700 1678 2772 privatio
1732 2701 1959 2758 alterius
2009 2699 2373 2773 perfectioniS,
2424 2706 2517 2756 aut

522 2786 730 2855 formae,
765 2787 1031 2859 contingit
1064 2804 1160 2860 per
1188 2789 1441 2846 accidens
1472 2789 1617 2864 quod
1642 2790 1907 2863 privatio,
1935 2805 2032 2845 seu
2072 2789 2273 2845 malum
2298 2787 2520 2845 deside-

523 2883 692 2944 ratur,
732 2883 788 2933 et
842 2883 926 2934 est
977 2875 1206 2951 alicujus
1231 2879 1463 2936 actionis
1506 2879 1849 2952 principium,
1890 2895 1995 2936 non
2038 2879 2093 2933 iu
2122 2879 2389 2951 ‘quantum
2432 2882 2519 2934 εει

525 2966 746 3034 malum,
797 2967 892 3026 sed
933 2976 1157 3041 propter
1194 2968 1396 3025 bonum
1446 2969 1785 3042 adjunctum,
1818 2969 1961 3025 sicut
2005 2967 2245 3024 musicus
2280 2967 2519 3024 aedificat

524 3057 700 3112 nonin
715 3065 980 3129 quantum
1003 3057 1260 3125 musione,
1278 3058 1375 3113 sed
1399 3056 1455 3113 in
1474 3065 1740 3130 quantum
1755 3057 2211 3115 domificatorAEx
2226 3072 2332 3130 quo
2352 3057 2519 3113 etiam

527 3151 698 3214 patet,
731 3146 877 3217 quod
917 3145 1248 3218 impossibile
1289 3153 1374 3201 est
1403 3145 1605 3202 malum
1646 3162 1767 3203 εεεε
1805 3147 2037 3220 primum
2078 3146 2425 3219 principium,
2455 3159 2521 3202 eo

527 3231 672 3304 quod
700 3231 1022 3306 principium
1050 3251 1145 3307 per
1169 3233 1422 3291 accidens
1442 3243 1526 3292 est
1550 3235 1819 3309 posterius
1844 3251 1907 3292 eo
1930 3235 2073 3308 quod
2105 3243 2189 3292 est
2212 3250 2307 3308 per
2332 3249 2413 3290 se.

1205 3407 1487 3476 CAPUT
1550 3408 1845 3479 GXVln.

723 3541 899 3624 Quod
915 3507 1147 3614 'ventrem
1171 3547 1479 3627 fundatur
1506 3547 1573 3618 in
1602 3550 1744 3616 bono
1773 3551 1933 3616 siout
1959 3551 2025 3615 in
2050 3546 2335 3630 subjecto.

601 3680 655 3739 Si
683 3683 806 3756 quis
831 3689 1011 3740 autem
1041 3691 1230 3740 contra
1271 3686 1531 3757 praedicta
1567 3685 1803 3758 objicere
1836 3685 1988 3754 velit,
2016 3685 2163 3758 quod
2186 3685 2388 3741 bonum
2418 3693 2525 3742 non

531 3778 856 3843 potestesse
889 3771 1191 3842 subjectum
1235 3774 1381 3841 mali,
1410 3791 1475 3830 εο
1503 3775 1648 3848 quod
1686 3791 1855 3832 unum
1894 3777 2268 3849 oppositorum
2308 3790 2413 3830 non
2450 3773 2527 3830 sit

535 3859 840 3929 subjectum
866 3860 1108 3923 alterius,
1137 3877 1237 3918 nec
1262 3879 1503 3936 unquam
1540 3863 1749 3939 inqaliis
1786 3863 2048 3938 oppositis
2075 3864 2351 3920 invenitur
2377 3861 2525 3936 quod

533 3945 641 4004 sint
678 3941 858 4017 simul,
897 3950 1244 4010 considerare
1289 3949 1453 4010 debet
1490 3952 1635 4026 quod
1673 3953 1779 4010 alia
1822 3953 2072 4027 opposita
2118 3960 2243 4010 sunt
2291 3950 2527 4025 alicujus
