2850 4517
423 302 540 362 124
899 318 953 361 s.
997 314 1229 358 'ruouAE
1269 312 1596 363 AQmNA'ms
1636 310 1945 363 oruscum

415 432 540 489 nati
565 431 635 487 ad
665 429 915 487 ultimam
943 429 1239 495 miseriam,
1265 444 1334 485 ea
1356 443 1484 501 quae
1506 427 1851 500 appetierant
1878 434 1941 482 ut
1959 425 2189 498 optima,
2220 426 2427 483 habere

420 526 541 592 post
567 528 800 576 mortem
829 534 933 574 non
959 524 1218 591 poterunt
1245 532 1261 571 ε
1285 532 1394 573 non
1421 515 1569 573 enim
1588 515 1663 571 ibi
1692 515 1912 572 dabitur
1933 514 2229 573 luxuriosis
2244 514 2423 571 facul-

421 614 506 665 tas
526 607 852 674 luxuriandi,
881 614 976 664 aut
1001 606 1175 676 iratis»,
1208 611 1305 663 aut
1324 604 1527 661 invidis
1554 603 1787 661 facultas
1819 604 2129 661 offendendi
2156 612 2213 660 et
2242 605 2425 678 impe-

419 697 604 755 diendi
630 696 784 762 alios,
810 704 866 753 et
889 695 1035 753 idem
1059 702 1144 750 est
1173 694 1241 751 de
1281 692 1513 765 singulis
1536 692 1707 749 vitiis.
1739 694 2082 765 cognoscent
2113 700 2299 751 autem
2330 710 2425 750 eos

311 802 316 807 ·
419 786 513 857 qui
543 785 842 842 secundum
871 785 1132 842 virtutem
1153 783 1407 839 vixerunt
1434 796 1494 837 se
1524 782 1776 838 obtinere
1804 782 1951 855 quod
1977 783 2323 855 appetierant
2363 789 2428 839 ut

420 874 710 947 optimum.
767 873 964 931 Dolent
1015 887 1148 943 ergo
1197 870 1326 927 mali
1377 871 1510 943 quia
1565 876 1792 943 peccata
1838 872 2260 939 commiserunt,
2317 887 2429 927 non

419 969 638 1037 propter
657 963 780 1029 hoc,
809 962 942 1035 quia
967 965 1194 1033 peccata
1225 959 1306 1015 eis
1327 958 1675 1031 displiceant,
1688 960 1819 1033 quia
1845 960 2014 1016 etiam
2041 966 2173 1017 tunc
2200 960 2427 1017 mallent

420 1060 647 1125 peccata
677 1052 768 1108 illa
793 1049 1158 1116 committere,
1172 1048 1220 1105 si
1248 1048 1483 1105 facultas
1509 1047 1754 1116 daretur,
1782 1063 1947 1123 quam
1976 1049 2151 1105 Deum
2175 1049 2381 1107 habere
2406 1066 2423 1104 z

417 1141 518 1198 sed
547 1147 769 1213 propter
792 1140 913 1207 hoc,
942 1137 1089 1212 quod
1120 1137 1253 1193 illud
1282 1136 1430 1212 quod
1456 1136 1757 1209 elegerunt,
1787 1136 1990 1195 habere
2032 1153 2139 1195 non
2172 1144 2445 1211 possunt,-

418 1238 476 1287 et
505 1228 638 1286 illud
667 1227 813 1302 quod
845 1233 1190 1299 respuerunt,
1222 1231 1447 1299 possent
1472 1225 1695 1282 habere.
1728 1225 1822 1283 Sic
1862 1226 2031 1297 igitur
2076 1232 2135 1282 et
2170 1226 2427 1283 voluntas

419 1333 607 1375 eorum
629 1324 894 1390 perpetuo
921 1315 1164 1372 manebit
1191 1315 1469 1373 obstinata
1500 1314 1557 1370 in
1587 1314 1749 1381 malo,
1778 1322 1835 1369 et
1875 1320 2057 1371 tamen
2100 1308 2429 1387 gravissime

418 1404 679 1462 dolebunt
707 1406 776 1461 de
811 1404 973 1477 culpa
1009 1402 1324 1469 commissa,
1357 1412 1412 1460 et
1441 1402 1510 1459 de
1540 1402 1717 1475 gloria
1760 1402 1963 1459 amissa
1992 1420 2005 1459 ε
2036 1410 2093 1460 et
2134 1402 2227 1461 hic
2271 1405 2429 1461 dolor

421 1501 648 1551 vocatur
695 1507 970 1549 remorsus
1019 1492 1387 1559 conscientiae,
1442 1492 1537 1565 qui
1589 1491 1963 1564 metaphorice
2021 1492 2079 1548 in
2124 1491 2428 1565 Scripturis

418 1582 621 1639 vermis
667 1580 998 1651 nominatur,
1027 1581 1327 1640 secundum
1369 1580 1505 1637 illud
1546 1580 1705 1641 Isaiae
1732 1580 1966 1639 ultimo}
1998 1580 2207 1639 Vermis
2242 1598 2429 1641 eorum

422 1688 530 1736 non
551 1670 836 1728 morietur.

1070 1868 1354 1937 CAPUT
1412 1866 1771 1936 CLXXVI.

537 2016 715 2096 Quod
742 2036 997 2101 corpora
1023 1998 1445 2082 damnatorum
1472 2022 1650 2081 erunt
1672 2017 2015 2097 passibilia,
2046 2025 2322 2089 ettamen

1015 2108 1277 2186 inteqra,
1318 2112 1375 2168 et
1401 2108 1530 2168 sino
1564 2106 1825 2185 dotibus.

491 2250 646 2307 Sicut
675 2256 860 2306 autem
884 2250 940 2304 in
965 2248 1171 2304 sanctis
1193 2247 1477 2304 beatitudo
1506 2248 1707 2304 animae
1746 2250 2149 2320 quodammodo
2187 2253 2255 2309 ad
2298 2270 2422 2311 cor-

424 2354 557 2411 pora
604 2338 905 2407 derivatur,
935 2341 1190 2409 utsupra
1231 2335 1442 2391 dictum
1482 2341 1583 2405 est,
1618 2337 1697 2393 ita
1739 2338 1907 2393 etiam
1956 2340 2177 2397 miseria
2228 2342 2427 2400 animae

425 2425 767 2484 derivabitur
794 2424 862 2482 ad
905 2439 1134 2498 corpora
1157 2424 1562 2492 damnatorum,
1584 2424 1687 2493 hoc
1715 2433 1899 2483 tamen
1936 2428 2247 2499 observem,
2280 2434 2425 2505 quod

422 2516 565 2591 sicut
595 2513 816 2569 miseria
846 2512 1046 2569 bonum
1071 2520 1282 2570 naturae
1304 2529 1412 2569 non
1440 2513 1773 2570 excludit-ab
1802 2516 2003 2583 anima,
2028 2519 2104 2574 ita
2134 2534 2235 2576 nec
2258 2522 2425 2577 etiam

389 2642 392 2647 -
424 2620 459 2661 a
487 2619 734 2675 corpore.
766 2602 938 2659 Erunt
970 2600 1136 2673 igitur
1163 2617 1393 2674 corpora
1422 2602 1804 2659 damnatorum
1848 2603 2061 2677 integra
2100 2608 2155 2669 in
2196 2610 2280 2665 sui
2325 2626 2427 2669 na-

427 2699 683 2758 tura,non
710 2700 893 2749 tamen
924 2691 1044 2747 illas
1067 2690 1408 2748 conditiones
1428 2690 1720 2760 habebunt,
1754 2708 1879 2766 quae
1906 2698 2183 2767 pertinent
2212 2698 2279 2753 ad
2306 2699 2429 2772 glo-

423 2780 565 2837 riam
601 2780 886 2837 beatorum
939 2796 951 2834 :
995 2795 1104 2836 non
1149 2779 1294 2835 enim
1331 2786 1493 2836 erunt
1542 2780 1765 2837 subtilia
1810 2788 1866 2837 et
1908 2783 2285 2855 impassibilia,
2330 2788 2425 2843 sed

424 2871 600 2941 magis
627 2871 681 2925 in
711 2885 808 2927 sua
834 2868 1088 2943 grossitie
1111 2876 1168 2925 et
1195 2868 1561 2943 passibilitate
1597 2869 1974 2937 remanebunt,
2007 2880 2062 2929 et
2086 2874 2427 2945 augebuntur

422 2958 478 3013 in
508 2959 588 3015 eis
617 2974 762 3015 :non
791 2955 952 3015 erunt'
980 2957 1164 3031 agilia,
1197 2959 1294 3015 sed
1321 2959 1414 3017 vix
1444 2959 1515 3014 ab
1551 2960 1733 3015 anima
1767 2958 2059 3031 portabilia
2091 2978 2105 3015 ε
2132 2978 2239 3019 non
2268 2969 2427 3019 erunt

423 3048 595 3114 clara,
622 3049 718 3104 sed
746 3048 1074 3115 obscura,ut
1098 3045 1406 3103 obscuritas
1434 3046 1633 3103 animae
1662 3048 1715 3103 in
1740 3048 2061 3121 corporibus
2084 3052 2428 3109 demonstre-

424 3141 538 3204 tur,
561 3135 860 3193 secundum
878 3135 1012 3193 illud
1037 3136 1144 3192 Isa.
1174 3150 1289 3191 xm
1304 3151 1316 3188 :
1331 3133 1521 3189 Facies
1540 3134 1817 3203 combustae
1840 3138 2017 3195 vultus
2046 3155 2249 3203 eorum.

1064 3330 1347 3401 CAPUT
1392 3330 1782 3402 CLXXVII.

488 3478 668 3559 Quod
695 3498 944 3595 corpora
966 3481 1409 3557 damnatorum,
1443 3480 1583 3546 licet
1604 3482 1949 3563 passibilia,
1980 3492 2159 3553 erunt
2171 3494 2382 3556 tamen

1165 3570 1682 3653 incorruptibilia.

497 3714 791 3772 Sciendum
823 3720 1005 3771 tamen
1032 3722 1116 3771 est
1141 3714 1306 3786 quod,
1327 3714 1456 3771 lieet
1480 3717 1863 3775 damnatorum
1890 3682 2119 3793 corpora
2146 3724 2442 3795 passibilia

427 3802 538 3859 sint
561 3804 764 3871 futura,
797 3818 908 3859 non
935 3809 1117 3859 tamen
1143 3811 1582 3877 corrumpentur,
1614 3808 1867 3878 quamvis
1897 3808 2002 3866 hoc
2028 3821 2149 3867 esse
2176 3810 2428 3870 videatur

428 3895 624 3948 contra
646 3892 916 3949 rationem
947 3903 1134 3950 eorum
1159 3908 1288 3967 quae
1313 3908 1459 3957 nunc
1489 3894 1848 3967 experimur:
1877 3913 2002 3955 nam
2034 3899 2217 3970 passio
2254 3902 2430 3974 magis
