2850 4517
813 392 857 435 1.
887 408 966 422 —
997 389 1394 437 coMPENmUM
1450 394 1844 437 'runonofflAE-
1880 402 1883 412 ·
2242 378 2317 440 81
2354 378 2361 403 ·’

303 503 529 566 bonum.
555 492 710 565 Unde
753 492 798 563 si
829 507 1030 581 aliquis
1053 509 1301 581 privatur
1331 510 1563 574 virtute,
1593 489 1921 583 quandoque
1958 490 2181 583 quidem
2209 528 2319 567 non
2346 516 2355 525 ⁴

305 608 394 655 est
415 604 606 655 contra
634 597 904 653 actualem
929 598 1268 653 voluntatem
1299 600 1418 669 ejus
1448 598 1577 670 quia
1612 599 1872 654 virtutem
1900 598 2041 656 forte
2068 600 2319 657 contemss

206 756 214 761 .
308 689 391 743 uit
419 705 431 743 :
467 702 642 759 neque
661 692 852 741 contra
877 684 1230 752 habitualem,
1265 685 1394 757 quia
1419 684 1559 763 forte
1584 692 1667 749 est
1692 685 1990 757 dispositus
2018 688 2321 745 secundum

305 776 554 853 babitum
579 775 647 831 ad
677 774 968 830 volendum
989 774 1265 829 contraria
1293 774 1505 840 virtuti,
1541 782 1624 829 est
1656 780 1836 829 tamen
1864 782 2056 831 contra
2090 785 2319 833 natura-

309 865 416 919 lem
446 864 834 921 rectitudinem
867 862 1182 929 voluntatiS,
1204 879 1314 936 qua
1339 862 1509 919 homo
1534 862 1860 920 naturaliter
1900 865 2109 937 appetit
2140 866 2319 928 virtu-

306 963 442 1010 tem.
472 955 688 1026 Ex„quo
722 954 888 1009 etiam
913 958 1082 1025 patet,
1117 952 1261 1025 quod
1287 953 1491 1023 gradus
1524 959 1810 1025 poenarum
1836 950 2127 1024 dupliciter
2161 972 2320 1011 men-

305 1044 484 1100 surari
509 1048 758 1115 possunt.
792 1036 911 1097 Uno
949 1041 1129 1107 mod0,
1141 1041 1457 1097 secundum
1500 1041 1870 1113 quantitatem
1898 1040 2047 1109 boni,
2080 1058 2189 1116 quo
2221 1036 2320 1117 per

305 1146 526 1206 poenam
571 1133 836 1205 privatur.
864 1126 985 1186 Alio
1024 1130 1204 1196 mod0,
1241 1128 1543 1185 secundum
1585 1130 1732 1202 quod
1778 1131 1971 1201 magis,
2000 1130 2087 1186 vel
2140 1134 2320 1190 minus

305 1232 392 1277 est
436 1208 772 1277 contrarium
806 1218 1094 1291 voluntati.
1127 1218 1222 1275 Est
1269 1216 1414 1274 enim
1463 1219 1638 1290 magis
1671 1220 2005 1303 contrarium
2046 1221 2317 1325 voluntati

305 1300 503 1387 majoli
529 1310 672 1366 bono
702 1310 924 1383 privari,
959 1323 1124 1387 quam
1151 1306 1357 1381 privari
1384 1306 1598 1363 minori.

938 1501 947 1512 ·
989 1462 1274 1549 CAPUT
1325 1466 1629 1549 CXXII'I.

507 1611 514 1617 ’
614 1626 792 1700 Quod
818 1625 1020 1689 omnia
1045 1632 1344 1706 rey'untur
1371 1626 1584 1692 divina
1600 1618 2011 1715 providentia.

377 1758 456 1813 Ex
473 1754 756 1831 ‚praedictis
782 1766 967 1817 autem
993 1758 1344 1815 manifestum
1369 1776 1489 1815 esse
1513 1766 1712 1832 potest,
1746 1760 1891 1833 quod
1917 1762 2097 1817 omnia
2129 1760 2313 1821 divina

299 1847 650 1921 providentia
688 1848 1080 1919 gubernantur.
1110 1845 1483 1920 Quaecumque
1524 1850 1671 1903 enim
1709 1848 2032 1923 ordinantur
2058 1851 2124 1907 ad
2152 1850 2315 1907 finem

301 1934 544 2007 alicujus
570 1938 797 2006 agentis,
831 1936 898 1992 ab
939 1936 1030 1991 illo
1061 1943 1257 2007 agente
1291 1935 1602 2008 diriguntur
1638 1938 1693 1991 in
1730 1937 1914 2003 finem,
1948 1939 2089 1995 sicut
2125 1924 2339 2012 omnes*

300 2026 402 2099 qui
435 2025 640 2083 suntin
666 2026 924 2091 exercitu,
958 2027 1281 2095 ordinantur
1310 2026 1378 2081 ad
1415 2026 1577 2081 finem
1613 2024 1785 2092 ducis,
1811 2028 2017 2097 quiest
2061 2018 2335 2096 victorias

301 2116 362 2170 et
400 2114 470 2169 ab
509 2128 574 2169 eo
612 2112 922 2184 diriguntur
962 2113 1016 2170 in
1068 2114 1250 2170 finem.
1279 2116 1453 2187 Supra
1500 2120 1702 2170 autem.
1727 2122 2006 2171 ostensum
2032 2122 2135 2183 est,
2168 2116 2314 2189 quod

301 2206 489 2259 omnia
526 2204 641 2259 suis
683 2202 898 2259 actibus
936 2199 1168 2259 tendunt
1212 2198 1270 2258 in*
1309 2204 1472 2275 finem
1503 2198 1721 2261 -divinae
1756 2202 2039 2261 bonitatis.
2074 2205 2160 2261 Ab
2196 2208 2339 2279 ipso·

303 2294 473 2367 igitur
495 2294 630 2360 De0,
649 2294 808 2363 cujus
831 2293 918 2348 hic
941 2289 1062 2347 finis
1087 2294 1338 2365 proprius
1361 2294 1663 2361 est,omnia
1692 2280 2002 2365 diriguntur
2032 2294 2089 2349 in
2118 2294 2313 2351 finem=

301 2384 409 2437 hoc
437 2390 620 2438 autem
645 2386 729 2437 est
756 2380 1101 2453 providentia
1125 2382 1356 2453 alicujus
1382 2382 1495 2453 regi
1527 2387 1580 2437 et
1606 2383 1915 2453 gubernari,
1935 2385 2115 2441 omnia
2144 2386 2315 2457 igitur

302 2471 501 2527 Divina
530 2471 874 2545 providentia
901 2477 1182 2542 reguntur.
1215 2472 1427 2539 Adhuc,
1460 2488 1524 2527 ea
1554 2488 1679 2543 quae
1702 2472 1935 2528 deficere
1978 2482 2225 2545 possunt,
2254 2474 2313 2531 et

301 2576 410 2616 non
443 2578 498 2617 se
505 2577 655 2635 mper
683 2560 877 2616 eodem
917 2561 1078 2616 modo
1119 2576 1178 2615 se
1190 2555 1443 2626 habent,
1470 2560 1711 2617 ordinari
1744 2560 2096 2617 inveniuntur
2131 2562 2201 2619 ab
2228 2562 2313 2619 his

301 2666 430 2723 quae
453 2666 673 2727 semper
689 2648 882 2705 'eodem
913 2645 1075 2704 modo
1101 2664 1159 2724 se
1184 2648 1320 2704 habe
1325 2658 1384 2705 nt
1413 2650 1557 2705 sicut
1589 2665 1777 2706 omnes
1807 2658 1988 2706 motus
2022 2654 2333 2723 corporum

299 2734 654 2803 inferiorum,
663 2737 756 2809 qui
785 2734 1124 2791 defectibiles
1143 2742 1294 2803 sunt,
1319 2732 1575 2791 ordinem
1602 2736 1807 2792 habent
1832 2738 2129 2793 secundum
2156 2739 2313 2794 inva-

301 2812 558 2883 riabilem
581 2831 784 2891 motum
826 2822 1066 2881 coelestis
1094 2825 1386 2898 corporis:
1418 2838 1605 2879 omnes
1642 2838 1774 2879 vero
1820 2832 2089 2881 creaturae
2129 2832 2313 2880 muta-

299 2916 442 2971 biles
471 2920 529 2971 et
557 2914 892 2972 defectibiles
915 2916 1058 2969 sunt.
1087 2914 1266 2969 Nam
1255 2930 1308 2967 m
1333 2912 1599 2968 creaturis
1629 2910 2105 2978 intellectualibus,
2132 2928 2313 2983 quan-

302 3011 420 3061 turn
447 3019 515 3059 ex
542 3012 732 3059 eorum
760 3010 956 3059 natura
997 3011 1100 3069 est,
1130 3002 1403 3058 defectum
1430 2998 1755 3056 voluntariae
1798 2999 2031 3055 actionis
2078 2999 2313 3070 inveniri

303 3074 508 3168 potest.
511 3080 808 3149 Crealurae
825 3106 954 3148 vero
975 3091 1098 3148 aliae
1120 3099 1330 3147 motum
1355 3088 1685 3161 participant
1711 3088 1795 3144 vel
1819 3088 2116 3144 secundum
2142 3104 2313 3160 gene-

301 3184 575 3239 rutionem
619 3188 674 3237 et
707 3181 1129 3253 corruptionem,
1177 3180 1262 3235 vel
1303 3178 1603 3235 secundum
1633 3178 1811 3233 locum
1860 3184 2117 3234 tantum:
2164 3172 2314 3235 solus

304 3280 488 3329 autem
519 3272 667 3326 Deus
686 3276 790 3339 est,
825 3270 879 3324 in
901 3285 1064 3343 quem
1093 3269 1270 3323 nullus
1295 3268 1544 3323 defectus
1567 3267 1764 3324 cadere
1792 3272 2014 3339 potest.
2042 3267 2314 3340 relinqui-

305 3367 394 3429 tur
418 3362 589 3431 igitur
617 3359 762 3432 quod
794 3356 976 3415 omnia
1007 3358 1113 3413 alia
1143 3355 1465 3413 ordinantur
1492 3357 1721 3430 abipso.
1744 3358 1901 3423 Item,
1935 3370 1999 3413 ea
2032 3372 2158 3429 quae
2182 3365 2311 3412 sunt

302 3463 401 3524 per
447 3446 947 3521 participationem,
975 3444 1308 3502 reducuntur
1352 3446 1406 3500 in
1458 3444 1509 3501 id
1550 3446 1695 3519 quod
1734 3453 1817 3502 est
1850 3460 1947 3529 per
1993 3445 2309 3513 essentiam,

304 3540 447 3595 sicut
476 3538 530 3592 in
561 3535 1017 3593 causam.0mnia
1043 3535 1188 3589 enirn
1228 3534 1399 3605 ignita
1434 3550 1548 3591 suae
1572 3534 1849 3606 ignitionis
1875 3534 2054 3605 ignem
2088 3550 2315 3591 causam

307 3627 507 3684 habent
553 3626 738 3697 aliquo
779 3624 963 3679 mod0.
998 3624 1136 3679 Cum
1172 3624 1341 3695 igitur
1377 3624 1527 3679 solus
1570 3626 1715 3679 Deus
1758 3640 1853 3696 per
1893 3624 2201 3679 ‘essentiam
2240 3626 2313 3680 sit

306 3716 494 3782 bonu-3,
523 3722 728 3770 caetera
753 3728 881 3789 vero
909 3712 1091 3768 omnia
1121 3728 1218 3785 per
1246 3711 1539 3785 quamdam
1566 3712 2041 3785 participationem
2068 3713 2317 3785 comple-

307 3812 546 3860 mentum
573 3802 862 3859 obtineant
885 3800 1167 3885 bonitatj5,
1201 3816 1422 3857 necesse
1460 3808 1543 3856 est
1582 3802 1726 3873 quod
1758 3802 1939 3858 omnia
1970 3802 2040 3857 ad
2068 3800 2317 3873 comple·-

306 3901 548 3948 mentum
590 3890 857 3946 bonitatis
893 3888 1263 3963 producantur
1313 3906 1343 3945 a
1386 3891 1544 3947 Deo:
1578 3890 1681 3945 hoc
1725 3898 1909 3947 autem
1956 3899 2041 3947 est
2091 3892 2207 3961 regi
2258 3897 2315 3947 et

305 3980 620 4052 gubernari.
643 3978 957 4035 Secundum
987 3977 1090 4033 hoc
1113 3978 1258 4033 enim
1282 3977 1465 4051 aliqua
1494 3977 1885 4047 gubernantur,
1917 3979 2005 4037 vel
2053 3987 2315 4051 reguntur

835 4093 891 4145 8.
921 4094 1078 4143 Tuon.
1112 4095 1200 4149 Ao.
1235 4095 1498 4145 Oruscum.
1522 4115 1583 4127 —
1606 4092 1642 4143 1.
1671 4116 1735 4127 —
1756 4090 1787 4139 6
