2850 4517
895 356 947 397 .1.
980 374 1054 385 -
1085 359 1485 407 cosirsnnmu
1524 362 1901 411 annosorum
2286 362 2402 422 149
2489 365 2499 374 '

385 471 820 526 instrumentum
849 468 918 527 ad
963 470 1182 543 aliquod
1220 488 1356 547 opus
1391 477 1801 548 perficiendum.
1832 484 1983 542 Sicut
2015 486 2181 559 igitur
2223 482 2399 548 virtus

384 560 581 615 divina
617 566 840 631 propter
875 558 960 615 sui
987 559 1314 619 infinitatem
1339 562 1424 628 esst
1465 564 1695 635 infinita,
1724 575 1781 626 et
1817 570 2393 647 incomprehensibilis,
2468 610 2473 617 ·

389 648 473 704 ita
501 648 697 704 modus
723 664 832 721 quo
856 646 960 705 sibi
991 648 1166 706 univit
1186 650 1481 709 humanam
1510 664 1763 713 naturam
1806 660 2069 731 Christus,
2116 670 2273 739 quasi
2300 661 2395 725 or*-

387 754 593 809 ganum
621 735 896 809 quoddam
925 736 995 793 ad
1025 736 1276 804 humanae
1300 740 1495 798 salutis
1515 744 1769 803 effectum
1790 756 1874 804 est
1900 751 2058 809 nobis
2086 754 2392 827 ineffabilis,

390 833 449 881 et
490 824 760 895 excellens
786 840 1003 881 omnem
1030 824 1194 883 aliam
1223 828 1479 885 unionem
1522 831 1623 888 Dei
1666 834 1735 891 ad
1778 843 2105 897 creaturam.
2154 843 2224 899 Et
2266 848 2395 918 quia
2467 836 2476 843 ”
2578 872 2583 879 ·

389 916 537 971 sicut
551 916 668 987 jam
696 914 958 982 diximus,
997 930 1248 987 persona,
1288 917 1619 991 hypostasis,
1652 927 1708 978 et
1734 927 2078 997 suppositum
2106 932 2395 1006 designant

389 1004 600 1081 aliquid
631 1004 921 1076 integrum,
952 1002 999 1059 si
1022 1004 1208 1061 divina
1237 1013 1433 1063 natura
1474 1009 1529 1065 in
1554 1010 1771 1070 Christo
1798 1020 1884 1070 est
1918 1022 1979 1072 ut
2006 1034 2155 1091 pars,
2186 1029 2243 1078 et
2284 1038 2391 1081 non

387 1097 454 1148 ut
481 1092 686 1165 aliquid
730 1094 1022 1165 integrum,
1052 1092 1197 1149 sicut
1236 1095 1418 1153 anima
1461 1097 1519 1155 in
1554 1101 1949 1174 compositione
1988 1106 2241 1178 hominiS,
2284 1129 2392 1172 una

389 1198 620 1253 persona
649 1182 848 1253 Christi
874 1198 984 1238 non
1029 1198 1090 1239 se
1137 1190 1347 1241 teneret
1375 1194 1587 1243 tantum
1614 1196 1673 1245 et
1712 1202 1867 1263 parte
1898 1202 2123 1256 'naturae
2164 1200 2409 1272 divinae,-

385 1271 484 1328 sed
530 1279 675 1328 esset
703 1271 980 1345 quoddam
1007 1272 1364 1329 constitutum
1413 1290 1485 1331 ex
1530 1276 1723 1345 tribus,
1776 1278 1920 1339 sicut
1966 1292 2025 1341 et
2064 1286 2119 1342 in
2149 1289 2385 1359 homine,

382 1376 638 1433 persona,
670 1360 999 1433 hypostasis,
1027 1369 1082 1418 et
1105 1362 1446 1435 suppositum
1478 1373 1561 1422 est
1584 1368 1730 1439 quod
1759 1386 1827 1427 ex
1854 1373 2036 1431 anima
2064 1392 2131 1433 ex
2160 1374 2387 1454 corpore

381 1448 734 1507 constituitur
768 1467 780 1504 :
814 1451 909 1506 sed
938 1450 1065 1523 quia
1092 1450 1280 1508 divina
1323 1459 1517 1511 natura
1552 1462 1637 1511 est
1665 1457 1874 1531 aliquid
1913 1462 2205 1537 integrum,
2239 1472 2385 1543 quod

378 1536 488 1593 sibi
529 1537 824 1611 assumpsit
867 1554 966 1611 per
1016 1539 1308 1612 quamdam
1353 1539 1760 1615 iness’actibilem
1804 1548 2057 1609 unionem
2092 1554 2382 1616 humanam

379 1633 654 1694 naturam,
689 1642 918 1701 persona
964 1641 1024 1683 se
1053 1632 1203 1684 tenet
1243 1634 1310 1685 ex
1347 1636 1503 1701 parte
1542 1632 1742 1693 divinae
1778 1645 2006 1709 naturae,
2040 1650 2095 1700 et
2130 1638 2383 1705 similiter
2490 1708 2497 1713 ,

377 1714 714 1788 hypostasis,
758 1723 813 1771 et
837 1716 1200 1789 suppositum.
1247 1718 1445 1777 Anima
1490 1736 1619 1778 vero
1655 1729 1712 1779 et
1755 1740 1952 1799 corpus
1984 1730 2271 1790 trahuntur
2310 1738 2378 1793 ad

378 1804 825 1876 personalitatem
874 1820 1122 1877 ‚personae
1164 1804 1384 1873 divinae,
1430 1814 1492 1864 ut
1534 1810 1607 1865 sit
1656 1827 1889 1883 persona
1936 1818 2055 1874 Filii
2085 1816 2205 1889 D'ei,
2238 1824 2380 1881 sicut

377 1892 553 1948 etiam
581 1908 810 1964 persona
839 1893 932 1948 filii
967 1892 1220 1962 hominiS,
1252 1901 1308 1951 et
1344 1895 1675 1969 hypostasiS‚
1708 1908 1764 1957 et
1800 1906 2163 1976 suppositum.
2196 1912 2379 1967 Potest

377 1989 569 2038 autem
597 1980 902 2053 huJusmodi
931 1982 1237 2056 exemplum
1278 1983 1515 2056 aliquale
1543 1986 1599 2042 in
1635 1991 1902 2047 creaturis
1941 1994 2191 2052 inveniri.
2235 1997 2378 2055 Suhss

367 2072 582 2141 jectum
618 2070 762 2126 enim
791 2076 847 2125 et
874 2072 1127 2142 accidens
1153 2088 1262 2129 non
1291 2072 1372 2133 sic
1399 2074 1679 2143 uniuntur,
1714 2085 1775 2134 ut
1800 2096 1869 2135 ex
1907 2080 1987 2137 eis
2016 2082 2235 2157 aliquod
2263 2095 2378 2145 ter-

377 2160 515 2215 lium
555 2162 922 2221 constituatur
953 2177 967 2215 z
998 2160 1142 2216 unde
1187 2160 1493 2233 subjectum
1523 2162 1579 2219 in
1610 2164 1705 2221 tali
1736 2168 1932 2227 unione
1962 2188 2079 2230 non.
2112 2189 2172 2231 se
2214 2175 2377 2235 habet
2452 2208 2457 2213 -

374 2255 440 2305 ut
469 2265 610 2321 pars,
651 2248 748 2305 sed
774 2254 856 2305 est
882 2249 1153 2321 integrum
1181 2249 1456 2321 quoddam
1486 2254 1633 2325 quod
1656 2262 1741 2312 est
1760 2272 2013 2331 pei-seua,
2041 2261 2370 2338 hypostasiS,

371 2348 435 2396 et
473 2340 830 2413 suppositum.
875 2337 1144 2394 Accidens
1172 2345 1358 2395 autem
1386 2341 1621 2399 trahitur
1666 2343 1735 2402 ad
1767 2351 2209 2419 personalitatem
2238 2357 2375 2418 sub·

364 2428 522 2501 jecti,
569 2435 636 2485 ut.
667 2428 743 2485 sit
783 2438 1016 2500 persona
1043 2427 1232 2484 eadem
1279 2428 1515 2487 hominis
1542 2437 1597 2487 et
1634 2432 1761 2502 albi,
1807 2443 1864 2493 et
1904 2439 2157 2500 similiter
2182 2447 2373 2503 eadem

369 2514 704 2590 hypostasiS,
735 2522 791 2573 et
820 2514 965 2571 idem
995 2516 1354 2588 suppositum.
1383 2519 1477 2576 Sic
1505 2520 1688 2593 igitur
1714 2527 2011 2586 secundum
2054 2530 2377 2591 similitudi*-

367 2620 497 2661 nem
537 2603 870 2677 quamdam,
893 2618 1146 2677 persona,
1177 2605 1506 2680 hypostasis,
1540 2615 1595 2665 et
1635 2616 1974 2686 suppositum
2015 2620 2135 2677 Filii
2164 2623 2265 2679 Dei
2287 2632 2377 2681 est·

364 2708 626 2766 persona,
657 2692 986 2768 hypostasiS,
1019 2699 1074 2749 et
1095 2696 1437 2766 suppositum
1478 2696 1731 2757 humanae
1772 2712 1983 2762 naturae
2010 2706 2065 2763 in
2093 2709 2308 2769 Christo
2354 2730 2367 2767 :

366 2781 521 2837 unde
543 2781 764 2854 quidam
789 2788 1008 2855 propter
1034 2781 1346 2854 hujusmodi
1387 2784 1800 2845 similitudinem
1840 2791 2023 2851 dicere
2062 2812 2369 2872 praesump-

362 2876 581 2937 serunt,
613 2870 757 2943 quod
786 2870 1022 2928 humana
1060 2876 1256 2927 natura
1284 2870 1340 2925 in
1369 2869 1583 2928 Christo
1611 2874 1907 2945 degenerat
1944 2882 2001 2937 in
2030 2884 2285 2942 accidens
2312 2895 2368 2943 et

363 2960 518 3033 quod
557 2958 967 3017 accidentaliter
1005 2959 1107 3015 Dei
1135 2958 1272 3016 Filio
1313 2959 1580 3031 uniretur,
1610 2961 1911 3023 veritatem·
1948 2983 1983 3026 a
2010 2970 2367 3033 similitudine

363 3064 478 3105 non
517 3047 910 3107 discernentes.
937 3049 1097 3105 Patet
1117 3046 1285 3119 igitur
1311 3064 1377 3105 ex
1401 3049 1717 3122 praemissis,
1762 3055 1907 3125 quod
1936 3056 1991 3114 in
2014 3060 2231 3120 Christo
2257 3080 2374 3123 non.

361 3144 455 3195 est
481 3136 588 3195 alia
612 3152 843 3209 persona
883 3136 984 3193 nisi
1014 3141 1239 3203 aeterna,
1271 3152 1396 3209 quae
1418 3146 1505 3195 est
1530 3154 1763 3211 persona
1804 3143 1927 3201 Filii
1967 3147 2089 3218 Dei,
2120 3168 2223 3212 nec
2242 3155 2365 3215 alia

361 3227 695 3299 hypostasis,
742 3233 838 3283 aut
877 3226 1221 3299 suppositum·
1263 3244 1276 3280 ε
1309 3226 1453 3283 unde
1488 3242 1613 3285 cum
1652 3229 1874 3301 dicitur,
1904 3233 1993 3294 hic
2033 3238 2215 3311 homo,
2262 3244 2364 3303 de-

360 3324 669 3373 monstrato
713 3314 947 3383 Christo,
977 3315 1306 3387 importatur
1334 3317 1675 3389 suppositum
1702 3326 1994 3386 aeternum.
2036 3327 2152 3385 Nec
2181 3336 2373 3391 tamen-

355 3413 588 3478 propter
614 3404 718 3461 hoc
759 3403 1042 3478 aequivoce
1068 3402 1269 3460 dicitur
1298 3403 1401 3461 hoc
1428 3420 1623 3462 nomen
1646 3407 1809 3467 homo
1848 3411 1917 3469 de
1944 3412 2180 3487 Christo,
2210 3425 2267 3477 et
2293 3422 2363 3478 de

356 3491 488 3551 aliis
508 3492 846 3561 hominihus3
865 3491 1230 3565 aequivocatio
1253 3493 1394 3549 enim
1421 3509 1529 3551 non
1552 3498 1856 3557 attenditur
1872 3505 2170 3574 secundum
2191 3508 2363 3567 diver·

351 3583 584 3639 sitatem
609 3582 1020 3655 suppositioniS,
1057 3580 1153 3639 sed
1181 3582 1483 3640 secundum
1508 3582 1885 3647 diversitatem
1923 3594 2358 3665 significationis·

349 3672 571 3728 Nomen
598 3677 783 3735 autem
807 3670 1042 3727 hominis
1063 3670 1386 3727 attributum
1411 3672 1573 3731 Petro
1598 3665 1654 3731 et
1678 3677 1891 3755 Christo
1918 3682 2065 3739 idem
2087 3684 2361 3757 significat

347 3758 572 3817 scilicet
599 3765 853 3817 naturam
877 3758 1188 3827 humanam,
1222 3761 1318 3828 sed
1341 3774 1451 3843 non
1476 3761 1623 3819 idem
1650 3770 1924 3841 supponit,
1956 3774 2086 3845 quia
2113 3774 2203 3832 hic
2224 3791 2359 3851 sup·

345 3847 514 3921 ponit
535 3848 882 3921 suppositum
905 3856 1170 3907 aeternum
1211 3848 1334 3906 Filii
1361 3850 1485 3919 Dei,
1520 3850 1596 3907 ibi
1624 3862 1808 3914 autem
1834 3862 2173 3933 suppositum
2200 3879 2357 3923 crea·

344 3948 498 4000 tum.
542 3934 686 4007 Quia
699 3952 842 4001 atero
881 3938 952 4001 de
973 3954 1300 4014 unoquoque
1328 3942 1609 4015 supposito
1636 3943 1867 4020 aliquus
1890 3956 2113 4011 natura
2130 3962 2358 4028 possunt
