2850 4517
416 332 535 401 398
894 354 947 402 s.
991 342 1225 426 moini
1264 342 1594 408 numanis
1635 336 1974 400 causamn&⁸
2076 326 2083 333 ’

417 478 646 544 possunt
678 471 739 529 -in
778 466 1116 529 voluntatem
1158 471 1395 529 hominis
1437 470 1768 545 imprimere,
1800 467 1982 543 etqui
2023 468 2081 523 in
2108 466 2272 525 factis
2313 466 2425 523 suis

420 566 567 617 certa
597 560 873 634 accipiunt
896 567 1163 635 tempora,
1200 562 1237 617 ii
1271 566 1478 635 ponunt
1513 574 1744 633 corpora
1776 556 2024 617 coelestia
2053 572 2174 613 esse
2198 557 2345 612 Deos
2369 560 2427 611 et

418 648 540 706 aliis
562 650 853 716 dominari,
885 650 1148 707 facientes
1171 649 1488 707 astrolabia.
1517 650 1684 705 Jere.·
1709 662 1748 705 x
1788 646 1895 703 :A
1919 644 2089 719 siquis
2130 642 2245 721 coeli
2266 643 2428 700 nolite

416 744 669 805 metuere,
694 756 810 811 quae
834 738 1023 796 timent
1042 745 1235 812 yantas,
1273 738 1401 811 quia
1433 738 1564 812 loyes
1579 737 1899 811 populorum
1922 750 2074 816 vuum
2093 734 2423 801 sunu-Item,

318 875 321 878 .
416 841 604 882 omnes
627 827 705 883 illi
729 820 1109 902 qui‘obediunt
1132 828 1349 900 regibus
1371 827 1494 903 plus
1519 842 1686 901 quam
1708 826 1840 893 Deo,
1875 824 1961 881 vel
1985 823 2192 892 inillis,
2222 824 2277 878 in
2299 822 2427 895 qui-

419 916 521 971 bus
558 932 665 972 non
701 917 920 986 debent,
952 918 1293 975 constituunt
1321 932 1414 973 eos
1448 918 1591 974 Deos
1632 930 1780 972 suos,
1820 918 2060 971 Actuum
2089 929 2124 968 v
2156 930 2170 969 ε
2203 911 2428 969 obedire

418 1011 626 1077 oportet
655 1006 768 1063 Deo
800 1006 971 1081 mayis
1012 1023 1169 1080 quam
1196 1005 1512 1063 hominibus.
1543 1005 1698 1071 Item,
1739 1003 1817 1059 illi
1846 1004 1941 1077 qui
1987 1001 2225 1075 diligunt
2265 1000 2424 1067 filim,

420 1101 519 1150 aut
543 1096 975 1168 consanguineos
1005 1095 1131 1170 plus
1156 1112 1321 1169 quam
1355 1096 1549 1161 Deum,
1586 1092 1883 1149 ostendunt
1915 1090 2078 1147 factis
2106 1090 2222 1147 suis
2245 1088 2427 1162 plures

420 1196 541 1238 esse
562 1182 708 1239 Deos
742 1199 754 1237 :
787 1182 873 1239 vel
896 1183 1065 1240 etiam
1093 1182 1171 1238 illi
1200 1183 1292 1255 qui
1318 1181 1552 1253 diligunt
1581 1194 1762 1237 escam
1787 1179 1910 1253 plus
1931 1194 2098 1253 quam
2127 1177 2320 1243 Deum,
2359 1176 2428 1232 de

422 1270 620 1343 quibus
639 1274 831 1343 Apost.
862 1271 1000 1330 Phil.
1027 1286 1094 1327 m
1124 1288 1137 1327 ε
1172 1270 1409 1337 Quomm
1442 1270 1586 1326 Deus
1606 1275 1792 1325 venter
1817 1268 2096 1334 exultem,
2121 1281 2310 1323 omnes
2348 1264 2427 1321 illi

421 1359 514 1432 qui
556 1359 815 1415 insistunt
838 1359 1114 1416 veneficiis
1148 1365 1207 1415 et
1229 1358 1710 1424 incantationibuS‚
1737 1356 1970 1413 credunt
2001 1355 2275 1413 daemones
2304 1367 2429 1409 esso

424 1448 583 1512 Bene,
610 1447 767 1517 cujus
792 1447 934 1502 ratio
954 1452 1055 1515 est,
1083 1447 1213 1519 quia
1236 1450 1432 1519 petunt
1452 1461 1485 1502 a
1508 1444 1849 1502 daemonibus
1868 1444 1924 1500 id
1951 1442 2092 1519 quod
2111 1441 2256 1498 solus
2275 1440 2427 1497 Deus

422 1534 555 1591 dare
596 1539 795 1606 potest,
828 1534 1038 1591 scilicet
1066 1534 1454 1592 revelationem
1484 1533 1717 1606 alicujus
1748 1532 1827 1590 rei
1851 1532 2093 1595 occultae,
2124 1535 2181 1585 et
2207 1528 2422 1585 verita-

425 1630 535 1679 tem
578 1624 903 1679 futurorum.
948 1623 1045 1680 Est
1076 1638 1207 1695 ergo
1234 1621 1410 1697 primo
1435 1622 1789 1701 credendum,
1815 1620 1967 1697 quod
1991 1620 2135 1677 Deus
2163 1624 2248 1675 est
2280 1631 2426 1675 unus

426 1717 658 1769 tantum.

491 1800 714 1858 Patrem
753 1800 1180 1873 omnipotentem,
1218 1808 1514 1860 creatorem
1544 1799 1660 1859 caeli
1707 1807 1759 1857 et
1796 1806 1982 1857 terroe.
2029 1798 2185 1857 Sicut
2217 1796 2428 1854 dictum

424 1890 795 1965 est,primum
817 1888 964 1963 quod
988 1890 1210 1947 credere
1231 1889 1493 1947 debemus
1515 1894 1601 1945 est
1621 1890 1770 1961 quod
1797 1892 1870 1945 sit
1899 1903 2040 1945 unus
2067 1886 2216 1943 solus
2239 1886 2386 1943 Deus
2410 1903 2426 1941 ε

422 1980 725 2037 secundum
762 1985 865 2048 est,
897 1978 1043 2053 quod
1072 1978 1177 2035 iste
1201 1980 1350 2039 Deus
1377 1980 1452 2036 sit
1478 1986 1692 2035 creator
1719 1984 1776 2034 et
1802 1976 1981 2035 factor
2005 1976 2133 2035 coeli
2161 1984 2216 2033 et
2246 1982 2426 2043 terrae,

426 2067 721 2125 visibilium
748 2074 807 2123 et
836 2066 1217 2125 invisibilium.
1248 2068 1317 2125 Et
1344 2075 1407 2124 ut
1444 2067 1683 2125 rationes
1716 2066 1945 2123 subtiles
1980 2065 2330 2122 dimittantur
2359 2066 2429 2121 ad

426 2172 683 2228 praesens,
732 2145 971 2231 quodam
1021 2157 1141 2213 rudi
1184 2156 1434 2229 exemplo
1479 2154 1858 2213 manifestatur
1896 2154 2254 2228 propositum,
2283 2152 2430 2227 quod

426 2245 636 2302 scilicet
655 2246 847 2302 omnia
874 2253 1001 2303 sunt
1028 2262 1059 2303 a
1090 2247 1205 2301 Deo
1242 2249 1428 2303 creata
1456 2254 1512 2303 et
1541 2245 1707 2302 sacta.
1751 2242 1979 2301 Constat
2011 2244 2156 2300 enim
2193 2244 2340 2316 quod
2381 2242 2430 2299 si

426 2332 627 2406 aliquis
652 2334 896 2390 intraret«
910 2333 1133 2389 domum
1161 2332 1422 2407 aliquam,
1451 2340 1505 2389 et
1533 2334 1588 2389 in
1613 2332 1784 2407 ipsius
1810 2332 2006 2388 domus
2036 2331 2266 2388 introitu
2299 2346 2432 2387 seu-

428 2421 559 2476 tiret
592 2419 849 2488 calorem,
893 2420 1240 2493 postmodum
1268 2420 1477 2478 vadens
1503 2420 1736 2477 interius
1773 2421 2004 2478 sentiret
2033 2420 2294 2492 majorem
2329 2435 2431 2477 ca-

428 2508 617 2575 lorem,
662 2514 719 2564 et
758 2508 840 2565 sic
873 2508 1148 2583 deinceps,
1192 2509 1442 2566 crederet
1486 2510 1670 2583 ignem
1709 2524 1830 2566 esse
1871 2509 2120 2578 interius,
2168 2508 2337 2565 etiam
2381 2508 2432 2565 si

424 2598 605 2671 ipsum
632 2588 815 2669 ignem
839 2613 947 2655 non
974 2598 1185 2655 videret
1212 2598 1309 2672 qui
1336 2607 1591 2656 causaret
1617 2598 1793 2655 dictos
1821 2598 2032 2656 calores
2059 2615 2072 2653 ε
2103 2597 2185 2654 sic
2211 2612 2432 2674 quoque

359 2706 367 2713 ·
426 2682 695 2759 contingit
738 2676 1104 2743 consideranti
1152 2702 1241 2745 res
1286 2685 1447 2759 hujus
1487 2686 1694 2743 mundi.
1737 2687 1890 2764 Nam·
1923 2686 2042 2758 ipse
2076 2686 2284 2743 invenit
2341 2698 2434 2741 res

426 2789 616 2831 omues
634 2775 939 2832 secuudum
961 2774 1209 2833 diversos
1232 2774 1436 2848 gradus
1462 2774 1880 2847 pulchritudinis
1906 2781 1962 2832 et
1988 2773 2290 2831 nobilitatis
2309 2788 2436 2831 esse

424 2864 741 2936 dispositae,
774 2872 829 2921 et
875 2871 1081 2937 quanto
1128 2864 1738 2939 magis'appropinquat
1766 2864 1896 2931 Deo,
1933 2870 2086 2921 tanto
2121 2862 2434 2937 pulchriora

429 2957 485 3007 et
517 2953 743 3011 meliora
769 2954 996 3011 invonit.
1031 2953 1185 3010 Unde
1214 2967 1450 3028 corpora
1467 2952 1716 3011 coelestia
1746 2951 2054 3025 pulchriora
2082 2958 2138 3008 et
2165 2951 2434 3009 nobiliora

428 3046 574 3108 sunt,
618 3057 785 3115 quam
812 3056 1039 3115 corpora
1076 3041 1353 3109 inferiora,
1386 3049 1442 3098 et
1487 3041 1782 3101 invisibilia
1808 3040 2114 3099 visibilibus
2157 3058 2171 3095 ε
2211 3046 2270 3097 et
2308 3039 2436 3097 ideo

426 3130 758 3185 credendum
786 3136 872 3211 est
901 3130 1047 3204 quod
1082 3130 1263 3187 omnia
1296 3130 1415 3187 haec
1444 3138 1572 3187 sunt
1604 3130 1675 3187 ab
1703 3145 1809 3185 uno
1852 3131 1984 3198 Deo,
2018 3130 2110 3202 qui
2146 3129 2244 3186 dat
2273 3144 2436 3186 suum

429 3234 549 3274 esse
588 3212 833 3289 singulis
856 3219 1016 3275 rebus
1056 3226 1112 3274 et
1152 3219 1513 3275 nobilitatem.
1544 3220 1670 3292 Sap.
1721 3235 1833 3277 xm
1866 3236 1880 3275 z
1931 3218 2073 3277 Vani
2097 3224 2222 3275 sunt
2255 3226 2438 3277 autem

430 3323 605 3363 omnes
643 3305 900 3373 heminae,
942 3308 1001 3363 in
1043 3307 1228 3379 quibus
1266 3324 1373 3364 non
1398 3308 1569 3365 subest
1595 3308 1819 3368 scientia
1861 3307 1984 3375 Dei,
2022 3316 2075 3365 et
2116 3309 2181 3365 de
2207 3308 2294 3365 his
2317 3324 2442 3381 quoe

430 3395 681 3453 videntur
707 3395 864 3461 bona,
894 3411 1001 3453 non
1020 3402 1315 3469 potuerunt
1337 3396 1632 3470 intelligere
1659 3414 1778 3454 eum
1814 3398 1907 3471 qui
1927 3402 2026 3464 eat,
2051 3413 2216 3471 neque
2249 3398 2440 3471 opori-

428 3481 526 3538 bus
546 3475 890 3551 attendentes,
918 3492 1250 3557 aynoverum
1270 3484 1391 3559 quis
1416 3492 1546 3543 esset
1567 3484 1792 3558 artifex.
1822 3486 1891 3543 Et
1917 3484 2058 3543 inira
2095 3504 2110 3542 ε
2135 3475 2186 3543 Α
2221 3488 2440 3561 magni·

433 3571 616 3628 tudine
639 3574 779 3630 enim
801 3574 991 3646 speciei
1002 3580 1051 3631 et
1074 3574 1780 3648 oi·eaturoe2009nosoibititor
1790 3576 1992 3649 poterit
2010 3582 2224 3633 creator
2244 3575 2442 3633 horum

431 3659 627 3717 videri.
649 3662 741 3719 Sic
768 3676 898 3735 ergo
934 3680 1033 3737 pro
1057 3669 1211 3721 certo
1245 3663 1407 3721 debet
1430 3664 1590 3721 uobis
1613 3671 1887 3730 constare,
1927 3664 2076 3737 quod
2098 3664 2282 3721 omnia
2311 3680 2445 3739 quae

435 3748 641 3805 suntin
664 3751 887 3817 mundo,
916 3767 949 3809 a
976 3753 1089 3810 Deo
1119 3758 1267 3811 sunt.
1296 3753 1458 3811 Circa
1485 3753 1589 3811 hoc
1610 3760 1795 3812 autem
1822 3752 2086 3811 debemus
2107 3752 2288 3810 vitare
2325 3760 2444 3812 tres

437 3846 665 3891 errores.
708 3838 921 3897 Primus
954 3847 1039 3897 est
1068 3855 1221 3899 error
1252 3839 1690 3909 Manichaeorum,
1732 3840 1826 3913 qui
1856 3839 2046 3899 dieunt
2074 3839 2226 3917 quod
2251 3840 2445 3899 omnia

436 3916 670 3979 visibilia
698 3935 883 3985 creata
905 3935 1031 3987 suut
1055 3943 1091 3987 a
1106 3928 1347 4001 diabolo,
1372 3935 1432 3989 et
1453 3928 1578 3991 ideo
1602 3930 1717 3990 Deo
1741 3930 1916 3996 solum
1942 3928 2254 3993 attribuunt
2275 3942 2445 4001 crea·
