2850 4517
620 354 707 414 iv,
736 381 815 400 --
843 341 920 415 nr.
964 365 1381 418 Paarsscriorm
1424 363 1590 418 vrrAE
1641 366 2014 420 SP1R1TUALIS
2200 349 2320 421 319

308 483 575 557 perfecta.
604 485 663 540 ln
687 482 792 542 hac
820 493 1005 543 autem
1038 485 1346 544 dilectionis
1389 489 1704 546 extensione
1731 479 1928 563 triplex
1954 491 2156 563 gradus
2183 507 2319 549 con-

307 573 635 629 sidet-andus
659 575 918 631 occurrit.
947 575 1083 632 Sunt
1106 576 1254 632 enim
1277 577 1502 649 quidam
1531 577 1624 651 qui
1653 577 1788 634 alios
1817 577 2060 635 homines
2085 579 2320 653 diligunt

308 659 395 718 vel
438 668 659 735 propter
704 661 969 720 beneficia
997 663 1097 719 sibi
1129 663 1391 738 impensa,
1424 665 1510 722 vel
1539 672 1764 739 propter
1807 667 2072 725 naturalis
2112 683 2320 740 cogna-

309 748 491 811 tionis
514 749 811 818 vinculum,
862 758 958 808 aut
1000 753 1195 821 civilis,
1238 760 1295 810 et
1343 755 1447 812 iste
1475 753 1784 811 dilectionis
1830 755 2030 827 gradus
2073 757 2319 812 terminis

305 839 493 896 civilis
530 839 792 897 amicitiae
840 848 1173 898 coarctatur.
1217 842 1375 898 Unde
1422 843 1560 900 dicit
1604 842 1867 900 Dominus
1907 845 2099 901 Matth.
2147 862 2184 900 v
2216 845 2320 901 :Si

306 927 540 999 diligitis
565 944 648 984 eos
688 929 782 1001 qui
810 945 900 985 vos
939 929 1191 1002 diliyunt,
1224 947 1382 1003 quam
1408 931 1696 988 mercedem
1733 931 2030 989 habebitis?
2051 949 2224 989 nonne
2267 940 2318 990 et

300 1014 579 1087 publicani
617 1016 710 1072 hoc
753 1015 1007 1087 faciunt?
1030 1016 1107 1074 Et
1133 1017 1183 1072 si
1220 1018 1590 1075 salutaveritis
1614 1018 1821 1090 fratres
1848 1025 2046 1076 vestros
2081 1027 2315 1086 tantum,

307 1103 439 1175 quid
474 1103 702 1176 amplius
739 1104 967 1176 facitis?
1002 1121 1176 1161 nonne
1202 1113 1253 1163 et
1274 1107 1500 1164 Etbnici
1528 1108 1620 1164 hoc
1661 1106 1916 1178 faciunt?
1955 1110 2092 1166 Sunt
2133 1116 2316 1166 autem

307 1192 403 1248 alii
447 1192 542 1265 qui
570 1193 879 1250 dilectionis
906 1195 1161 1251 affectum
1192 1197 1360 1252 etiam
1389 1197 1459 1254 ad
1500 1203 1790 1254 extraneos
1819 1199 2136 1265 extendunt,
2183 1201 2315 1256 dum

308 1289 501 1338 tamen
526 1282 581 1338 in
610 1282 690 1338 eis
716 1298 823 1338 non
858 1283 1169 1341 inveniatur
1196 1285 1423 1358 aliquid,
1454 1287 1599 1358 quod
1634 1287 1714 1343 eis
1741 1287 2064 1345 adversetur
2103 1306 2116 1342 ε
2145 1297 2200 1345 et
2228 1289 2318 1344 hic

306 1370 533 1442 quidem
580 1370 891 1428 dilectionis
928 1372 1129 1444 gradus
1190 1373 1592 1447 quodammodo
1639 1375 1742 1432 sub
1789 1382 2000 1433 naturae
2051 1376 2317 1444 limitibus

306 1465 642 1516 coarctatur.
684 1459 825 1528 Quia
860 1461 1007 1517 enim
1033 1477 1223 1519 omnes
1247 1462 1494 1520 homines
1521 1465 1851 1520 conveniunt
1879 1465 1933 1520 in
1962 1473 2159 1521 natura
2188 1481 2318 1540 spe-

307 1547 434 1615 ciei,
470 1548 659 1604 'omnis
702 1548 864 1605 homo
910 1555 997 1606 est
1044 1550 1368 1626 naturaliter
1408 1552 1556 1608 omni
1585 1551 1788 1608 homini
1831 1553 2060 1610 amicuS.
2099 1553 2167 1609 Et
2213 1553 2318 1610 hoc

308 1635 547 1692 maxime
574 1636 883 1693 ostenditur
910 1637 965 1693 in
992 1637 1114 1706 hoc,
1148 1638 1295 1711 quod
1333 1639 1496 1696 homo
1524 1640 1691 1696 alium
1720 1648 1996 1698 errantem
2025 1641 2077 1696 in
2111 1641 2197 1697 via
2227 1642 2319 1697 di-

306 1725 459 1796 rigit,
500 1731 557 1781 et
581 1741 614 1782 a
641 1741 772 1782 casu
796 1723 1065 1793 sublevat,
1108 1734 1166 1783 et
1208 1726 1344 1784 alios
1391 1727 1701 1799 hujusmodi
1743 1728 2052 1786 dilectionis
2091 1730 2318 1786 effectus

306 1813 579 1886 impendit
610 1831 626 1869 ε
656 1815 753 1871 sed
781 1816 911 1888 quia
938 1815 1100 1873 homo
1134 1815 1458 1873 naturaliter
1481 1816 1722 1888 seipsum
1756 1817 1930 1888 magis
1953 1833 2118 1889 quam
2148 1817 2316 1873 alium

305 1901 512 1974 diligit,
547 1919 616 1959 ex
640 1903 833 1961 eadem
874 1911 1059 1962 autem
1094 1904 1278 1962 radice
1307 1905 1574 1977 procedit,
1606 1910 1668 1960 ut
1705 1904 1912 1978 aliquid
1949 1905 2226 1976 diligatur,
2259 1912 2317 1962 et

305 1992 431 2062 ejus
455 1993 787 2048 contrarium
824 1994 949 2050 odio
985 1992 1270 2060 habeatur,
1303 2007 1643 2066 consequens
1678 1999 1762 2049 est
1790 1999 1852 2048 ut
1880 1992 2022 2049 infra
2050 1994 2317 2050 naturalis

305 2079 621 2137 dilectionis
647 2081 849 2138 limites
870 2081 1217 2139 inimicorum
1243 2081 1466 2139 dilectio
1499 2096 1604 2138 non
1632 2080 2145 2154 comprehendatur.
2175 2081 2314 2138 Ter-

308 2169 421 2231 tius
463 2176 649 2227 autem
690 2170 998 2228 dilectionis
1038 2172 1240 2244 gradus
1284 2179 1387 2240 est,
1422 2177 1484 2227 ut
1528 2170 1750 2228 dilectio
1778 2169 2010 2244 proximi
2039 2169 2204 2227 etiam
2243 2171 2312 2226 ad

307 2258 560 2316 inimicos
597 2259 943 2329 extendatur,
975 2276 1139 2334 quem
1181 2260 1403 2334 quidem
1431 2258 1740 2318 dilectionis
1779 2259 2008 2332 gradum
2053 2260 2318 2317 Dominus

304 2347 471 2405 docet
487 2349 681 2406 matth.
706 2365 763 2419 v,
796 2351 983 2408 dicens
1010 2367 1023 2405 ε
1056 2349 1281 2423 Diliyite
1305 2348 1548 2406 inimicos
1567 2355 1786 2415 vestros,
1809 2347 2095 2420 benefacite
2117 2346 2202 2403 his
2224 2349 2318 2420 qui

305 2435 540 2493 oderunt
578 2453 667 2493 vos
694 2453 712 2495 .·
742 2443 801 2494 et
827 2437 883 2494 in
911 2438 1015 2494 hoc
1041 2436 1350 2494 dilectionis
1374 2433 1762 2509 perfectionem
1799 2450 1922 2494 esse
1948 2434 2311 2502 demonstrat,

308 2525 455 2582 unde
478 2526 759 2584 concludit
780 2527 1018 2584 subdens
1050 2543 1063 2581 ε
1090 2525 1275 2601 Estote
1301 2526 1479 2598 ἐρίων
1497 2542 1587 2582 vos
1603 2525 1854 2598 perfecti,
1893 2524 2037 2582 sicut
2078 2531 2128 2582 et
2155 2532 2318 2599 pater

305 2619 481 2670 vester
506 2614 773 2687 perfectus
796 2620 890 2671 est.
921 2615 1078 2684 Quod
1107 2621 1292 2671 autem
1319 2614 1425 2670 hoc
1467 2615 1538 2670 sit
1567 2613 1710 2671 ultra
1741 2613 2132 2685 perfectionem
2161 2629 2318 2670 com-

304 2719 552 2772 munem,
582 2711 737 2777 patet
762 2719 859 2778 per
886 2708 1028 2776 Aug.
1060 2703 1115 2759 in
1147 2702 1367 2758 Euchir.
1407 2702 1504 2773 qui
1533 2700 1686 2768 dicit,
1717 2701 1863 2773 quod
1892 2701 1999 2756 ista
2031 2709 2318 2781 sunt-per-

304 2791 579 2850 fectorum
621 2791 856 2850 filiorum
896 2791 1016 2860 Dei,
1056 2792 1126 2849 ad
1182 2807 1308 2864 quae
1345 2789 1570 2862 quidem
1614 2803 1674 2845 se
1715 2788 1878 2847 debet
1918 2790 2096 2845 omnis
2142 2789 2320 2846 fidelis

306 2881 632 2950 extendere,
662 2890 719 2940 et
746 2883 1043 2938 humanum
1068 2879 1307 2936 animum
1337 2879 1405 2935 ad
1431 2877 1575 2932 hunc
1597 2878 1851 2934 effectum
1875 2876 2081 2933 orando
2117 2877 2312 2942 Deum,

305 2985 609 3044 secumque
649 2969 907 3027 luctando
936 2969 1251 3043 perducere.
1295 2967 1500 3023 Tamen
1530 2964 1633 3021 hoc
1666 2971 1780 3022 tam
1815 2980 2072 3037 magnum
2112 2964 2314 3020 bonum

307 3064 483 3115 tantae
521 3057 887 3115 multitudinis
914 3074 1021 3115 non
1058 3063 1162 3126 est,
1194 3071 1359 3130 quam
1400 3059 1583 3112 tamen
1611 3054 1884 3110 credimus
1913 3051 2162 3110 exaudiri
2189 3068 2313 3108 cum

308 3146 364 3202 in
390 3149 643 3204 oratione
670 3148 903 3204 dicimus
934 3164 947 3202 ε
994 3146 1215 3202 Dimitte
1250 3144 1397 3200 nobis
1419 3142 1596 3200 debita
1619 3150 1826 3208 nostra,
1850 3141 1988 3200 sicut
2013 3148 2062 3199 et
2102 3157 2198 3198 nos
2225 3139 2315 3196 di-

305 3236 578 3292 mittimus
612 3235 935 3294 debitoribus
956 3235 1173 3293 nosci-is.
1218 3235 1320 3290 Hic
1359 3240 1540 3290 tamen
1582 3231 2035 3289 considerandum
2077 3229 2310 3296 videtur,

305 3327 457 3400 quod
487 3342 615 3382 cum
639 3326 855 3382 nomine
879 3325 1109 3398 proximi
1134 3323 1310 3381 omnis
1336 3322 1498 3379 homo
1525 3321 1881 3393 intelligatur,
1914 3321 1970 3376 in
1999 3319 2101 3377 hoc
2131 3327 2314 3378 autem

306 3415 456 3488 quod
500 3415 704 3472 dicitur
751 3432 763 3468 ε
804 3413 1007 3488 Diliqes
1040 3413 1349 3487 proximum
1391 3420 1543 3469 tuum
1586 3409 1724 3467 sicut
1760 3409 2002 3484 teipsum,
2042 3407 2190 3464 nulla
2218 3408 2316 3463 liat

302 3504 579 3576 exceptio,
610 3504 825 3560 videtur
849 3503 920 3560 ad
948 3502 1331 3559 necessitatem
1360 3500 1619 3574 praecepti
1657 3499 1948 3571 pertinere,
1975 3495 2120 3569 quod
2149 3495 2315 3552 etiam

305 3592 517 3648 inimici
545 3592 864 3665 diligantur.
896 3592 1001 3649 Sed
1043 3591 1146 3648 hoc
1172 3591 1240 3648 de
1268 3589 1415 3646 facili
1445 3588 1692 3656 solvitur,
1738 3587 1786 3643 si
1818 3585 1923 3642 hoc
1968 3585 2113 3658 quod
2151 3600 2315 3656 supra

302 3682 519 3738 dictum
542 3687 629 3738 est
652 3681 723 3738 de
765 3680 1095 3754 perfectione
1122 3679 1292 3737 divini
1323 3679 1525 3735 amoris
1552 3677 1622 3734 ad
1661 3675 1980 3732 memoriam
2004 3679 2315 3732 revocetur.

302 3771 531 3827 Dictum
554 3777 640 3826 est
664 3771 810 3826 enim
839 3785 1024 3843 supra,
1052 3767 1198 3843 quod
1225 3768 1281 3823 in
1308 3767 1410 3822 hoc
1451 3765 1596 3840 quod
1621 3765 1824 3822 dicitur
1850 3781 1863 3818 :
1891 3762 2096 3835 Diliyes
2140 3761 2316 3816 domi-⁵

301 3875 437 3914 num
467 3859 639 3915 Deum
661 3865 815 3916 tuum
843 3875 909 3914 eoe
940 3865 1048 3916 toto
1088 3856 1242 3913 corde
1282 3861 1393 3920 tuo,
1421 3859 1606 3926 potest
1655 3852 1888 3924 intelligi
1931 3853 2078 3925 quod
2119 3856 2204 3908 est
2245 3849 2315 3907 de

300 3948 643 4006 necessitate
668 3948 950 4021 praecepti,
981 3956 1037 4006 et
1061 3945 1208 4020 quod
1236 3951 1319 4002 est
1360 3944 1432 4000 de
1457 3941 1790 4017 perfectione
1817 3939 2050 4010 consilii,
2083 3948 2138 3997 et
2167 3938 2314 3998 ulte*
