2850 4517
468 364 589 427 168
948 376 1000 420 s.
1046 374 1279 419 ‘ruouAE
1320 374 1647 424 sommus
1689 372 2002 417 croscum

468 495 707 569 Spiritus
747 495 979 551 Sanctus
1002 493 1077 549 sit
1102 496 1260 565 pater
1294 489 1534 546 hominis
1559 489 1780 556 Christi,
1812 488 1943 545 licet
1969 487 2134 546 beata
2159 487 2327 562 Virgo
2369 490 2492 563 ejus

470 586 646 642 Mater
670 584 903 640 dicatur.
944 582 1123 637 PrImo
1153 579 1401 654 quidem,
1433 579 1562 652 quia
1591 578 1648 633 in
1671 576 1834 634 beata
1877 577 2049 633 Maria
2080 577 2302 650 Virgine
2331 578 2494 634 inve-

471 675 620 731 nitur
669 679 845 729 totum
890 672 1037 741 quod
1081 671 1321 743 pertinet
1358 669 1428 724 ad
1470 666 1665 723 matris
1692 667 1983 723 rationem.
2028 667 2313 723 Materiam
2345 667 2494 722 enim

472 762 805 819 ministravit
844 759 1047 816 Christi
1088 748 1380 829 conceptui
1424 756 1634 829 Spiritu
1663 756 1862 813 Sancto
1889 754 2252 821 formandam,
2295 762 2356 811 ut
2401 770 2497 810 re-

474 852 644 925 quirit
690 852 881 907 matris
928 850 1091 919 ratio,
1136 848 1233 905 sed
1274 864 1343 903 ex
1385 852 1543 921 parte
1581 846 1819 920 Spiritus
1853 846 2042 903 Sancti
2079 862 2188 902 non
2215 847 2498 904 invenitur

472 948 655 999 totum
691 939 836 1014 quod
862 939 935 996 ad
974 938 1247 995 rationem
1270 937 1446 1010 patris
1473 936 1731 1008 exigitur.
1757 935 1856 991 Est
1882 936 2031 993 enim
2058 935 2128 992 de
2155 938 2367 991 ratione
2390 952 2501 1010 pa-

472 1030 597 1097 triS,
630 1037 689 1086 ut
714 1044 781 1085 ex
822 1042 922 1083 sua
966 1031 1161 1082 natura
1190 1024 1364 1081 filium
1384 1024 1490 1081 sibi
1511 1023 1925 1081 connaturalem
1951 1024 2235 1097 producat.
2263 1024 2420 1081 Unde
2449 1024 2500 1082 si

357 1196 373 1207 υ
472 1118 639 1173 fuerit
670 1116 893 1190 aliquod
920 1130 1089 1187 agens
1118 1114 1265 1187 quod
1307 1113 1476 1170 faciat
1505 1112 1714 1187 aliquid
1755 1128 1866 1168 non
1903 1128 1972 1169 ex
2015 1128 2116 1170 sua
2159 1112 2495 1181 substantia,

474 1223 577 1264 nec
606 1206 872 1279 producat
901 1204 1081 1277 ipsum
1109 1204 1165 1259 in
1192 1202 1608 1259 similitudinem
1635 1218 1752 1260 suae
1787 1208 2016 1271 naturae,
2053 1209 2210 1275 pater
2236 1205 2357 1276 ejus
2386 1205 2500 1261 dici

477 1311 587 1352 non
616 1296 838 1368 poterit.
868 1295 992 1351 Non
1020 1292 1165 1348 enim
1206 1291 1442 1348 dicimus
1470 1291 1618 1364 quod
1660 1291 1821 1347 homo
1857 1292 1930 1347 sit
1969 1297 2128 1365 pater
2151 1308 2341 1348 eorum
2371 1310 2502 1368 quae

479 1385 615 1441 facit
644 1400 739 1456 per
763 1390 959 1449 artem,
986 1382 1092 1438 nisi
1116 1382 1258 1439 forte
1281 1380 1582 1438 secundum
1621 1380 2017 1453 metaphoram.
2049 1382 2285 1457 Spiritus
2310 1391 2501 1439 autem

480 1474 715 1529 Sanctus
742 1478 827 1528 est
864 1471 1088 1545 quidem
1116 1469 1334 1526 Christo
1360 1468 1737 1527 connaturalis
1773 1470 2077 1546 secu-ndum
2114 1469 2359 1527 divinam
2395 1487 2501 1528 na-

484 1574 687 1627 turam,
716 1561 1017 1617 secundum
1040 1576 1206 1633 quam
1246 1566 1405 1634 pater
1433 1559 1635 1617 Christi
1671 1574 1780 1615 non
1821 1565 1923 1628 est,
1949 1560 2046 1617 sed
2075 1560 2251 1633 magis
2279 1561 2351 1618 ab
2381 1562 2502 1635 ipso

484 1650 807 1724 procedens,
848 1648 1160 1707 Secundum
1202 1655 1385 1705 autem
1414 1654 1669 1707 naturam
1709 1648 2003 1705 humanam
2025 1664 2139 1705 non
2172 1656 2256 1707 est
2279 1651 2504 1707 Christo

482 1738 877 1796 connaturalis.
920 1739 1018 1795 Est
1055 1739 1200 1795 enim
1243 1737 1351 1795 alia
1378 1745 1576 1795 natura
1601 1738 1839 1795 humana
1875 1744 1932 1794 et
1959 1738 2144 1795 divina
2173 1738 2230 1795 in
2257 1739 2498 1807 Christo,

487 1835 546 1885 ut
572 1844 739 1900 supra
760 1828 973 1885 dictum
1004 1835 1110 1884 est.
1134 1828 1327 1901 Neque
1356 1827 1413 1882 in
1437 1832 1692 1885 naturam
1715 1826 2010 1885 humanam
2033 1832 2118 1883 est
2144 1828 2372 1888 verbum
2395 1828 2506 1885 ali-

484 1916 615 1990 quid
646 1917 714 1973 de
732 1922 930 1974 natura
953 1917 1159 1985 divina,
1183 1924 1243 1973 ut
1269 1932 1434 1990 supra
1458 1916 1669 1973 dictum
1691 1922 1798 1973 est.
1829 1917 2175 1990 Relinquitur
2197 1934 2327 1990 ergo
2351 1918 2503 1991 quod

481 2006 721 2079 Spiritus
748 2006 983 2063 Sanctus
1027 2015 1184 2081 pater
1210 2006 1450 2063 hominis
1495 2004 1697 2063 Christi
1725 2003 1834 2061 dici
1871 2021 1982 2061 non
2018 2006 2211 2079 possit.
2253 2008 2415 2077 Item,
2443 2008 2506 2064 in

483 2110 815 2170 unoquoque
840 2096 953 2154 filio
976 2096 1031 2153 id
1056 2097 1203 2171 quod
1222 2103 1307 2153 est
1334 2094 1688 2168 principalius
1709 2094 1764 2150 in
1793 2094 1930 2167 ipsc,
1959 2102 2045 2151 est
2072 2110 2106 2152 a
2125 2101 2278 2167 patre
2305 2112 2321 2151 ε
2348 2096 2508 2168 quod

484 2193 672 2241 autem
698 2185 1106 2250 secundarium,
1153 2199 1187 2240 a
1216 2192 1410 2240 matre.
1444 2186 1504 2239 In
1532 2184 1655 2240 aliis
1683 2200 1829 2240 enim
1858 2182 2184 2241 animalibus
2210 2182 2392 2241 anima
2414 2190 2508 2241 est

489 2291 522 2331 a
546 2282 725 2346 patre,
752 2289 953 2347 corpus
978 2287 1110 2330 vero
1147 2288 1181 2329 a
1206 2279 1403 2329 matre.
1433 2274 1494 2328 In
1514 2272 1737 2329 homine
1763 2279 1946 2331 autem
1984 2274 2089 2331 etsi
2114 2274 2295 2331 anima
2325 2276 2510 2333 ratio-

487 2362 631 2418 nalis
652 2378 685 2419 a
723 2368 882 2435 patre
920 2378 1026 2417 non
1050 2362 1141 2429 sit,
1187 2362 1285 2418 sed
1324 2376 1357 2419 a
1382 2363 1497 2417 Deo
1527 2371 1732 2431 creata,
1761 2364 1939 2420 virtus
1961 2372 2145 2421 tamen
2172 2366 2387 2438 paterni
2411 2380 2511 2421 se-

489 2450 655 2505 minis
681 2449 1005 2521 dispositive
1026 2457 1287 2522 operatur
1309 2451 1379 2506 ad
1402 2450 1657 2508 formam.
1687 2452 1749 2508 Id
1773 2460 1957 2510 autem
1981 2453 2128 2527 quod
2150 2455 2509 2527 principalius

491 2546 577 2594 est
619 2538 676 2593 in
721 2538 956 2607 Christo,
996 2547 1083 2595 est
1121 2551 1353 2613 persona
1384 2541 1556 2609 verbi,
1588 2558 1714 2614 quae
1755 2543 1903 2598 nullo
1932 2543 2094 2598 modo
2123 2550 2207 2599 est
2229 2559 2263 2600 a
2299 2546 2510 2617 Spiritu

491 2628 715 2685 Sancto.
741 2626 1091 2702 Relinquitur
1118 2644 1248 2701 ergo
1286 2630 1434 2707 quod
1461 2630 1698 2703 Spiritus
1717 2632 1952 2689 Sanctus
1975 2645 2132 2706 pater
2154 2632 2354 2691 Christi
2397 2634 2510 2691 dici
2565 2610 2572 2618 ⁹

494 2731 601 2775 uon
624 2715 820 2788 possit.

1147 2886 1432 2956 CAPUT
1497 2888 1854 2959 CCXXIV.

1142 3100 1148 3106 ,
1192 3035 1289 3099 De
1308 3035 1804 3113 sanctificatione.

566 3167 707 3237 Quia
738 3168 924 3240 igitur,
951 3172 1016 3226 ut
1038 3182 1106 3225 ex
1134 3167 1414 3240 praedi‘ctis
1454 3175 1701 3241 apparet,
1737 3168 1900 3227 beata
1927 3168 2095 3242 Virgo
2130 3168 2304 3228 Maria
2335 3171 2517 3229 Mater

499 3256 599 3313 filii
622 3257 720 3313 Dei
746 3256 892 3314 sacta
917 3264 1002 3314 est
1028 3256 1096 3313 de
1119 3255 1325 3330 Spiritu
1345 3256 1550 3312 Sancto
1574 3258 1906 3331 concipienS,
1937 3258 2124 3315 decuit
2149 3265 2214 3315 ut
2234 3260 2518 3317 excellen-

501 3346 714 3403 tissima
736 3346 978 3421 puritate
1004 3345 1381 3413 mundaretur,
1405 3360 1508 3417 per
1535 3360 1702 3419 quam
1728 3356 2056 3419 congrueret
2085 3357 2242 3407 tanto
2267 3348 2380 3405 filio
2413 3367 2429 3407 ε
2461 3358 2519 3407 et

502 3437 626 3494 ideo
652 3436 985 3493 credendum
1012 3441 1098 3492 est
1130 3448 1251 3494 eam
1280 3434 1351 3491 ab
1374 3435 1523 3491 omni
1552 3434 1674 3492 labe
1709 3437 1944 3494 actualis
1970 3439 2186 3512 peccati
2216 3438 2518 3497 immunem

502 3525 673 3581 fuisse
699 3541 806 3582 non
835 3533 1049 3582 tantum
1075 3522 1341 3591 mortalis,
1369 3525 1469 3581 sed
1487 3523 1655 3583 etiam
1680 3526 1928 3595 venialis,
1953 3527 2101 3603 quod
2126 3527 2260 3584 nulli
2279 3530 2520 3586 Sancto-

503 3629 627 3670 rum
662 3614 954 3671 convenire
989 3618 1171 3687 potest
1216 3620 1338 3686 post
1376 3613 1674 3683 Christum,
1706 3631 1834 3671 cum
1861 3616 2099 3673 dicatur.
2125 3617 2151 3673 1
2177 3618 2316 3675 Joan
2345 3634 2367 3675 1
2404 3635 2420 3676 ε
2459 3618 2522 3675 Si

504 3703 821 3771 dimerimue,
844 3703 1095 3779 quoniam
1116 3711 1387 3777 peccatum
1424 3722 1534 3763 non
1559 3704 1828 3773 habemus,
1853 3707 1962 3780 ipsi
1993 3723 2089 3763 nos
2123 3708 2444 3776 seducimus,
2469 3716 2520 3765 et

504 3794 707 3851 veritas
744 3794 805 3851 in
828 3793 975 3849 nobis
996 3809 1103 3849 ‘non
1140 3800 1235 3851 est.
1262 3793 1365 3850 Sed
1398 3794 1467 3851 de
1506 3795 1668 3853 beata
1692 3795 1915 3867 Virgine
1945 3802 2121 3853 matre
2149 3798 2251 3853 Dei
2285 3798 2521 3871 intelligi

506 3888 704 3955 potest,
746 3883 896 3956 quod
918 3881 1133 3938 Cantic.
1175 3896 1253 3951 iv,
1286 3882 1490 3938 dicitur
1523 3898 1536 3939 t
1567 3882 1703 3940 Tota
1724 3884 1950 3956 pulchra
1973 3901 2046 3952 es,
2081 3884 2252 3941 amica
2295 3902 2439 3953 mea,
2470 3894 2522 3943 et

507 3970 719 4027 macuta
740 3985 847 4027 non
890 3976 969 4030 est
990 3970 1057 4029 in
1094 3977 1166 4030 te.
1194 3972 1311 4030 Nec
1337 3970 1516 4031 solum
1553 3986 1587 4030 a
1617 3981 1846 4045 peccato
1875 3974 2080 4032 actuali
2108 3974 2370 4033 immunis
2393 3976 2522 4049 fuit,
