2850 4517
822 331 871 378 ιι
898 333 983 366 ·-
1006 335 1409 384 οοΜΡΕΝθῘυΜ
1455 339 1826 391 *rnnonoem
2204 323 2321 401 201

1098 475 1383 599 CAPUT
1408 534 1536 608 111.

386 663 567 742 Quod,
593 665 939 730 conveniens
960 668 1095 748 fuit
1122 672 1205 744 ᾳιῑ
1232 678 1790 743 consummationem
1815 673 2068 762 spei,'ut
2091 687 2259 774 nobis

721 756 926 835 forma
953 761 1173 822 orandi
1200 764 1544 828 traderetur
1572 785 1612 830 a
1640 767 1912 832 Christo„

377 886 521 959 Quia
557 886 727 960 igitur
766 891 838 947 ad
883 890 1117 950 salutem
1152 903 1397 954 nostram
1427 908 1550 972 post
1577 901 1739 958 tidem
1767 904 2090 981 etiam'spes
2131 913 2320 985 requi-

308 977 467 1044 titur,
502 987 833 1051 oportunum
861 979 965 1038 fuit
1008 989 1073 1038 ut
1106 984 1349 1042 salvator
1379 997 1568 1045 noster
1613 991 1755 1047 sicut
1781 985 1936 1050 actor
1974 1002 2030 1052 et
2060 1013 2320 1058 consum·-

307 1075 487 1124 mator
514 1065 671 1123 nobis
693 1066 873 1126 factus
896 1076 980 1126 est
1009 1070 1155 1139 fidei,
1184 1077 1516 1133 reservando
1541 1079 1788 1137 coeiestia
1815 1093 2160 1165 sacramenta
2191 1105 2202 1143 :
2240 1091 2318 1147 ita

306 1157 473 1228 etiam
500 1171 599 1212 nos
620 1156 674 1211 in
698 1156 852 1236 spem
877 1159 1059 1216 vivam
1082 1161 1384 1231 induceret,
1416 1164 1573 1222 nobis
1597 1167 1827 1225 sormam
1852 1173 2046 1229 orandi
2072 1176 2314 1248 tradens„

304 1261 399 1316 per
428 1261 595 1318 quam
637 1247 871 1302 maxime
912 1264 1039 1321 spes
1076 1257 1267 1314 nostra
1312 1251 1367 1307 in
1410 1255 1585 1310 Deum
1623 1257 1872 1330 erigitur,
1916 1261 2049 1319 dum
2078 1265 2148 1320 ab
2193 1267 2314 1339 ipso

302 1335 417 1390 Deo
441 1334 735 1390 edocemur
758 1337 889 1408 quid
915 1337 985 1394 ab
1011 1337 1129 1411 ipso
1153 1341 1447 1412 petendum
1472 1344 1716 1402 sit-„Non
1746 1349 1892 1405 enim
1916 1350 1985 1406 ad
2015 1354 2312 1424 petendum

302 1423 604 1490 induceret,
636 1423 740 1480 nisi
770 1434 1094 1499 proponere-t
1130 1431 1410 1500 exaudire,
1443 1433 1736 1509 nullusque
1765 1436 1836 1494 ab
1871 1438 1980 1499 alio
2007 1443 2165 1514 petit,
2207 1445 2308 1501 nisi

300 1511 368 1568 de
394 1528 507 1585 quo
532 1519 736 1585 sperat,
780 1521 836 1569 et
876 1531 942 1572 ea
986 1517 1103 1589 ipse
1134 1520 1271 1592 petit
1321 1527 1448 1594 qu‘ae
1489 1531 1698 1596 sperat.
1738 1527 1794 1584 Si
1825 1527 1996 1600 igitur
2040 1531 2172 1587 dum
2209 1549 2310 1590 uos

299 1601 460 1658 docet
490 1617 523 1659 a
558 1603 673 1677 Deo
700 1603 884 1676 aliqua
920 1611 1127 1677 petere,
1159 1607 1215 1662 in
1256 1609 1500 1666 Deo-nos
1523 1627 1748 1684 sperare
1791 1617 2071 1690 admonet,
2096 1621 2310 1694 etquid

296 1689 369 1746 ab
402 1691 524 1764 ipso
566 1707 787 1765 sperare
811 1693 1109 1750 debeamus
1132 1692 1373 1752 ostendit
1415 1715 1512 1770 per
1539 1716 1604 1756 ea
1641 1717 1769 1774 quae
1797 1706 2031 1776 petenda
2058 1711 2181 1765 esse
2207 1710 2309 1767 de-

293 1786 587 1837 monstrat.
626 1781 717 1838 Sic
754 1781 925 1852 igitur
960 1791 1357 1856 prosequentes
1396 1803 1465 1844 ea
1505 1805 1632 1861 quae
1659 1791 1716 1846 in
1745 1793 1994 1850 oratione
2034 1795 2308 1856 dominica

290 1868 668 1934 continentur,
719 1868 1215 1927 demonstrabimus
1254 1873 1524 1946 quidquid
1571 1877 1638 1932 ad
1683 1894 1837 1950 spem
1875 1881 2308 1944 Christianorum

286 1957 577 2032 pertinere
602 1961 803 2028 potest,
824 1957 1036 2015 scilicet
1058 1959 1114 2015 in
1139 1976 1251 2032 quo
1272 1976 1425 2033 spem
1449 1978 1655 2034 ponere
1672 1965 1988 2037 debeamus,
2011 1979 2068 2026 et
2090 1982 2310 2047 propter

287 2063 459 2121 quam
504 2061 749 2115 eausam,
796 2052 854 2103 et
895 2063 1023 2120 quae
1060 2047 1133 2105 ab
1170 2063 1239 2105 eo
1279 2065 1502 2123 sperare
1549 2051 1864 2112 debeamuS.
1911 2058 2048 2132 Spes
2083 2062 2307 2134 quidem

286 2144 479 2192 nostra
504 2133 671 2191 debet
705 2127 910 2192 esse'in
938 2137 1073 2204 De0‚
1110 2153 1277 2211 quem
1304 2139 1476 2196 etiam
1499 2157 1656 2198 orare
1684 2143 1965 2216 debemus,
2007 2151 2307 2210 secundum

286 2225 446 2282 iliud.
471 2223 617 2280 Psai.
648 2238 745 2280 nxz
772 2240 787 2279 ε
816 2225 1117 2298 Sperate‘in
1140 2243 1219 2294 eo,
1244 2227 1458 2286 scilicet
1485 2229 1618 2299 Deo,
1650 2231 1822 2289 omnis
1851 2239 2187 2312 conqreqatio
2201 2257 2305 2314 po-

282 2313 427 2386 puli,
450 2311 701 2386 effundite
726 2329 907 2370 coram
934 2313 1047 2380 illo,
1076 2315 1538 2388 scilicetorando,
1565 2321 1728 2378 corda
1751 2330 1952 2383 vestra.

1060 2481 1345 2554 CAPUT
1408 2487 1524 2558 IV.

456 2625 659 2692 Causa
682 2643 892 2708 quare,
924 2645 1057 2710 φατε
1090 2617 1405 2709 speramus
1432 2633 1702 2700 debemus
1726 2638 1966 2719 adipso
1993 2643 2122 2708 Deo

1058 2719 1287 2796 orando
1306 2724 1526 2798 petere.
2069 2769 2073 2776 -

352 2851 535 2906 Causa
564 2854 749 2914 autem
777 2862 949 2921 quare
980 2835 1134 2903 ineo
1179 2849 1511 2921 sperandum
1555 2859 1660 2918 est,
1704 2853 1822 2910 haec
1863 2859 2142 2930 praecipua
2170 2857 2306 2929 est,

286 2939 415 3012 quia
443 2939 780 3011 pertinemus
808 2937 876 2993 ad
907 2934 1087 3010 ipsum
1114 2935 1259 2992 sicut
1286 2937 1514 2993 effectus
1551 2939 1618 2996 ad
1649 2955 1872 2998 causam
1904 2960 1918 2998 z
1955 2945 2086 3002 nihil
2112 2955 2297 3006 autem

285 3028 338 3085 in
366 3030 571 3085 'vunutn
612 3035 890 3100 operatur,
922 3027 1019 3082 sed
1055 3021 1281 3100 propter
1322 3025 1563 3099 aliquem
1593 3029 1753 3108 finem
1790 3039 2023 3093 certum.
2053 3032 2298 3096 Pertinet

283 3117 453 3188 igitur
496 3115 566 3172 ad
607 3115 1035 3188 unumquodque
1063 3130 1229 3186 agens
1251 3114 1333 3172 sic
1362 3116 1614 3175 effectum
1642 3119 1959 3205 perducere,
1989 3132 2052 3184 ut
2096 3127 2148 3185 ei
2186 3144 2294 3187 non

283 3207 465 3262 desint
503 3222 601 3278 per
624 3220 751 3277 quae
792 3205 965 3277 possit
990 3205 1274 3284 pervenire
1314 3205 1385 3262 ad
1410 3205 1594 3284 finem,
1620 3213 1677 3263 et
1703 3206 1832 3266 inde
1860 3219 1944 3269 est
1969 3216 2098 3288 quia
2124 3217 2178 3273 in
2206 3217 2294 3275 his

282 3311 405 3368 quae
445 3311 477 3350 a
506 3292 850 3350 naturalibus
891 3292 1178 3364 agentibus
1206 3295 1359 3362 fiunt,
1392 3304 1594 3354 natura
1621 3297 1854 3357 deficere
1882 3301 1938 3358 in
1969 3309 2294 3364 necessariis

280 3401 387 3443 non
417 3385 717 3451 invenitur,
744 3382 842 3439 sed
867 3382 1120 3440 attribuit
1147 3383 1444 3457 unicuique
1471 3393 1732 3458 generato
1754 3405 1878 3462 quae
1903 3399 2030 3464 sunt
2057 3392 2126 3450 ad
2156 3411 2292 3453 eon-

280 3459 593 3530 sistentiam
639 3472 724 3529 sui
768 3487 906 3540 esse,
951 3477 1009 3528 et
1052 3473 1123 3528 ad
1152 3473 1542 3546 perficiendum
1587 3478 1979 3550 operationem,
2010 3499 2136 3555 quae
2161 3501 2302 3558 per-·

278 3561 459 3634 tingat
486 3560 557 3618 ad
587 3546 772 3628 finem,
814 3559 920 3615 nisi
949 3557 1089 3615 forte
1123 3559 1227 3616 hoc
1254 3559 1590 3638 impediatur
1619 3581 1716 3636 per
1749 3565 2023 3624 defectum
2055 3570 2286 3641 agentiS,

278 3651 373 3723 qui
390 3651 467 3706 sit
491 3648 826 3707 insufficiens
849 3647 921 3706 ad
942 3647 1062 3704 haeo
1084 3647 1407 3730 exhibenda.
1434 3653 1616 3722 Agens
1633 3661 1820 3712 autem
1831 3671 1930 3729 per
1954 3656 2288 3716 intellectum

274 3755 388 3797 non
422 3739 605 3796 solum
640 3739 697 3794 in
733 3738 853 3810 ipsa
894 3737 1119 3793 effectus
1156 3735 1516 3810 productione
1553 3755 1619 3798 ea
1658 3742 1871 3800 confert
1910 3760 2008 3801 suo
2046 3747 2300 3815 effectui,·

275 3813 405 3902 quae
429 3814 558 3886 sunt
580 3815 892 3886 necessaria
913 3826 983 3884 ad
1011 3822 1175 3882 finem
1200 3824 1490 3896 intentum,
1517 3829 1615 3886 sed
1644 3832 1812 3890 etiam
1836 3844 1998 3908 opere
2015 3829 2134 3908 jam
2151 3830 2289 3921 ⁹per--

274 3915 427 3976 fecto
458 3916 705 3992 disponit
725 3916 797 3974 de
828 3931 930 3974 usu
957 3914 1150 3988 ipsine,
1174 3914 1271 3990 qui
1311 3920 1396 3974 est
1422 3915 1611 3991 operis
1644 3920 1796 3993 finis3
1823 3922 1969 3980 sicut
1997 3920 2286 3986 fabersnon
