<?xml version="1.0" encoding="UTF-8"?>
<!DOCTYPE html PUBLIC "-//W3C//DTD XHTML 1.0 Transitional//EN"
    "http://www.w3.org/TR/xhtml1/DTD/xhtml1-transitional.dtd">
<html xmlns="http://www.w3.org/1999/xhtml" xml:lang="en" lang="en">
 <head>
  <title>
</title>
<meta http-equiv="Content-Type" content="text/html;charset=utf-8" />
  <meta name='ocr-system' content='tesseract 3.04.00' />
  <meta name='ocr-capabilities' content='ocr_page ocr_carea ocr_par ocr_line ocrx_word'/>
</head>
<body>
  <div class='ocr_page' id='page_1' title='image "./sthomaquinatisd02thomgoog_0195.png"; bbox 0 0 2850 4517; ppageno 0'>
   <div class='ocr_carea' id='block_1_1' title="bbox 40 3958 68 4091">
    <p class='ocr_par' dir='ltr' id='par_1_1' title="bbox 40 3958 68 4091">
     <span class='ocr_line' id='line_1_1' title="bbox 40 3958 60 4000; baseline -0.2 0"><span class='ocrx_word' id='word_1_1' title='bbox 40 3958 60 4000; x_wconf 72' lang='lat' dir='ltr'><strong>t:</strong></span> 
     </span>
     <span class='ocr_line' id='line_1_2' title="bbox 44 4044 68 4091; baseline 0 -10"><span class='ocrx_word' id='word_1_2' title='bbox 44 4044 68 4091; x_wconf 72' lang='lat' dir='ltr'><strong>fii</strong></span> 
     </span>
    </p>
   </div>
   <div class='ocr_carea' id='block_1_2' title="bbox 767 332 2268 398">
    <p class='ocr_par' dir='ltr' id='par_1_2' title="bbox 767 332 2268 398">
     <span class='ocr_line' id='line_1_3' title="bbox 767 332 2268 398; baseline 0.004 -6"><span class='ocrx_word' id='word_1_3' title='bbox 767 348 810 392; x_wconf 91' lang='lat'><strong>1.</strong></span> <span class='ocrx_word' id='word_1_4' title='bbox 843 364 923 377; x_wconf 90' lang='lat'><strong>--</strong></span> <span class='ocrx_word' id='word_1_5' title='bbox 950 343 1350 393; x_wconf 68' lang='lat' dir='ltr'><strong>communium</strong></span> <span class='ocrx_word' id='word_1_6' title='bbox 1405 340 1769 396; x_wconf 70' lang='lat' dir='ltr'><strong>&#39;rasennam</strong></span> <span class='ocrx_word' id='word_1_7' title='bbox 2157 332 2268 398; x_wconf 79' lang='lat'><strong>181</strong></span> 
     </span>
    </p>
   </div>
   <div class='ocr_carea' id='block_1_3' title="bbox 247 457 2279 1162">
    <p class='ocr_par' dir='ltr' id='par_1_3' title="bbox 247 457 2279 1162">
     <span class='ocr_line' id='line_1_4' title="bbox 247 457 2279 539; baseline 0.001 -14"><span class='ocrx_word' id='word_1_8' title='bbox 247 466 602 532; x_wconf 84' lang='lat' dir='ltr'><strong>existimant,</strong></span> <span class='ocrx_word' id='word_1_9' title='bbox 623 465 630 471; x_wconf 84' lang='grc'><strong><em>’</em></strong></span> <span class='ocrx_word' id='word_1_10' title='bbox 653 464 800 537; x_wconf 87' lang='lat' dir='ltr'><strong>quod</strong></span> <span class='ocrx_word' id='word_1_11' title='bbox 847 457 1020 538; x_wconf 83' lang='lat' dir='ltr'><strong>aliqui</strong></span> <span class='ocrx_word' id='word_1_12' title='bbox 1067 464 1370 535; x_wconf 83' lang='lat' dir='ltr'><strong>salventur,</strong></span> <span class='ocrx_word' id='word_1_13' title='bbox 1393 466 1515 539; x_wconf 83' lang='lat' dir='ltr'><strong>‘qui</strong></span> <span class='ocrx_word' id='word_1_14' title='bbox 1566 464 1767 523; x_wconf 81' lang='lat' dir='ltr'><strong>tarnen-</strong></span> <span class='ocrx_word' id='word_1_15' title='bbox 1791 468 2139 524; x_wconf 80' lang='lat' dir='ltr'><strong>damnantur.</strong></span> <span class='ocrx_word' id='word_1_16' title='bbox 2186 472 2279 528; x_wconf 81' lang='lat' dir='ltr'><strong>Sic</strong></span> 
     </span>
     <span class='ocr_line' id='line_1_5' title="bbox 252 552 2279 631; baseline 0.002 -20"><span class='ocrx_word' id='word_1_17' title='bbox 252 556 431 628; x_wconf 84' lang='lat' dir='ltr'><strong>igitur</strong></span> <span class='ocrx_word' id='word_1_18' title='bbox 455 555 526 612; x_wconf 90' lang='lat' dir='ltr'><strong>de</strong></span> <span class='ocrx_word' id='word_1_19' title='bbox 557 553 788 621; x_wconf 86' lang='lat' dir='ltr'><strong>eisdem,</strong></span> <span class='ocrx_word' id='word_1_20' title='bbox 821 553 890 609; x_wconf 86' lang='lat' dir='ltr'><strong>de</strong></span> <span class='ocrx_word' id='word_1_21' title='bbox 919 552 1119 628; x_wconf 88' lang='lat' dir='ltr'><strong>quibus</strong></span> <span class='ocrx_word' id='word_1_22' title='bbox 1155 552 1376 610; x_wconf 87' lang='lat' dir='ltr'><strong>dolebat</strong></span> <span class='ocrx_word' id='word_1_23' title='bbox 1403 554 1705 612; x_wconf 88' lang='lat' dir='ltr'><strong>secundnm</strong></span> <span class='ocrx_word' id='word_1_24' title='bbox 1732 560 1973 624; x_wconf 69' lang='lat' dir='ltr'><strong>sensum,</strong></span> <span class='ocrx_word' id='word_1_25' title='bbox 2005 557 2279 631; x_wconf 87' lang='lat' dir='ltr'><strong>imagina-</strong></span> 
     </span>
     <span class='ocr_line' id='line_1_6' title="bbox 253 642 2277 719; baseline 0.002 -18"><span class='ocrx_word' id='word_1_26' title='bbox 253 647 485 713; x_wconf 81' lang='lat' dir='ltr'><strong>tionem,</strong></span> <span class='ocrx_word' id='word_1_27' title='bbox 517 651 577 701; x_wconf 89' lang='lat' dir='ltr'><strong>et</strong></span> <span class='ocrx_word' id='word_1_28' title='bbox 602 642 877 701; x_wconf 86' lang='lat' dir='ltr'><strong>rationem</strong></span> <span class='ocrx_word' id='word_1_29' title='bbox 900 642 1234 709; x_wconf 78' lang='lat' dir='ltr'><strong>inferiorem,</strong></span> <span class='ocrx_word' id='word_1_30' title='bbox 1261 644 1564 700; x_wconf 84' lang='lat' dir='ltr'><strong>secundum</strong></span> <span class='ocrx_word' id='word_1_31' title='bbox 1593 646 1933 717; x_wconf 85' lang='lat' dir='ltr'><strong>superiorem</strong></span> <span class='ocrx_word' id='word_1_32' title='bbox 1969 647 2277 719; x_wconf 80' lang='lat' dir='ltr'>gaudebat,</span> 
     </span>
     <span class='ocr_line' id='line_1_7' title="bbox 255 721 2271 810; baseline 0.001 -19"><span class='ocrx_word' id='word_1_33' title='bbox 255 737 313 791; x_wconf 87' lang='lat' dir='ltr'><strong>in</strong></span> <span class='ocrx_word' id='word_1_34' title='bbox 359 740 627 809; x_wconf 87' lang='lat' dir='ltr'><strong>quantum</strong></span> <span class='ocrx_word' id='word_1_35' title='bbox 651 747 717 789; x_wconf 90' lang='lat' dir='ltr'><strong>ea</strong></span> <span class='ocrx_word' id='word_1_36' title='bbox 747 731 816 788; x_wconf 85' lang='lat' dir='ltr'><strong>ad</strong></span> <span class='ocrx_word' id='word_1_37' title='bbox 860 730 1122 788; x_wconf 86' lang='lat' dir='ltr'><strong>ordinem·</strong></span> <span class='ocrx_word' id='word_1_38' title='bbox 1150 727 1352 789; x_wconf 85' lang='lat' dir='ltr'><strong>divinae</strong></span> <span class='ocrx_word' id='word_1_39' title='bbox 1379 732 1678 805; x_wconf 82' lang='lat' dir='ltr'><strong>Sapientiae</strong></span> <span class='ocrx_word' id='word_1_40' title='bbox 1720 721 2012 792; x_wconf 77' lang='lat' dir='ltr'><strong>referebat.</strong></span> <span class='ocrx_word' id='word_1_41' title='bbox 2042 732 2112 793; x_wconf 92' lang='lat' dir='ltr'><strong>Et</strong></span> <span class='ocrx_word' id='word_1_42' title='bbox 2139 738 2271 810; x_wconf 89' lang='lat' dir='ltr'><strong>quia</strong></span> 
     </span>
     <span class='ocr_line' id='line_1_8' title="bbox 255 818 2277 895; baseline 0.001 -14"><span class='ocrx_word' id='word_1_43' title='bbox 255 822 463 881; x_wconf 79' lang='lat' dir='ltr'><strong>referre</strong></span> <span class='ocrx_word' id='word_1_44' title='bbox 486 820 695 895; x_wconf 89' lang='lat' dir='ltr'><strong>aliquid</strong></span> <span class='ocrx_word' id='word_1_45' title='bbox 724 820 795 876; x_wconf 90' lang='lat' dir='ltr'><strong>ad</strong></span> <span class='ocrx_word' id='word_1_46' title='bbox 837 819 1074 876; x_wconf 88' lang='lat' dir='ltr'><strong>alterum</strong></span> <span class='ocrx_word' id='word_1_47' title='bbox 1101 827 1186 876; x_wconf 85' lang='lat' dir='ltr'><strong>est</strong></span> <span class='ocrx_word' id='word_1_48' title='bbox 1211 820 1491 895; x_wconf 87' lang='lat' dir='ltr'><strong>proprium</strong></span> <span class='ocrx_word' id='word_1_49' title='bbox 1533 818 1686 895; x_wconf 76' lang='lat' dir='ltr'><strong>opus&#39;</strong></span> <span class='ocrx_word' id='word_1_50' title='bbox 1708 823 1957 890; x_wconf 88' lang='lat' dir='ltr'><strong>rationis,</strong></span> <span class='ocrx_word' id='word_1_51' title='bbox 1988 823 2112 882; x_wconf 89' lang='lat' dir='ltr'><strong>ideo</strong></span> <span class='ocrx_word' id='word_1_52' title='bbox 2136 826 2277 883; x_wconf 73' lang='lat' dir='ltr'><strong>sciet</strong></span> 
     </span>
     <span class='ocr_line' id='line_1_9' title="bbox 256 900 2276 993; baseline 0.001 -22"><span class='ocrx_word' id='word_1_53' title='bbox 256 913 390 980; x_wconf 88' lang='lat' dir='ltr'><strong>dici,</strong></span> <span class='ocrx_word' id='word_1_54' title='bbox 418 913 565 986; x_wconf 90' lang='lat' dir='ltr'><strong>quod</strong></span> <span class='ocrx_word' id='word_1_55' title='bbox 593 902 830 967; x_wconf 83' lang='lat' dir='ltr'><strong>mortem</strong></span> <span class='ocrx_word' id='word_1_56' title='bbox 848 908 1216 967; x_wconf 68' lang='lat' dir='ltr'><strong>ratio‘Cbristi</strong></span> <span class='ocrx_word' id='word_1_57' title='bbox 1245 908 1555 982; x_wconf 78' lang='lat' dir='ltr'><strong>refugiebat</strong></span> <span class='ocrx_word' id='word_1_58' title='bbox 1576 900 1800 993; x_wconf 80' lang='lat' dir='ltr'><strong>quidem</strong></span> <span class='ocrx_word' id='word_1_59' title='bbox 1822 913 1869 968; x_wconf 90' lang='lat' dir='ltr'><strong>si</strong></span> <span class='ocrx_word' id='word_1_60' title='bbox 1900 914 2276 974; x_wconf 80' lang='lat' dir='ltr'><strong>consideretur</strong></span> 
     </span>
     <span class='ocr_line' id='line_1_10' title="bbox 257 997 2275 1074; baseline 0.003 -17"><span class='ocrx_word' id='word_1_61' title='bbox 257 1011 320 1059; x_wconf 87' lang='lat' dir='ltr'><strong>ut</strong></span> <span class='ocrx_word' id='word_1_62' title='bbox 349 1008 566 1068; x_wconf 85' lang='lat' dir='ltr'><strong>natura,</strong></span> <span class='ocrx_word' id='word_1_63' title='bbox 599 999 731 1074; x_wconf 87' lang='lat' dir='ltr'><strong>quia</strong></span> <span class='ocrx_word' id='word_1_64' title='bbox 768 997 979 1056; x_wconf 87' lang='lat' dir='ltr'><strong>scilicet</strong></span> <span class='ocrx_word' id='word_1_65' title='bbox 1012 997 1338 1056; x_wconf 87' lang='lat' dir='ltr'><strong>naturaliter</strong></span> <span class='ocrx_word' id='word_1_66' title='bbox 1371 1004 1459 1054; x_wconf 90' lang='lat' dir='ltr'><strong>est</strong></span> <span class='ocrx_word' id='word_1_67' title='bbox 1496 1006 1643 1056; x_wconf 83' lang='lat' dir='ltr'><strong>mors</strong></span> <span class='ocrx_word' id='word_1_68' title='bbox 1668 1000 1907 1069; x_wconf 57' lang='lat' dir='ltr'><strong>odibilis„</strong></span> <span class='ocrx_word' id='word_1_69' title='bbox 1936 1002 2155 1063; x_wconf 84' lang='lat' dir='ltr'><strong>volebat</strong></span> <span class='ocrx_word' id='word_1_70' title='bbox 2184 1012 2275 1064; x_wconf 88' lang='lat' dir='ltr'><strong>ta-</strong></span> 
     </span>
     <span class='ocr_line' id='line_1_11' title="bbox 257 1087 2269 1162; baseline 0.003 -14"><span class='ocrx_word' id='word_1_71' title='bbox 257 1104 383 1148; x_wconf 89' lang='lat' dir='ltr'><strong>men</strong></span> <span class='ocrx_word' id='word_1_72' title='bbox 409 1106 530 1147; x_wconf 84' lang='lat' dir='ltr'><strong>eam</strong></span> <span class='ocrx_word' id='word_1_73' title='bbox 561 1090 699 1162; x_wconf 89' lang='lat' dir='ltr'><strong>pati,</strong></span> <span class='ocrx_word' id='word_1_74' title='bbox 735 1090 782 1145; x_wconf 86' lang='lat' dir='ltr'><strong>si</strong></span> <span class='ocrx_word' id='word_1_75' title='bbox 819 1088 1203 1145; x_wconf 81' lang='lat' dir='ltr'><strong>consideretur</strong></span> <span class='ocrx_word' id='word_1_76' title='bbox 1229 1091 1292 1143; x_wconf 94' lang='lat' dir='ltr'><strong>ut</strong></span> <span class='ocrx_word' id='word_1_77' title='bbox 1341 1087 1505 1145; x_wconf 88' lang='lat' dir='ltr'><strong>ratio.</strong></span> <span class='ocrx_word' id='word_1_78' title='bbox 1548 1088 1705 1145; x_wconf 89' lang='lat' dir='ltr'><strong>Sicut</strong></span> <span class='ocrx_word' id='word_1_79' title='bbox 1733 1098 1919 1147; x_wconf 85' lang='lat' dir='ltr'><strong>autem</strong></span> <span class='ocrx_word' id='word_1_80' title='bbox 1966 1092 2023 1147; x_wconf 88' lang='lat' dir='ltr'><strong>in</strong></span> <span class='ocrx_word' id='word_1_81' title='bbox 2052 1093 2269 1153; x_wconf 87' lang='lat' dir='ltr'><strong>Christo</strong></span> 
     </span>
    </p>
   </div>
   <div class='ocr_carea' id='block_1_4' title="bbox 256 1168 2285 1254">
    <p class='ocr_par' dir='ltr' id='par_1_4' title="bbox 256 1168 2285 1254">
     <span class='ocr_line' id='line_1_12' title="bbox 256 1168 2285 1254; baseline 0.002 -18"><span class='ocrx_word' id='word_1_82' title='bbox 256 1180 365 1237; x_wconf 78' lang='lat' dir='ltr'><strong>fuit</strong></span> <span class='ocrx_word' id='word_1_83' title='bbox 384 1178 627 1245; x_wconf 81' lang='lat' dir='ltr'><strong>tristitia,</strong></span> <span class='ocrx_word' id='word_1_84' title='bbox 658 1178 736 1237; x_wconf 84' lang='lat' dir='ltr'><strong>ita</strong></span> <span class='ocrx_word' id='word_1_85' title='bbox 759 1178 926 1234; x_wconf 88' lang='lat' dir='ltr'><strong>etiam</strong></span> <span class='ocrx_word' id='word_1_86' title='bbox 949 1178 1014 1233; x_wconf 89' lang='lat' dir='ltr'><strong>&#39;et</strong></span> <span class='ocrx_word' id='word_1_87' title='bbox 1035 1176 1158 1235; x_wconf 84' lang='lat' dir='ltr'><strong>aliae</strong></span> <span class='ocrx_word' id='word_1_88' title='bbox 1180 1168 1465 1249; x_wconf 69' lang='lat' dir='ltr'><strong>passiones</strong></span> <span class='ocrx_word' id='word_1_89' title='bbox 1488 1170 1613 1250; x_wconf 73' lang='lat' dir='ltr'><strong>quae</strong></span> <span class='ocrx_word' id='word_1_90' title='bbox 1636 1192 1704 1235; x_wconf 84' lang='lat' dir='ltr'><strong>ex</strong></span> <span class='ocrx_word' id='word_1_91' title='bbox 1730 1173 1975 1248; x_wconf 83' lang='lat' dir='ltr'><strong>tristitia,</strong></span> <span class='ocrx_word' id='word_1_92' title='bbox 1999 1181 2285 1254; x_wconf 49' lang='lat' dir='ltr'><strong>oriuntur,</strong></span> 
     </span>
    </p>
   </div>
   <div class='ocr_carea' id='block_1_5' title="bbox 251 1257 2279 2765">
    <p class='ocr_par' dir='ltr' id='par_1_5' title="bbox 251 1257 2279 2765">
     <span class='ocr_line' id='line_1_13' title="bbox 255 1257 2273 1341; baseline -0 -17"><span class='ocrx_word' id='word_1_93' title='bbox 255 1276 318 1324; x_wconf 92' lang='lat' dir='ltr'><strong>ut</strong></span> <span class='ocrx_word' id='word_1_94' title='bbox 345 1267 530 1333; x_wconf 88' lang='lat' dir='ltr'><strong>timor,</strong></span> <span class='ocrx_word' id='word_1_95' title='bbox 557 1266 658 1332; x_wconf 88' lang='lat' dir='ltr'><strong>ira,</strong></span> <span class='ocrx_word' id='word_1_96' title='bbox 691 1274 747 1321; x_wconf 92' lang='lat' dir='ltr'><strong>et</strong></span> <span class='ocrx_word' id='word_1_97' title='bbox 775 1262 1107 1336; x_wconf 85' lang='lat' dir='ltr'><strong>hujusmodi.</strong></span> <span class='ocrx_word' id='word_1_98' title='bbox 1138 1264 1219 1320; x_wconf 83' lang='lat' dir='ltr'><strong>Ex</strong></span> <span class='ocrx_word' id='word_1_99' title='bbox 1244 1264 1312 1321; x_wconf 90' lang='lat' dir='ltr'><strong>iis</strong></span> <span class='ocrx_word' id='word_1_100' title='bbox 1339 1257 1643 1338; x_wconf 76' lang='lat' dir='ltr'><strong>enim&#39;quae</strong></span> <span class='ocrx_word' id='word_1_101' title='bbox 1666 1264 1953 1324; x_wconf 83' lang='lat' dir='ltr'><strong>tristitiam</strong></span> <span class='ocrx_word' id='word_1_102' title='bbox 1981 1273 2273 1341; x_wconf 74' lang='lat' dir='ltr'><strong>praesentia</strong></span> 
     </span>
     <span class='ocr_line' id='line_1_14' title="bbox 253 1346 2279 1429; baseline 0.002 -16"><span class='ocrx_word' id='word_1_103' title='bbox 253 1357 532 1427; x_wconf 84' lang='lat' dir='ltr'><strong>ingerunt,</strong></span> <span class='ocrx_word' id='word_1_104' title='bbox 558 1354 724 1411; x_wconf 89' lang='lat' dir='ltr'><strong>timor</strong></span> <span class='ocrx_word' id='word_1_105' title='bbox 746 1354 802 1409; x_wconf 93' lang='lat' dir='ltr'><strong>in</strong></span> <span class='ocrx_word' id='word_1_106' title='bbox 829 1352 988 1410; x_wconf 89' lang='lat' dir='ltr'><strong>nobis</strong></span> <span class='ocrx_word' id='word_1_107' title='bbox 1015 1360 1294 1421; x_wconf 83' lang='lat' dir='ltr'><strong>causatur,</strong></span> <span class='ocrx_word' id='word_1_108' title='bbox 1324 1352 1456 1409; x_wconf 89' lang='lat' dir='ltr'><strong>dum</strong></span> <span class='ocrx_word' id='word_1_109' title='bbox 1480 1352 1663 1414; x_wconf 77' lang='lat' dir='ltr'><strong>futura</strong></span> <span class='ocrx_word' id='word_1_110' title='bbox 1688 1354 1835 1413; x_wconf 81' lang='lat' dir='ltr'><strong>mala</strong></span> <span class='ocrx_word' id='word_1_111' title='bbox 1862 1346 2279 1429; x_wconf 71' lang='lat' dir='ltr'><strong>existimantur,</strong></span> 
     </span>
     <span class='ocr_line' id='line_1_15' title="bbox 255 1434 2267 1516; baseline 0.002 -15"><span class='ocrx_word' id='word_1_112' title='bbox 255 1452 314 1501; x_wconf 85' lang='lat' dir='ltr'><strong>et</strong></span> <span class='ocrx_word' id='word_1_113' title='bbox 342 1445 474 1501; x_wconf 88' lang='lat' dir='ltr'><strong>dum</strong></span> <span class='ocrx_word' id='word_1_114' title='bbox 496 1443 682 1516; x_wconf 87' lang='lat' dir='ltr'><strong>aliquo</strong></span> <span class='ocrx_word' id='word_1_115' title='bbox 712 1442 946 1500; x_wconf 81' lang='lat' dir='ltr'><strong>laedente</strong></span> <span class='ocrx_word' id='word_1_116' title='bbox 981 1441 1296 1499; x_wconf 86' lang='lat' dir='ltr'><strong>contristati</strong></span> <span class='ocrx_word' id='word_1_117' title='bbox 1337 1458 1548 1510; x_wconf 77' lang='lat' dir='ltr'><strong>sumuS,</strong></span> <span class='ocrx_word' id='word_1_118' title='bbox 1576 1451 1770 1501; x_wconf 85' lang='lat' dir='ltr'><strong>contra</strong></span> <span class='ocrx_word' id='word_1_119' title='bbox 1802 1459 1930 1502; x_wconf 90' lang='lat' dir='ltr'><strong>eum</strong></span> <span class='ocrx_word' id='word_1_120' title='bbox 1957 1434 2267 1515; x_wconf 85' lang='lat' dir='ltr'><strong>irascimur,</strong></span> 
     </span>
     <span class='ocr_line' id='line_1_16' title="bbox 255 1530 2270 1606; baseline 0.003 -17"><span class='ocrx_word' id='word_1_121' title='bbox 255 1534 346 1591; x_wconf 83' lang='lat' dir='ltr'><strong>bae</strong></span> <span class='ocrx_word' id='word_1_122' title='bbox 373 1539 553 1590; x_wconf 88' lang='lat' dir='ltr'><strong>tamen</strong></span> <span class='ocrx_word' id='word_1_123' title='bbox 592 1531 878 1605; x_wconf 75' lang='lat' dir='ltr'><strong>passiones</strong></span> <span class='ocrx_word' id='word_1_124' title='bbox 909 1530 1070 1588; x_wconf 91' lang='lat' dir='ltr'><strong>aliter</strong></span> <span class='ocrx_word' id='word_1_125' title='bbox 1111 1531 1340 1587; x_wconf 65' lang='lat' dir='ltr'><strong>fuerunt*</strong></span> <span class='ocrx_word' id='word_1_126' title='bbox 1362 1531 1418 1586; x_wconf 93' lang='lat' dir='ltr'><strong>in</strong></span> <span class='ocrx_word' id='word_1_127' title='bbox 1456 1530 1673 1589; x_wconf 88' lang='lat' dir='ltr'><strong>Christo</strong></span> <span class='ocrx_word' id='word_1_128' title='bbox 1706 1548 1873 1606; x_wconf 87' lang='lat' dir='ltr'><strong>quam</strong></span> <span class='ocrx_word' id='word_1_129' title='bbox 1902 1534 1959 1591; x_wconf 88' lang='lat' dir='ltr'><strong>in</strong></span> <span class='ocrx_word' id='word_1_130' title='bbox 2005 1536 2181 1595; x_wconf 78' lang='lat' dir='ltr'><strong>nobis.</strong></span> <span class='ocrx_word' id='word_1_131' title='bbox 2209 1541 2270 1596; x_wconf 90' lang='lat' dir='ltr'><strong>In</strong></span> 
     </span>
     <span class='ocr_line' id='line_1_17' title="bbox 255 1614 2270 1694; baseline 0.003 -16"><span class='ocrx_word' id='word_1_132' title='bbox 255 1622 418 1678; x_wconf 88' lang='lat' dir='ltr'><strong>nobis</strong></span> <span class='ocrx_word' id='word_1_133' title='bbox 461 1622 606 1679; x_wconf 89' lang='lat' dir='ltr'><strong>enim</strong></span> <span class='ocrx_word' id='word_1_134' title='bbox 649 1620 970 1694; x_wconf 81' lang='lat' dir='ltr'><strong>plerumque</strong></span> <span class='ocrx_word' id='word_1_135' title='bbox 993 1619 1262 1691; x_wconf 87' lang='lat' dir='ltr'><strong>judicium</strong></span> <span class='ocrx_word' id='word_1_136' title='bbox 1311 1614 1541 1677; x_wconf 80' lang='lat' dir='ltr'><strong>rationis</strong></span> <span class='ocrx_word' id='word_1_137' title='bbox 1585 1620 1948 1694; x_wconf 81' lang='lat' dir='ltr'><strong>praeveniunt,</strong></span> <span class='ocrx_word' id='word_1_138' title='bbox 1995 1624 2270 1686; x_wconf 87' lang='lat' dir='ltr'><strong>interdum</strong></span> 
     </span>
     <span class='ocr_line' id='line_1_18' title="bbox 255 1708 2268 1786; baseline -0.004 -19"><span class='ocrx_word' id='word_1_139' title='bbox 255 1712 483 1769; x_wconf 87' lang='lat' dir='ltr'><strong>modum</strong></span> <span class='ocrx_word' id='word_1_140' title='bbox 505 1710 734 1767; x_wconf 87' lang='lat' dir='ltr'><strong>rationis</strong></span> <span class='ocrx_word' id='word_1_141' title='bbox 760 1709 1049 1766; x_wconf 84' lang='lat' dir='ltr'><strong>excedunt.</strong></span> <span class='ocrx_word' id='word_1_142' title='bbox 1080 1709 1141 1764; x_wconf 89' lang='lat' dir='ltr'><strong>In</strong></span> <span class='ocrx_word' id='word_1_143' title='bbox 1174 1708 1390 1765; x_wconf 83' lang='lat' dir='ltr'><strong>Christo</strong></span> <span class='ocrx_word' id='word_1_144' title='bbox 1425 1714 1611 1766; x_wconf 81' lang='lat' dir='ltr'><strong>autem</strong></span> <span class='ocrx_word' id='word_1_145' title='bbox 1654 1726 1934 1783; x_wconf 89' lang='lat' dir='ltr'><strong>nunquam</strong></span> <span class='ocrx_word' id='word_1_146' title='bbox 1962 1718 2268 1786; x_wconf 80' lang='lat' dir='ltr'><strong>praevenie..</strong></span> 
     </span>
     <span class='ocr_line' id='line_1_19' title="bbox 254 1793 2254 1874; baseline 0.003 -17"><span class='ocrx_word' id='word_1_147' title='bbox 254 1801 392 1857; x_wconf 88' lang='lat' dir='ltr'><strong>bant</strong></span> <span class='ocrx_word' id='word_1_148' title='bbox 413 1800 682 1872; x_wconf 84' lang='lat' dir='ltr'><strong>judicium</strong></span> <span class='ocrx_word' id='word_1_149' title='bbox 699 1798 947 1866; x_wconf 86' lang='lat' dir='ltr'><strong>rationis,</strong></span> <span class='ocrx_word' id='word_1_150' title='bbox 970 1812 1072 1853; x_wconf 87' lang='lat' dir='ltr'><strong>nec</strong></span> <span class='ocrx_word' id='word_1_151' title='bbox 1095 1796 1316 1853; x_wconf 85' lang='lat' dir='ltr'><strong>modum</strong></span> <span class='ocrx_word' id='word_1_152' title='bbox 1341 1812 1372 1853; x_wconf 85' lang='lat' dir='ltr'><strong>a</strong></span> <span class='ocrx_word' id='word_1_153' title='bbox 1394 1794 1605 1853; x_wconf 87' lang='lat' dir='ltr'><strong>ratione</strong></span> <span class='ocrx_word' id='word_1_154' title='bbox 1631 1801 1873 1856; x_wconf 83' lang='lat' dir='ltr'><strong>taxatum</strong></span> <span class='ocrx_word' id='word_1_155' title='bbox 1900 1793 2254 1874; x_wconf 85' lang='lat' dir='ltr'><strong>excedebant,</strong></span> 
     </span>
     <span class='ocr_line' id='line_1_20' title="bbox 251 1884 2265 1967; baseline 0.002 -19"><span class='ocrx_word' id='word_1_156' title='bbox 251 1891 356 1948; x_wconf 88' lang='lat' dir='ltr'><strong>sed</strong></span> <span class='ocrx_word' id='word_1_157' title='bbox 387 1896 602 1943; x_wconf 86' lang='lat' dir='ltr'><strong>tantum</strong></span> <span class='ocrx_word' id='word_1_158' title='bbox 628 1886 946 1943; x_wconf 86' lang='lat' dir='ltr'><strong>movebatur</strong></span> <span class='ocrx_word' id='word_1_159' title='bbox 982 1884 1208 1943; x_wconf 79' lang='lat' dir='ltr'><strong>inferior</strong></span> <span class='ocrx_word' id='word_1_160' title='bbox 1237 1886 1536 1958; x_wconf 85' lang='lat' dir='ltr'><strong>appetitus,</strong></span> <span class='ocrx_word' id='word_1_161' title='bbox 1568 1887 1664 1959; x_wconf 88' lang='lat' dir='ltr'><strong>qui</strong></span> <span class='ocrx_word' id='word_1_162' title='bbox 1691 1895 1776 1944; x_wconf 90' lang='lat' dir='ltr'><strong>est</strong></span> <span class='ocrx_word' id='word_1_163' title='bbox 1816 1890 2095 1962; x_wconf 89' lang='lat' dir='ltr'><strong>subjectus</strong></span> <span class='ocrx_word' id='word_1_164' title='bbox 2130 1912 2265 1967; x_wconf 82' lang='lat' dir='ltr'><strong>pas-</strong></span> 
     </span>
     <span class='ocr_line' id='line_1_21' title="bbox 251 1972 2271 2055; baseline 0.002 -20"><span class='ocrx_word' id='word_1_165' title='bbox 251 1978 424 2045; x_wconf 90' lang='lat' dir='ltr'><strong>sioni,</strong></span> <span class='ocrx_word' id='word_1_166' title='bbox 455 1982 718 2051; x_wconf 89' lang='lat' dir='ltr'><strong>quantum</strong></span> <span class='ocrx_word' id='word_1_167' title='bbox 744 1976 884 2031; x_wconf 82' lang='lat' dir='ltr'><strong>ratio</strong></span> <span class='ocrx_word' id='word_1_168' title='bbox 902 1972 1193 2032; x_wconf 84' lang='lat' dir='ltr'><strong>ordinabat</strong></span> <span class='ocrx_word' id='word_1_169' title='bbox 1219 1988 1346 2029; x_wconf 89' lang='lat' dir='ltr'><strong>eum</strong></span> <span class='ocrx_word' id='word_1_170' title='bbox 1369 1972 1570 2030; x_wconf 89' lang='lat' dir='ltr'><strong>debere</strong></span> <span class='ocrx_word' id='word_1_171' title='bbox 1600 1976 1827 2032; x_wconf 86' lang='lat' dir='ltr'><strong>moveri.</strong></span> <span class='ocrx_word' id='word_1_172' title='bbox 1857 1980 2079 2036; x_wconf 86' lang='lat' dir='ltr'><strong>Poterat</strong></span> <span class='ocrx_word' id='word_1_173' title='bbox 2104 1982 2271 2055; x_wconf 85' lang='lat' dir='ltr'><strong>igitur</strong></span> 
     </span>
     <span class='ocr_line' id='line_1_22' title="bbox 253 2058 2269 2138; baseline 0.002 -13"><span class='ocrx_word' id='word_1_174' title='bbox 253 2065 597 2138; x_wconf 87' lang='lat' dir='ltr'><strong>contingere,</strong></span> <span class='ocrx_word' id='word_1_175' title='bbox 624 2064 768 2138; x_wconf 90' lang='lat' dir='ltr'><strong>quod</strong></span> <span class='ocrx_word' id='word_1_176' title='bbox 794 2063 1094 2121; x_wconf 89' lang='lat' dir='ltr'><strong>secundum</strong></span> <span class='ocrx_word' id='word_1_177' title='bbox 1114 2062 1427 2119; x_wconf 83' lang='lat' dir='ltr'><strong>inferiorem</strong></span> <span class='ocrx_word' id='word_1_178' title='bbox 1450 2058 1664 2136; x_wconf 77' lang='lat' dir='ltr'><strong>partem</strong></span> <span class='ocrx_word' id='word_1_179' title='bbox 1686 2064 1868 2123; x_wconf 88' lang='lat' dir='ltr'><strong>anima</strong></span> <span class='ocrx_word' id='word_1_180' title='bbox 1888 2067 2089 2126; x_wconf 84' lang='lat' dir='ltr'><strong>Christi</strong></span> <span class='ocrx_word' id='word_1_181' title='bbox 2118 2072 2269 2129; x_wconf 86' lang='lat' dir='ltr'><strong>refu-</strong></span> 
     </span>
     <span class='ocr_line' id='line_1_23' title="bbox 253 2144 2267 2229; baseline 0.003 -17"><span class='ocrx_word' id='word_1_182' title='bbox 253 2156 443 2229; x_wconf 86' lang='lat' dir='ltr'><strong>giebat</strong></span> <span class='ocrx_word' id='word_1_183' title='bbox 479 2151 708 2227; x_wconf 66' lang='lat' dir='ltr'><strong>aliquid,</strong></span> <span class='ocrx_word' id='word_1_184' title='bbox 753 2152 898 2227; x_wconf 81' lang='lat' dir='ltr'><strong>q&#39;uod</strong></span> <span class='ocrx_word' id='word_1_185' title='bbox 929 2152 1228 2209; x_wconf 87' lang='lat' dir='ltr'><strong>secundum</strong></span> <span class='ocrx_word' id='word_1_186' title='bbox 1265 2153 1617 2225; x_wconf 75' lang='lat' dir='ltr'><strong>,superiorem</strong></span> <span class='ocrx_word' id='word_1_187' title='bbox 1644 2148 1891 2227; x_wconf 79' lang='lat' dir='ltr'><strong>optabat,</strong></span> <span class='ocrx_word' id='word_1_188' title='bbox 1937 2172 2044 2214; x_wconf 89' lang='lat' dir='ltr'><strong>non</strong></span> <span class='ocrx_word' id='word_1_189' title='bbox 2084 2144 2267 2219; x_wconf 78' lang='lat' dir='ltr'><strong>tamen</strong></span> 
     </span>
     <span class='ocr_line' id='line_1_24' title="bbox 255 2238 2270 2325; baseline 0.003 -24"><span class='ocrx_word' id='word_1_190' title='bbox 255 2251 386 2302; x_wconf 83' lang='lat' dir='ltr'><strong>erat·</strong></span> <span class='ocrx_word' id='word_1_191' title='bbox 400 2243 761 2300; x_wconf 85' lang='lat' dir='ltr'><strong>contrarietas</strong></span> <span class='ocrx_word' id='word_1_192' title='bbox 785 2242 1127 2315; x_wconf 86' lang='lat' dir='ltr'><strong>appetituum</strong></span> <span class='ocrx_word' id='word_1_193' title='bbox 1157 2240 1212 2296; x_wconf 90' lang='lat' dir='ltr'><strong>in</strong></span> <span class='ocrx_word' id='word_1_194' title='bbox 1248 2241 1388 2313; x_wconf 88' lang='lat' dir='ltr'><strong>ipso,</strong></span> <span class='ocrx_word' id='word_1_195' title='bbox 1420 2241 1509 2297; x_wconf 85' lang='lat' dir='ltr'><strong>vel</strong></span> <span class='ocrx_word' id='word_1_196' title='bbox 1536 2241 1765 2299; x_wconf 86' lang='lat' dir='ltr'><strong>rebellio</strong></span> <span class='ocrx_word' id='word_1_197' title='bbox 1796 2238 1979 2303; x_wconf 80' lang='lat' dir='ltr'><strong>carnis</strong></span> <span class='ocrx_word' id='word_1_198' title='bbox 2004 2248 2073 2305; x_wconf 89' lang='lat' dir='ltr'><strong>ad</strong></span> <span class='ocrx_word' id='word_1_199' title='bbox 2102 2241 2270 2325; x_wconf 78' lang='lat' dir='ltr'><strong>spiri-</strong></span> 
     </span>
     <span class='ocr_line' id='line_1_25' title="bbox 255 2329 2267 2413; baseline 0.004 -22"><span class='ocrx_word' id='word_1_200' title='bbox 255 2343 396 2400; x_wconf 88' lang='lat' dir='ltr'><strong>tum,</strong></span> <span class='ocrx_word' id='word_1_201' title='bbox 421 2348 547 2406; x_wconf 83' lang='lat' dir='ltr'><strong>quae</strong></span> <span class='ocrx_word' id='word_1_202' title='bbox 573 2332 632 2388; x_wconf 89' lang='lat' dir='ltr'><strong>in</strong></span> <span class='ocrx_word' id='word_1_203' title='bbox 653 2331 812 2389; x_wconf 87' lang='lat' dir='ltr'><strong>nobis</strong></span> <span class='ocrx_word' id='word_1_204' title='bbox 839 2330 1108 2402; x_wconf 85' lang='lat' dir='ltr'><strong>contingit</strong></span> <span class='ocrx_word' id='word_1_205' title='bbox 1137 2346 1204 2385; x_wconf 85' lang='lat' dir='ltr'><strong>ex</strong></span> <span class='ocrx_word' id='word_1_206' title='bbox 1229 2330 1349 2397; x_wconf 85' lang='lat' dir='ltr'><strong>hoc,</strong></span> <span class='ocrx_word' id='word_1_207' title='bbox 1381 2329 1531 2403; x_wconf 86' lang='lat' dir='ltr'><strong>quod</strong></span> <span class='ocrx_word' id='word_1_208' title='bbox 1569 2333 1849 2405; x_wconf 85' lang='lat' dir='ltr'><strong>appetitus</strong></span> <span class='ocrx_word' id='word_1_209' title='bbox 1878 2335 2100 2396; x_wconf 79' lang='lat' dir='ltr'><strong>inferior</strong></span> <span class='ocrx_word' id='word_1_210' title='bbox 2112 2340 2267 2413; x_wconf 86' lang='lat' dir='ltr'><strong>judi-</strong></span> 
     </span>
     <span class='ocr_line' id='line_1_26' title="bbox 254 2418 2268 2487; baseline 0.003 -7"><span class='ocrx_word' id='word_1_211' title='bbox 254 2424 406 2481; x_wconf 88' lang='lat' dir='ltr'><strong>cium</strong></span> <span class='ocrx_word' id='word_1_212' title='bbox 435 2431 490 2478; x_wconf 90' lang='lat' dir='ltr'><strong>et</strong></span> <span class='ocrx_word' id='word_1_213' title='bbox 519 2422 739 2478; x_wconf 88' lang='lat' dir='ltr'><strong>modum</strong></span> <span class='ocrx_word' id='word_1_214' title='bbox 775 2420 1008 2477; x_wconf 87' lang='lat' dir='ltr'><strong>rationis</strong></span> <span class='ocrx_word' id='word_1_215' title='bbox 1043 2418 1384 2477; x_wconf 84' lang='lat' dir='ltr'><strong>transcendit</strong></span> <span class='ocrx_word' id='word_1_216' title='bbox 1412 2420 1533 2476; x_wconf 53' lang='lat' dir='ltr'><strong>*sed</strong></span> <span class='ocrx_word' id='word_1_217' title='bbox 1584 2421 1641 2476; x_wconf 89' lang='lat' dir='ltr'><strong>in</strong></span> <span class='ocrx_word' id='word_1_218' title='bbox 1686 2421 1903 2481; x_wconf 87' lang='lat' dir='ltr'><strong>Christo</strong></span> <span class='ocrx_word' id='word_1_219' title='bbox 1946 2430 2268 2487; x_wconf 85' lang='lat' dir='ltr'><strong>movebatur</strong></span> 
     </span>
     <span class='ocr_line' id='line_1_27' title="bbox 254 2502 2268 2592; baseline 0.003 -23"><span class='ocrx_word' id='word_1_220' title='bbox 254 2510 557 2569; x_wconf 86' lang='lat' dir='ltr'><strong>secundum</strong></span> <span class='ocrx_word' id='word_1_221' title='bbox 586 2510 859 2583; x_wconf 84' lang='lat' dir='ltr'><strong>judicium</strong></span> <span class='ocrx_word' id='word_1_222' title='bbox 899 2502 1150 2575; x_wconf 81' lang='lat' dir='ltr'><strong>rationis,</strong></span> <span class='ocrx_word' id='word_1_223' title='bbox 1192 2507 1248 2562; x_wconf 91' lang='lat' dir='ltr'><strong>in</strong></span> <span class='ocrx_word' id='word_1_224' title='bbox 1274 2515 1545 2581; x_wconf 82' lang='lat' dir='ltr'><strong>quantum</strong></span> <span class='ocrx_word' id='word_1_225' title='bbox 1582 2512 1935 2583; x_wconf 80' lang='lat' dir='ltr'><strong>permittebat</strong></span> <span class='ocrx_word' id='word_1_226' title='bbox 1971 2518 2268 2592; x_wconf 86' lang='lat' dir='ltr'><strong>unicuique</strong></span> 
     </span>
     <span class='ocr_line' id='line_1_28' title="bbox 253 2598 2269 2679; baseline 0.002 -22"><span class='ocrx_word' id='word_1_227' title='bbox 253 2601 578 2657; x_wconf 79' lang='lat' dir='ltr'><strong>inferiorum</strong></span> <span class='ocrx_word' id='word_1_228' title='bbox 614 2599 811 2655; x_wconf 88' lang='lat' dir='ltr'><strong>virium</strong></span> <span class='ocrx_word' id='word_1_229' title='bbox 855 2598 1062 2657; x_wconf 88' lang='lat' dir='ltr'><strong>moveri</strong></span> <span class='ocrx_word' id='word_1_230' title='bbox 1101 2598 1320 2669; x_wconf 89' lang='lat' dir='ltr'><strong>proprio</strong></span> <span class='ocrx_word' id='word_1_231' title='bbox 1368 2606 1541 2666; x_wconf 88' lang='lat' dir='ltr'><strong>motu,</strong></span> <span class='ocrx_word' id='word_1_232' title='bbox 1576 2601 1877 2669; x_wconf 86' lang='lat' dir='ltr'><strong>secundum</strong></span> <span class='ocrx_word' id='word_1_233' title='bbox 1915 2606 2064 2676; x_wconf 90' lang='lat' dir='ltr'><strong>quod</strong></span> <span class='ocrx_word' id='word_1_234' title='bbox 2090 2607 2269 2679; x_wconf 87' lang='lat' dir='ltr'><strong>ipsum</strong></span> 
     </span>
     <span class='ocr_line' id='line_1_29' title="bbox 253 2685 2271 2765; baseline 0.003 -18"><span class='ocrx_word' id='word_1_235' title='bbox 253 2689 512 2747; x_wconf 85' lang='lat' dir='ltr'><strong>decebat.</strong></span> <span class='ocrx_word' id='word_1_236' title='bbox 529 2688 603 2743; x_wconf 84' lang='lat' dir='ltr'><strong>Iis</strong></span> <span class='ocrx_word' id='word_1_237' title='bbox 620 2688 787 2760; x_wconf 82' lang='lat' dir='ltr'><strong>igitur</strong></span> <span class='ocrx_word' id='word_1_238' title='bbox 806 2685 1168 2743; x_wconf 87' lang='lat' dir='ltr'><strong>consideratis</strong></span> <span class='ocrx_word' id='word_1_239' title='bbox 1193 2685 1545 2744; x_wconf 80' lang='lat' dir='ltr'><strong>manifestum</strong></span> <span class='ocrx_word' id='word_1_240' title='bbox 1568 2695 1652 2743; x_wconf 87' lang='lat' dir='ltr'><strong>est</strong></span> <span class='ocrx_word' id='word_1_241' title='bbox 1676 2689 1820 2761; x_wconf 90' lang='lat' dir='ltr'><strong>quod</strong></span> <span class='ocrx_word' id='word_1_242' title='bbox 1850 2692 2100 2765; x_wconf 89' lang='lat' dir='ltr'><strong>superior</strong></span> <span class='ocrx_word' id='word_1_243' title='bbox 2127 2698 2271 2754; x_wconf 88' lang='lat' dir='ltr'><strong>ratio</strong></span> 
     </span>
    </p>
   </div>
   <div class='ocr_carea' id='block_1_6' title="bbox 253 2775 2389 2862">
    <p class='ocr_par' dir='ltr' id='par_1_6' title="bbox 253 2775 2389 2862">
     <span class='ocr_line' id='line_1_30' title="bbox 253 2775 2389 2862; baseline 0.003 -27"><span class='ocrx_word' id='word_1_244' title='bbox 253 2777 465 2836; x_wconf 81' lang='lat' dir='ltr'><strong>Chi-isti</strong></span> <span class='ocrx_word' id='word_1_245' title='bbox 489 2783 608 2832; x_wconf 85' lang='lat' dir='ltr'><strong>tota</strong></span> <span class='ocrx_word' id='word_1_246' title='bbox 633 2776 852 2849; x_wconf 87' lang='lat' dir='ltr'><strong>quidem</strong></span> <span class='ocrx_word' id='word_1_247' title='bbox 874 2775 1160 2832; x_wconf 83' lang='lat' dir='ltr'><strong>fruebatur</strong></span> <span class='ocrx_word' id='word_1_248' title='bbox 1186 2783 1244 2831; x_wconf 93' lang='lat' dir='ltr'><strong>et</strong></span> <span class='ocrx_word' id='word_1_249' title='bbox 1280 2775 1557 2862; x_wconf 65' lang='lat' dir='ltr'><strong>gaudebat</strong></span> <span class='ocrx_word' id='word_1_250' title='bbox 1582 2793 1683 2848; x_wconf 84' lang='lat' dir='ltr'><strong>per</strong></span> <span class='ocrx_word' id='word_1_251' title='bbox 1708 2776 2183 2849; x_wconf 82' lang='lat' dir='ltr'><strong>comparationem</strong></span> <span class='ocrx_word' id='word_1_252' title='bbox 2200 2785 2271 2841; x_wconf 88' lang='lat' dir='ltr'><strong>ad</strong></span> <span class='ocrx_word' id='word_1_253' title='bbox 2380 2788 2389 2795; x_wconf 84' lang='grc'><strong>“</strong></span> 
     </span>
    </p>
   </div>
   <div class='ocr_carea' id='block_1_7' title="bbox 253 2861 2275 3119">
    <p class='ocr_par' dir='ltr' id='par_1_7' title="bbox 253 2861 2275 3119">
     <span class='ocr_line' id='line_1_31' title="bbox 253 2861 2273 2936; baseline 0.003 -13"><span class='ocrx_word' id='word_1_254' title='bbox 253 2881 422 2925; x_wconf 85' lang='lat' dir='ltr'><strong>suum</strong></span> <span class='ocrx_word' id='word_1_255' title='bbox 474 2864 767 2936; x_wconf 84' lang='lat' dir='ltr'><strong>objectum.</strong></span> <span class='ocrx_word' id='word_1_256' title='bbox 818 2864 938 2933; x_wconf 74' lang='lat' dir='ltr'><strong>Non</strong></span> <span class='ocrx_word' id='word_1_257' title='bbox 983 2864 1131 2919; x_wconf 88' lang='lat' dir='ltr'><strong>enim</strong></span> <span class='ocrx_word' id='word_1_258' title='bbox 1177 2878 1244 2918; x_wconf 84' lang='lat' dir='ltr'><strong>ex</strong></span> <span class='ocrx_word' id='word_1_259' title='bbox 1268 2861 1394 2919; x_wconf 88' lang='lat' dir='ltr'><strong>-bac</strong></span> <span class='ocrx_word' id='word_1_260' title='bbox 1433 2868 1590 2934; x_wconf 85' lang='lat' dir='ltr'><strong>parte</strong></span> <span class='ocrx_word' id='word_1_261' title='bbox 1636 2863 1845 2936; x_wconf 72' lang='lat' dir='ltr'><strong>aliquid</strong></span> <span class='ocrx_word' id='word_1_262' title='bbox 1886 2866 1938 2923; x_wconf 91' lang='lat' dir='ltr'><strong>ei</strong></span> <span class='ocrx_word' id='word_1_263' title='bbox 1984 2883 2273 2929; x_wconf 87' lang='lat' dir='ltr'><strong>occurrere</strong></span> 
     </span>
     <span class='ocr_line' id='line_1_32' title="bbox 255 2951 2274 3029; baseline 0.002 -17"><span class='ocrx_word' id='word_1_264' title='bbox 255 2960 495 3029; x_wconf 87' lang='lat' dir='ltr'><strong>poterat,</strong></span> <span class='ocrx_word' id='word_1_265' title='bbox 531 2952 678 3027; x_wconf 87' lang='lat' dir='ltr'><strong>quod</strong></span> <span class='ocrx_word' id='word_1_266' title='bbox 716 2961 861 3009; x_wconf 88' lang='lat' dir='ltr'><strong>esset</strong></span> <span class='ocrx_word' id='word_1_267' title='bbox 893 2952 1136 3010; x_wconf 83' lang='lat' dir='ltr'><strong>tristitiae</strong></span> <span class='ocrx_word' id='word_1_268' title='bbox 1163 2966 1349 3018; x_wconf 88' lang='lat' dir='ltr'><strong>causa,</strong></span> <span class='ocrx_word' id='word_1_269' title='bbox 1382 2951 1479 3007; x_wconf 87' lang='lat' dir='ltr'><strong>sed</strong></span> <span class='ocrx_word' id='word_1_270' title='bbox 1508 2951 1677 3007; x_wconf 86' lang='lat' dir='ltr'><strong>etiam</strong></span> <span class='ocrx_word' id='word_1_271' title='bbox 1719 2957 1841 3009; x_wconf 82' lang='lat' dir='ltr'><strong>tota</strong></span> <span class='ocrx_word' id='word_1_272' title='bbox 1869 2955 2183 3025; x_wconf 83' lang='lat' dir='ltr'><strong>patiebatur</strong></span> <span class='ocrx_word' id='word_1_273' title='bbox 2207 2977 2274 3017; x_wconf 85' lang='lat' dir='ltr'><strong>ex</strong></span> 
     </span>
     <span class='ocr_line' id='line_1_33' title="bbox 255 3039 2275 3119; baseline 0.002 -18"><span class='ocrx_word' id='word_1_274' title='bbox 255 3054 419 3119; x_wconf 87' lang='lat' dir='ltr'><strong>parte</strong></span> <span class='ocrx_word' id='word_1_275' title='bbox 457 3042 714 3114; x_wconf 85' lang='lat' dir='ltr'><strong>subjecti,</strong></span> <span class='ocrx_word' id='word_1_276' title='bbox 761 3048 824 3097; x_wconf 90' lang='lat' dir='ltr'><strong>ut</strong></span> <span class='ocrx_word' id='word_1_277' title='bbox 863 3047 1032 3115; x_wconf 88' lang='lat' dir='ltr'><strong>s&#39;upra</strong></span> <span class='ocrx_word' id='word_1_278' title='bbox 1069 3041 1280 3097; x_wconf 91' lang='lat' dir='ltr'><strong>dictum</strong></span> <span class='ocrx_word' id='word_1_279' title='bbox 1323 3048 1430 3097; x_wconf 81' lang='lat' dir='ltr'><strong>est.</strong></span> <span class='ocrx_word' id='word_1_280' title='bbox 1473 3040 1591 3097; x_wconf 89' lang='lat' dir='ltr'><strong>Nec</strong></span> <span class='ocrx_word' id='word_1_281' title='bbox 1634 3039 1727 3097; x_wconf 82' lang='lat' dir='ltr'><strong>ina</strong></span> <span class='ocrx_word' id='word_1_282' title='bbox 1766 3040 1955 3099; x_wconf 79' lang='lat' dir='ltr'><strong>fruitio</strong></span> <span class='ocrx_word' id='word_1_283' title='bbox 1995 3044 2275 3107; x_wconf 76' lang='lat' dir='ltr'><strong>minuebat</strong></span> 
     </span>
    </p>
   </div>
   <div class='ocr_carea' id='block_1_8' title="bbox 257 3128 2312 3206">
    <p class='ocr_par' dir='ltr' id='par_1_8' title="bbox 257 3128 2312 3206">
     <span class='ocr_line' id='line_1_34' title="bbox 257 3128 2312 3206; baseline 0.003 -17"><span class='ocrx_word' id='word_1_284' title='bbox 257 3133 590 3206; x_wconf 86' lang='lat' dir='ltr'><strong>passionem,</strong></span> <span class='ocrx_word' id='word_1_285' title='bbox 621 3146 724 3187; x_wconf 91' lang='lat' dir='ltr'><strong>nec</strong></span> <span class='ocrx_word' id='word_1_286' title='bbox 751 3131 934 3204; x_wconf 88' lang='lat' dir='ltr'><strong>passio</strong></span> <span class='ocrx_word' id='word_1_287' title='bbox 963 3128 1297 3203; x_wconf 86' lang='lat' dir='ltr'><strong>impediebat</strong></span> <span class='ocrx_word' id='word_1_288' title='bbox 1339 3128 1672 3196; x_wconf 78' lang='lat' dir='ltr'><strong>fruitionem,</strong></span> <span class='ocrx_word' id='word_1_289' title='bbox 1703 3130 1828 3187; x_wconf 81' lang='lat' dir='ltr'><strong>cnm&#39;</strong></span> <span class='ocrx_word' id='word_1_290' title='bbox 1862 3147 1971 3189; x_wconf 91' lang='lat' dir='ltr'><strong>non</strong></span> <span class='ocrx_word' id='word_1_291' title='bbox 2001 3134 2157 3193; x_wconf 85' lang='lat' dir='ltr'><strong>fieret</strong></span> <span class='ocrx_word' id='word_1_292' title='bbox 2181 3155 2279 3195; x_wconf 59' lang='lat' dir='ltr'><strong>rea</strong></span> <span class='ocrx_word' id='word_1_293' title='bbox 2308 3182 2312 3184; x_wconf 86' lang='grc'>-</span> 
     </span>
    </p>
   </div>
   <div class='ocr_carea' id='block_1_9' title="bbox 254 3216 2273 3455">
    <p class='ocr_par' dir='ltr' id='par_1_9' title="bbox 254 3216 2273 3455">
     <span class='ocr_line' id='line_1_35' title="bbox 255 3216 2273 3296; baseline 0.004 -20"><span class='ocrx_word' id='word_1_294' title='bbox 255 3219 565 3277; x_wconf 86' lang='lat' dir='ltr'><strong>dundantia</strong></span> <span class='ocrx_word' id='word_1_295' title='bbox 603 3236 671 3275; x_wconf 82' lang='lat' dir='ltr'><strong>ex</strong></span> <span class='ocrx_word' id='word_1_296' title='bbox 709 3235 819 3276; x_wconf 85' lang='lat' dir='ltr'><strong>una</strong></span> <span class='ocrx_word' id='word_1_297' title='bbox 861 3219 1108 3291; x_wconf 85' lang='lat' dir='ltr'><strong>potentia</strong></span> <span class='ocrx_word' id='word_1_298' title='bbox 1143 3216 1200 3274; x_wconf 88' lang='lat' dir='ltr'><strong>in</strong></span> <span class='ocrx_word' id='word_1_299' title='bbox 1242 3217 1428 3286; x_wconf 84' lang='lat' dir='ltr'><strong>aliam,</strong></span> <span class='ocrx_word' id='word_1_300' title='bbox 1462 3216 1559 3275; x_wconf 89' lang='lat' dir='ltr'><strong>sed</strong></span> <span class='ocrx_word' id='word_1_301' title='bbox 1603 3219 1861 3292; x_wconf 82' lang='lat' dir='ltr'><strong>quaelibet</strong></span> <span class='ocrx_word' id='word_1_302' title='bbox 1906 3227 2273 3296; x_wconf 80' lang='lat' dir='ltr'><strong>potentiarum</strong></span> 
     </span>
     <span class='ocr_line' id='line_1_36' title="bbox 257 3306 2273 3389; baseline 0.005 -25"><span class='ocrx_word' id='word_1_303' title='bbox 257 3307 674 3383; x_wconf 87' lang='lat' dir='ltr'><strong>permitteretur</strong></span> <span class='ocrx_word' id='word_1_304' title='bbox 713 3320 876 3381; x_wconf 85' lang='lat' dir='ltr'><strong>agere</strong></span> <span class='ocrx_word' id='word_1_305' title='bbox 917 3309 1066 3381; x_wconf 90' lang='lat' dir='ltr'><strong>quod</strong></span> <span class='ocrx_word' id='word_1_306' title='bbox 1113 3306 1217 3366; x_wconf 86' lang='lat' dir='ltr'><strong>sibi</strong></span> <span class='ocrx_word' id='word_1_307' title='bbox 1261 3307 1544 3382; x_wconf 86' lang='lat' dir='ltr'><strong>proprium</strong></span> <span class='ocrx_word' id='word_1_308' title='bbox 1588 3314 1728 3379; x_wconf 88' lang='lat' dir='ltr'><strong>erat,</strong></span> <span class='ocrx_word' id='word_1_309' title='bbox 1770 3308 1915 3368; x_wconf 81' lang='lat' dir='ltr'><strong>sicut</strong></span> <span class='ocrx_word' id='word_1_310' title='bbox 1953 3313 2071 3385; x_wconf 86' lang='lat' dir='ltr'><strong>jam</strong></span> <span class='ocrx_word' id='word_1_311' title='bbox 2110 3329 2273 3389; x_wconf 85' lang='lat' dir='ltr'><strong>supra</strong></span> 
     </span>
     <span class='ocr_line' id='line_1_37' title="bbox 254 3397 701 3455; baseline -0.007 0"><span class='ocrx_word' id='word_1_312' title='bbox 254 3397 472 3455; x_wconf 89' lang='lat' dir='ltr'><strong>dictum</strong></span> <span class='ocrx_word' id='word_1_313' title='bbox 494 3403 599 3455; x_wconf 88' lang='lat' dir='ltr'><strong>est.</strong></span> <span class='ocrx_word' id='word_1_314' title='bbox 697 3412 701 3417; x_wconf 89' lang='lat'><strong>·</strong></span> 
     </span>
    </p>
   </div>
   <div class='ocr_carea' id='block_1_10' title="bbox 879 3567 1703 3813">
    <p class='ocr_par' dir='ltr' id='par_1_10' title="bbox 879 3567 1703 3813">
     <span class='ocr_line' id='line_1_38' title="bbox 879 3567 1703 3640; baseline 0 0"><span class='ocrx_word' id='word_1_315' title='bbox 879 3567 1164 3640; x_wconf 84' lang='lat' dir='ltr'>CAPUT</span> <span class='ocrx_word' id='word_1_316' title='bbox 1219 3568 1649 3640; x_wconf 83' lang='lat' dir='ltr'>CCXXXIII.</span> <span class='ocrx_word' id='word_1_317' title='bbox 1698 3582 1703 3586; x_wconf 83' lang='grc'>’</span> 
     </span>
     <span class='ocr_line' id='line_1_39' title="bbox 925 3690 1695 3813; baseline 0.005 -36"><span class='ocrx_word' id='word_1_318' title='bbox 925 3709 1021 3789; x_wconf 77' lang='lat' dir='ltr'><strong>De</strong></span> <span class='ocrx_word' id='word_1_319' title='bbox 1051 3690 1322 3811; x_wconf 58' lang='lat' dir='ltr'><strong>oratione</strong></span> <span class='ocrx_word' id='word_1_320' title='bbox 1354 3710 1641 3813; x_wconf 63' lang='lat' dir='ltr'><strong>Christi..</strong></span> <span class='ocrx_word' id='word_1_321' title='bbox 1688 3796 1695 3801; x_wconf 30' lang='grc'><strong>,</strong></span> 
     </span>
    </p>
   </div>
   <div class='ocr_carea' id='block_1_11' title="bbox 251 3844 2286 4020">
    <p class='ocr_par' dir='ltr' id='par_1_11' title="bbox 251 3844 2286 4020">
     <span class='ocr_line' id='line_1_40' title="bbox 325 3844 2286 3928; baseline 0.005 -24"><span class='ocrx_word' id='word_1_322' title='bbox 325 3846 470 3918; x_wconf 90' lang='lat' dir='ltr'><strong>Quia</strong></span> <span class='ocrx_word' id='word_1_323' title='bbox 492 3860 631 3904; x_wconf 83' lang='lat' dir='ltr'><strong>vero</strong></span> <span class='ocrx_word' id='word_1_324' title='bbox 655 3846 834 3903; x_wconf 82' lang='lat' dir='ltr'><strong>oratio</strong></span> <span class='ocrx_word' id='word_1_325' title='bbox 861 3851 948 3903; x_wconf 88' lang='lat' dir='ltr'><strong>est</strong></span> <span class='ocrx_word' id='word_1_326' title='bbox 969 3844 1227 3904; x_wconf 85' lang='lat' dir='ltr'><strong>desiderii</strong></span> <span class='ocrx_word' id='word_1_327' title='bbox 1260 3845 1587 3919; x_wconf 70' lang='lat' dir='ltr'><strong>expositiva,</strong></span> <span class='ocrx_word' id='word_1_328' title='bbox 1617 3862 1686 3905; x_wconf 84' lang='lat' dir='ltr'><strong>ex</strong></span> <span class='ocrx_word' id='word_1_329' title='bbox 1712 3846 2037 3909; x_wconf 77' lang='lat' dir='ltr'><strong>diversitate</strong></span> <span class='ocrx_word' id='word_1_330' title='bbox 2062 3853 2286 3928; x_wconf 70' lang='lat' dir='ltr'><strong>appeti-a</strong></span> 
     </span>
     <span class='ocr_line' id='line_1_41' title="bbox 251 3933 2282 4020; baseline 0.005 -27"><span class='ocrx_word' id='word_1_331' title='bbox 251 3943 416 3995; x_wconf 86' lang='lat' dir='ltr'><strong>tuum</strong></span> <span class='ocrx_word' id='word_1_332' title='bbox 440 3936 588 3995; x_wconf 83' lang='lat' dir='ltr'><strong>ratio</strong></span> <span class='ocrx_word' id='word_1_333' title='bbox 616 3934 760 3995; x_wconf 85' lang='lat' dir='ltr'><strong>sumi</strong></span> <span class='ocrx_word' id='word_1_334' title='bbox 786 3940 974 4009; x_wconf 85' lang='lat' dir='ltr'><strong>potest</strong></span> <span class='ocrx_word' id='word_1_335' title='bbox 997 3934 1283 4011; x_wconf 85' lang='lat' dir='ltr'><strong>orationis,</strong></span> <span class='ocrx_word' id='word_1_336' title='bbox 1309 3940 1479 4010; x_wconf 86' lang='lat' dir='ltr'><strong>quam</strong></span> <span class='ocrx_word' id='word_1_337' title='bbox 1518 3933 1769 3996; x_wconf 78' lang='lat' dir='ltr'><strong>Christus</strong></span> <span class='ocrx_word' id='word_1_338' title='bbox 1799 3938 2121 4003; x_wconf 84' lang='lat' dir='ltr'><strong>imminente</strong></span> <span class='ocrx_word' id='word_1_339' title='bbox 2146 3950 2282 4020; x_wconf 81' lang='lat' dir='ltr'><strong>pas-</strong></span> 
     </span>
    </p>
   </div>
   <div class='ocr_carea' id='block_1_12' title="bbox 2742 4 2810 579">
    <p class='ocr_par' dir='ltr' id='par_1_12' title="bbox 2742 4 2810 579">
     <span class='ocr_line' id='line_1_42' title="bbox 2742 6 2758 73; textangle 90"><span class='ocrx_word' id='word_1_340' title='bbox 2742 67 2751 73; x_wconf 91' lang='lat'><strong><em>¹</em></strong></span> <span class='ocrx_word' id='word_1_341' title='bbox 2755 6 2758 9; x_wconf 96' lang='lat'>.</span> 
     </span>
     <span class='ocr_line' id='line_1_43' title="bbox 2780 6 2792 335; textangle 90"><span class='ocrx_word' id='word_1_342' title='bbox 2780 318 2791 335; x_wconf 60' lang='lat'>⁶</span> <span class='ocrx_word' id='word_1_343' title='bbox 2785 6 2792 9; x_wconf 81' lang='grc' dir='ltr'>ι</span> 
     </span>
     <span class='ocr_line' id='line_1_44' title="bbox 2789 4 2810 579; textangle 90"><span class='ocrx_word' id='word_1_344' title='bbox 2793 537 2810 579; x_wconf 34' lang='lat' dir='ltr'><strong>k!</strong></span> <span class='ocrx_word' id='word_1_345' title='bbox 2805 494 2808 505; x_wconf 36' lang='lat' dir='ltr'><strong>v.</strong></span> <span class='ocrx_word' id='word_1_346' title='bbox 2806 476 2808 485; x_wconf 84' lang='grc'>-</span> <span class='ocrx_word' id='word_1_347' title='bbox 2805 438 2808 467; x_wconf 85' lang='grc'><strong>..-</strong></span> <span class='ocrx_word' id='word_1_348' title='bbox 2803 341 2808 427; x_wconf 46' lang='grc' dir='ltr'>.-.ῴῌ</span> <span class='ocrx_word' id='word_1_349' title='bbox 2789 317 2799 326; x_wconf 73' lang='lat'>⁸</span> <span class='ocrx_word' id='word_1_350' title='bbox 2803 296 2806 307; x_wconf 81' lang='grc'><strong>-</strong></span> <span class='ocrx_word' id='word_1_351' title='bbox 2789 4 2807 287; x_wconf 37' lang='grc' dir='ltr'><strong>Ᾰ-ΛμψΞ-ῌι--ψ</strong></span> 
     </span>
    </p>
   </div>
  </div>
 </body>
</html>
