2850 4517
663 358 733 403 11.
764 373 847 387 —
872 358 1257 403 »nezanum
1296 358 1539 403 commi
1578 358 1834 405 enAEcos
2129 345 2252 405 245

234 466 529 552 praeterita
548 472 814 543 recolens,
835 479 895 530 et
921 473 1175 548 quaedam
1201 473 1512 548 praevidens
1533 482 1595 541 ut
1624 475 1808 532 futura
1835 474 1968 533 :sed
1994 475 2143 532 Deus
2165 468 2252 533 est

236 566 493 640 superior
520 563 785 638 temporis
816 562 1088 631 discursu,
1120 570 1177 619 et
1204 576 1339 621 ‘esse
1379 580 1546 621 suum
1581 572 1664 621 est
1700 572 1988 633 aeternum,
2013 563 2160 621 unde
2196 571 2255 621 et

239 658 365 729 ejus
400 654 641 727 cognitio
668 666 778 709 non
804 657 891 709 est
920 651 1255 725 temporalis,
1290 652 1386 709 sed
1413 659 1652 723 aeterna;
1681 658 2034 727 comparatur
2067 658 2254 710 autem

238 744 530 804 aeternitas
556 742 626 800 ad
653 748 892 815 tempus,
922 740 1067 797 sicut
1092 739 1422 797 indivisibile
1451 739 1521 799 ad
1549 742 1891 799 continuum.
1921 742 1982 797 In
2005 746 2254 813 tempore

240 834 392 891 enim
430 832 707 889 invenitur
749 826 1046 886 diversitas
1088 830 1344 903 quaedam
1382 831 1626 903 partium
1651 829 1954 887 secundum
1997 830 2252 909 priuset

238 921 519 997 posterius
556 917 989 986 succedentium,
1018 916 1165 974 sicut
1210 921 1264 973 in
1296 918 1440 975 linea
1479 918 1765 975 inveniunt
1791 918 2028 975 diversae
2065 923 2254 993 partes

240 1009 545 1069 secundum
586 1008 755 1065 situm
792 1005 865 1064 ad
904 1005 1141 1063 invicem
1184 1006 1454 1077 ordinalae
1493 1024 1509 1064 ε
1548 1008 1646 1065 sed
1691 1007 1974 1065 aeternitas
2003 1008 2160 1080 prius
2196 1013 2255 1065 et

240 1098 519 1175 posterius
557 1112 665 1154 non
706 1094 892 1163 habet,
920 1095 1053 1169 quia
1094 1110 1185 1151 res
1214 1101 1440 1153 aeternae
1481 1095 1787 1155 mutatione
1821 1102 2031 1152 carent.
2061 1096 2132 1153 Et
2170 1096 2253 1153 sic

239 1186 529 1247 aeternitas
556 1190 641 1243 est
663 1192 782 1242 tota
820 1181 1003 1251 simul,
1035 1182 1179 1240 sicut
1206 1190 1260 1240 et
1300 1192 1562 1258 puuctum
1599 1185 1850 1257 partibus
1873 1191 2029 1243 caret
2051 1200 2252 1243 secun-

240 1278 377 1335 dum
418 1276 584 1333 situm
624 1272 921 1330 distinctis.
945 1273 1216 1329 Punctum
1244 1278 1431 1328 autem
1454 1272 1747 1346 dupliciter
1773 1272 1843 1331 ad
1873 1274 2072 1332 lineam
2095 1289 2254 1331 com-

240 1363 433 1439 parari
474 1368 659 1437 potest
706 1379 721 1418 z
771 1376 880 1418 uno
926 1360 1151 1434 quidem
1192 1360 1376 1429 modo,
1403 1361 1549 1418 sicut
1575 1361 1720 1419 intra
1761 1362 1961 1419 lineam
1997 1376 2253 1437 compre-

239 1455 474 1511 hensum
497 1467 595 1509 seu
618 1448 690 1507 sit
718 1450 773 1506 in
797 1448 1068 1524 principio
1086 1448 1275 1517 linem,
1306 1466 1405 1507 seu
1430 1450 1487 1506 in
1523 1450 1725 1518 medio,
1758 1466 1856 1508 seu
1893 1452 1950 1508 in
1973 1451 2103 1508 linea
2129 1451 2252 1509 Alio

243 1542 428 1611 modo,
453 1548 517 1597 ut
535 1547 691 1597 extra
715 1538 857 1595 linea
877 1538 1138 1595 existens.
1171 1540 1441 1595 Punctum
1468 1555 1598 1611 ergo
1625 1540 1769 1597 iutra
1791 1539 1992 1597 lineam
2010 1540 2252 1598 existens

240 1647 355 1689 non
376 1637 559 1705 potest
579 1628 835 1686 omnibus
856 1626 1103 1701 partibus
1120 1626 1287 1695 lineae
1307 1628 1520 1697 adesse,
1543 1628 1640 1684 sed
1669 1628 1726 1684 in
1748 1627 1981 1685 diversis
2003 1628 2252 1703 partibus

242 1721 407 1776 lineae
430 1723 645 1791 oportet
667 1717 887 1775 diversa
924 1722 1127 1787 puncta
1155 1716 1382 1787 signari.
1424 1717 1694 1773 Punctum
1736 1732 1868 1775 vero
1913 1717 2060 1793 quod
2094 1726 2250 1774 extra

238 1808 446 1864 lineam
473 1812 577 1875 est,
599 1804 731 1861 nihil
756 1804 1011 1879 prohibet
1030 1804 1318 1877 aequaliter
1346 1820 1537 1860 omnes
1561 1804 1719 1862 lineae
1742 1813 1928 1878 partes
1953 1806 2246 1877 respicere,

238 1903 305 1953 ut
333 1900 491 1967 patet
517 1893 577 1950 in
601 1892 825 1960 circulo,
852 1894 1011 1964 cujus
1032 1899 1281 1949 centrum
1304 1907 1432 1948 cum
1469 1893 1542 1949 sit
1577 1893 1928 1960 indivisibile,
1962 1892 2252 1967 aequaliter

238 1982 475 2057 respicit
498 1996 690 2038 omnes
710 1981 1165 2039 circumferentiis
1188 1988 1393 2055 parteS,
1411 1988 1468 2038 et
1492 1996 1681 2038 omnes
1706 1981 1946 2055 quodam
1965 1982 2128 2038 modo
2145 1981 2252 2038 sibi

236 2079 373 2129 sunt
396 2076 715 2146 praesentes,
748 2069 875 2127 licet
898 2086 1007 2127 non
1034 2086 1145 2127 una
1168 2085 1359 2127 aarum
1381 2070 1562 2132 alteri.
1595 2072 1802 2127 Puncto
1828 2076 2012 2127 autem
2041 2069 2252 2128 incluso

240 2162 298 2217 in
314 2160 461 2217 linea
475 2158 747 2217 similatur
765 2158 996 2229 instans,
1020 2160 1167 2233 quod
1184 2166 1272 2216 est
1284 2160 1551 2222 terminus
1566 2159 1845 2233 temporis,
1864 2158 2014 2233 quod
2027 2158 2252 2233 quidem

238 2264 353 2306 non
374 2247 533 2305 adest
553 2246 807 2305 omuibus
826 2246 1073 2320 partibus
1094 2246 1375 2320 temporis,
1392 2247 1488 2304 sed
1510 2246 1566 2304 iu
1589 2247 1826 2305 diversis
1839 2247 2088 2321 partibus
2107 2254 2252 2305 tem-

236 2338 397 2412 poris
427 2337 644 2394 diversa
685 2336 949 2393 instantia
984 2335 1345 2408 significatur.
1381 2337 1592 2394 Puncto
1627 2352 1760 2395 vero
1791 2337 1939 2411 quod
1973 2345 2060 2395 est
2095 2345 2249 2397 extra

240 2427 467 2493 lineam,
480 2425 692 2483 scilicet
710 2430 921 2491 centro,
937 2425 1177 2497 quodam
1190 2425 1353 2482 modo
1372 2426 1646 2484 similatur
1664 2427 1966 2495 aeternitas,
1982 2442 2110 2501 quae
2123 2443 2249 2485 cum

238 2516 317 2572 sit
331 2514 563 2588 simplex
581 2521 637 2572 et
657 2513 1023 2582 indivisibilis,
1037 2520 1215 2571 totum
1227 2514 1519 2573 decursum
1537 2516 1802 2589 temporis
1813 2518 2244 2591 comprehendit,

238 2609 301 2661 et
326 2603 588 2677 quaelibet
616 2620 745 2673 pars
775 2603 1038 2677 temporis
1070 2607 1157 2659 est
1178 2604 1229 2659 ei
1256 2604 1545 2679 aequaliter
1567 2618 1825 2678 praesens‚
1855 2604 1985 2661 licet
2007 2607 2246 2678 partium

238 2693 510 2765 temporis
532 2708 643 2748 uua
668 2696 930 2765 sequatur
958 2689 1143 2748 aliam.
1173 2691 1264 2772 Sic
1295 2690 1463 2763 igitur
1500 2692 1665 2761 Deus,
1697 2692 1793 2765 qui
1821 2692 1890 2749 de
1914 2696 2244 2754 aeternitatis

236 2780 463 2839 excelso
487 2774 670 2837 omnia
692 2779 932 2853 respicit,
960 2795 1122 2853 super
1153 2785 1329 2837 totum
1356 2780 1618 2853 temporis
1641 2780 1950 2847 decursum,
1983 2790 2040 2838 et
2062 2784 2244 2840 omnia

238 2885 373 2944 quae
420 2874 754 2941 generantur
797 2867 855 2944 in
883 2876 1127 2942 tempote
1164 2867 1582 2940 praesentialiter
1622 2866 1886 2923 intuetur.
1915 2868 2069 2925 Sicut
2113 2886 2277 2947 ergo·

237 2974 373 3015 cum
399 2956 561 3015 video
601 2958 816 3014 Sortem
851 2956 1063 3024 sedere,
1090 2954 1389 3011 infallibilis
1432 2959 1518 3011 est
1555 2960 1612 3011 et
1635 2960 1788 3012 certa
1832 2970 1958 3013 mea
1983 2957 2243 3030 cognitio,

238 3046 397 3103 nulla
424 3054 607 3103 tamen
635 3060 705 3102 ex
730 3044 837 3101 hoc
861 3044 1007 3102 Sorti
1034 3042 1334 3101 necessitas
1360 3042 1586 3100 sedendi
1620 3044 1916 3115 imponitur
1955 3062 1970 3101 ι
1996 3045 2073 3103 ita
2098 3047 2245 3105 Deus

237 3136 430 3195 omnia
458 3150 585 3208 quae
617 3138 746 3189 sunt
774 3132 933 3189 nobis
966 3133 1266 3206 praeterita,
1304 3132 1391 3189 vel
1420 3132 1624 3202 futura,
1655 3131 1740 3188 vel
1767 3135 2056 3206 praesentia
2084 3138 2244 3211 quasi

236 3224 539 3301 praesentia
562 3222 875 3297 inspiciens,
908 3220 1263 3279 infallibiliter
1283 3227 1340 3278 et
1363 3219 1821 3279 certitudinaliter
1844 3226 2142 3295 cognoscit,
2164 3225 2240 3283 ita

237 3323 434 3371 tamen
454 3311 599 3385 quod
622 3310 1065 3383 contingentibus
1103 3309 1253 3368 nulla
1278 3310 1577 3368 necessitas
1611 3311 1909 3384 imponitur
1947 3314 2235 3372 existendi.

234 3405 418 3476 Hujus
440 3407 625 3457 autem
663 3400 975 3473 exemplum
1012 3400 1188 3473 accipi
1218 3406 1416 3473 potest,
1448 3400 1496 3457 si
1533 3395 1913 3475 comparemus
1950 3403 2239 3461 decursum

236 3489 511 3563 temporis
536 3486 606 3545 ad
649 3488 945 3545 transitum
974 3488 1124 3546 vitae.
1157 3488 1214 3545 Si
1258 3489 1384 3564 quis
1409 3490 1557 3545 enim
1588 3489 1661 3545 sit
1707 3490 1762 3546 in
1802 3492 1912 3560 via,
1955 3508 2055 3567 per
2081 3510 2246 3567 quam

232 3584 531 3637 transeunt
572 3576 752 3647 multi,
797 3576 949 3634 videt
994 3578 1218 3651 quidem
1244 3591 1341 3633 eos
1380 3578 1633 3651 quisunt
1675 3586 1802 3637 ante
1838 3596 1945 3638 se:
1991 3583 2247 3656 quivero

230 3673 368 3744 post
396 3667 576 3740 ipsum
608 3672 923 3731 transeunt,
956 3682 1053 3739 per
1084 3663 1472 3722 certitudinem
1499 3668 1641 3723 scire
1676 3682 1785 3724 non
1808 3676 1988 3743 potest
2019 3686 2034 3727 z
2063 3672 2170 3729 Sed
2198 3672 2245 3729 si

228 3757 366 3830 quis
388 3754 462 3811 sit
489 3754 545 3809 in
576 3753 761 3828 aliquo
794 3754 1011 3812 excelso
1042 3754 1181 3822 loco,
1215 3753 1357 3809 unde
1394 3760 1567 3811 totam
1594 3754 1742 3813 viam
1779 3758 2023 3831 aspicere
2050 3762 2242 3834 possit,

226 3842 400 3903 simul
426 3842 581 3899 videt
598 3858 789 3899 omnes
811 3843 907 3917 qui
936 3849 1221 3901 transeunt
1241 3859 1341 3917 per
1370 3842 1531 3899 viam.
1561 3843 1652 3900 Sic
1688 3859 1816 3917 ergo
1843 3844 2006 3904 homo
2041 3850 2137 3922 qui
2161 3857 2249 3909 est

223 3934 289 3992 in
315 3939 591 4006 tempore,
622 3946 732 3989 non
755 3938 938 4006 potest
966 3938 1145 3991 totum
1178 3947 1401 3991 cursum
1443 3931 1704 4007 temporis
1727 3934 1888 3993 simul
1909 3936 2116 4010 videre,
2145 3941 2245 3999 sed
