2850 4517
176 4361 405 4428 ΓΝ

792 717 835 822 .·
952 671 967 718 ⁴
1035 629 1986 809 mmmmm-

654 911 1458 1033 QUORUMDAZM'
1533 908 2394 1048 ARTICULQRUM

822 1109 1061 1188 cort-rna
1104 1105 1380 1164 emcoS,
1424 1103 1713 1148 mannos
1754 1101 1833 1146 m·
1872 1097 2225 1146 essaenos

862 1201 871 1208 ·
925 1199 931 1207 ·
1053 1197 1136 1240 nn
1176 1195 1520 1240 can-ronna
1551 1191 1994 1266 Αιιιιοσιιιιιιυιι

1172 1326 1276 1391 (Ed.
1308 1327 1438 1379 Rom.
1465 1327 1744 1386 opusculum
1771 1320 1879 1384 111.)

2261 1473 2274 1504 C

1334 1583 1619 1660 CAPUT
1665 1589 1720 1656 Ι.

598 1740 800 1796 Beatus
824 1739 1017 1794 Petrus
1043 1730 1356 1807 Apostolus,
1393 1730 1490 1806 qui
1519 1729 1935 1802 promissionem
1959 1729 2174 1804 accepit
2201 1743 2234 1784 a
2273 1727 2526 1794 Domino,

533 1832 595 1885 ut
621 1837 785 1901 super
809 1826 928 1898 ejus
949 1821 1287 1881 confessione
1307 1818 1630 1876 fundaretur
1657 1817 1920 1886 Ecclesia,
1951 1823 2142 1875 contra
2165 1831 2332 1891 quam
2356 1826 2533 1892 portae

532 1916 830 1972 inferorum
871 1911 1167 1986 praevalere
1209 1912 1601 1984 non'possent,
1657 1912 1719 1963 ut
1756 1914 1946 1963 contra
1993 1905 2305 1978 hujusmodi
2344 1912 2532 1981 portas

533 2001 828 2058 inferorum
854 1997 1114 2056 Ecclesiae
1136 1996 1247 2054 sibi
1265 1995 1574 2054 commissae
1597 1993 1733 2050 fides
1758 1993 2019 2050 inviolata
2048 1991 2382 2066 persisteret,
2412 1992 2534 2049 fide·

535 2089 613 2146 les
640 2087 841 2148 Christi
865 2087 1159 2161 alloquitur
1185 2084 1393 2141 dicens·
1420 2099 1463 2140 1.
1490 2085 1606 2139 Pet.
1637 2097 1707 2138 ιιι
1739 2098 1754 2136 2
1783 2080 2068 2137 Dominum
2091 2080 2367 2141 Christum
2393 2097 2534 2137 senc·

534 2178 731 2251 tificate
771 2176 833 2232 in
872 2174 1117 2232 cordibus
1142 2171 1335 2230 vestris
1368 2171 1704 2244 scilicet-per
1728 2169 1854 2242 fidei
1879 2170 2196 2241 firmitatem
2223 2183 2246 2228 .·
2267 2186 2378 2245 quo
2407 2169 2534 2226 fun-

536 2266 792 2323 damento
842 2264 898 2321 in
938 2261 1104 2319 corde
1153 2259 1419 2316 collocato
1461 2254 1653 2316 contra
1701 2273 1888 2314 omnes
1929 2258 2387 2333 impugnationes,
2441 2267 2534 2316 aut

536 2354 815 2410 irrisiones
859 2348 1161 2406 infidelium
1208 2347 1314 2404 tuti
1360 2362 1482 2404 esse
1526 2346 1848 2421 poterimus.
1886 2346 2042 2404 Unde
2085 2347 2255 2405 etiam
2283 2346 2470 2404 subdit
2516 2364 2531 2402 ι

535 2439 734 2498 Parati
758 2437 832 2495 ad
853 2436 1269 2508 satisfactionem
1295 2435 1443 2492 omm'
1463 2434 1701 2508 poscenti
1721 2452 1811 2492 vos
1839 2435 2101 2493 rationem
2128 2435 2190 2494 de
2213 2453 2295 2503 ea,
2323 2451 2441 2510 quoe
2476 2435 2536 2493 ιἰι

513 2528 679 2585 vvobis
722 2533 820 2593 est,
862 2541 972 2599 spe.
1018 2524 1181 2581 Fides
1224 2532 1409 2580 autem
1452 2523 1762 2581 Christiana
1800 2523 2173 2598 principaliter
2199 2526 2453 2583 consistit
2481 2525 2536 2580 in

538 2617 875 2677 confessione
918 2621 1126 2671 sanclae
1171 2610 1476 2678 Trinitatis,
1516 2617 1588 2690 et·
1613 2611 1922 2686 specialiter
1967 2613 2233 2685 gloriatur
2278 2615 2334 2672 in
2377 2629 2538 2671 cruce

540 2705 757 2764 Domini
786 2703 957 2762 nostri
996 2703 1124 2760 Jesu
1150 2702 1373 2759 Christi.
1412 2701 1560 2760 Nam
1587 2701 1805 2758 verbum
1831 2701 2023 2768 crucis,
2049 2709 2110 2758 ut
2137 2702 2338 2759 Paulus
2380 2703 2538 2760 dicit.

538 2797 581 2854 1.
621 2797 748 2854 Cor.
794 2809 834 2862 1,
863 2791 963 2851 etsi
997 2790 1344 2865 pereuntibus
1386 2789 1627 2849 stultitia
1649 2789 1746 2857 sit,
1774 2789 1855 2847 his
1883 2797 2062 2848 tamen
2096 2791 2192 2865 qui
2215 2790 2351 2848 salvi
2375 2791 2537 2864 fiunt,

540 2885 600 2942 id
624 2882 890 2950 esinatis,
924 2881 1102 2938 virtus
1129 2880 1230 2938 Dei
1256 2887 1351 2938 est.
1379 2881 1517 2953 Spes
1543 2880 1712 2936 etiam
1752 2877 1938 2936 nostra
1968 2880 2022 2935 in
2050 2879 2262 2936 duobus
2287 2881 2541 2938 consistit

540 2972 749 3030 scilicet
791 2972 845 3026 in
894 2986 962 3027 eo
1006 2968 1153 3044 quod
1196 2974 1519 3042 expectatur
1559 2973 1682 3041 post
1723 2975 1973 3035 mortem,
2005 2967 2147 3024 etin
2183 2967 2388 3024 auxilio
2415 2968 2540 3034 Dei,

541 3076 650 3134 quo
679 3061 737 3116 in
772 3059 876 3117 hac
917 3056 1028 3115 vita
1058 3059 1317 3130 juvamur
1344 3056 1416 3114 ad
1445 3055 1685 3112 futuram
1721 3055 2116 3113 beatitudinem
2142 3072 2240 3130 per
2267 3073 2438 3130 opera
2474 3057 2543 3113 li-

542 3147 657 3203 beri
686 3146 895 3218 arbitrii
930 3145 1361 3219 promerendam.
1387 3145 1522 3201 Haec
1559 3159 1690 3216 ergo
1715 3150 1842 3200 sunt
1870 3160 2014 3217 quae.
2045 3150 2104 3200 ut
2135 3154 2193 3202 tu
2221 3147 2443 3212 asseris,
2475 3145 2544 3203 ab

544 3233 853 3291 infidelibus
875 3236 1281 3308 impugnantur,
1311 3239 1368 3289 et
1388 3233 1705 3289 irridentur.
1729 3231 1963 3289 Irrident
1985 3233 2130 3291 enim
2172 3232 2456 3304 Saraceni,
2485 3239 2544 3290 ut

544 3330 605 3380 tu
652 3322 808 3392 dicis,
841 3323 986 3399 quod
1015 3322 1291 3381 Christum
1323 3321 1422 3377 Dei
1451 3320 1624 3378 Flium
1669 3321 1922 3390 dicimuS,
1964 3335 2090 3379 cum
2130 3323 2278 3379 Deus
2318 3339 2544 3381 uxorem

546 3428 653 3469 non
684 3412 900 3477 habeat,
940 3419 996 3469 et
1030 3417 1286 3485 reputant
1315 3425 1415 3466 nos
1443 3409 1666 3467 insanos
1691 3410 1839 3485 quod
1869 3417 1980 3468 tres
2026 3427 2286 3483 personas
2313 3412 2547 3469 confite·

546 3516 668 3556 mur
697 3501 751 3556 in
792 3502 927 3570 Deo,
957 3499 1124 3555 etiam
1157 3514 1253 3570 per
1280 3497 1385 3554 hoc
1423 3497 1800 3555 existimantes
1827 3513 1926 3554 nos
1955 3504 2068 3558 tres
2094 3501 2238 3556 Deos
2276 3501 2544 3574 profiteri.

546 3588 779 3645 lrrident
803 3589 970 3645 etiam
994 3587 1137 3660 quod
1166 3585 1442 3643 Christum
1470 3585 1569 3642 Dei
1605 3585 1782 3644 Flium
1804 3603 1902 3660 pro
1925 3586 2100 3646 salute
2129 3588 2350 3645 humani
2378 3605 2549 3661 gene·

547 3679 623 3734 ris
651 3678 883 3733 dicimus
909 3674 1227 3732 crucifixum
1275 3690 1291 3730 z
1334 3675 1468 3748 quia
1505 3675 1550 3731 si
1579 3675 1726 3732 Deus
1751 3675 2098 3750 omnipotens
2137 3678 2318 3750 potuit
2341 3678 2550 3752 absque

546 3766 645 3823 filii
686 3766 769 3822 sui
810 3764 1062 3840 passione
1100 3779 1272 3835 genus
1318 3762 1614 3821 humanum
1659 3763 1892 3831 salvare,
1933 3765 2112 3838 pot-uit
2153 3766 2235 3824 sic
2263 3767 2552 3825 instituere

546 3854 841 3919 hominem,
872 3860 933 3910 ut
961 3867 1189 3925 peccare
1227 3868 1335 3910 non
1361 3857 1567 3927 posset.
1596 3853 1972 3929 improperant
2005 3855 2172 3912 etiam
2202 3855 2549 3924 Christianis„

549 3939 699 4016 quod
735 3941 793 4000 in
833 3940 996 4000 altari
1021 3941 1316 4001 comedunt
1349 3942 1527 4001 Deum
1562 3957 1742 4013 suum,
1771 3948 1830 4001 et
1855 3944 2002 4018 quod
2029 3959 2227 4018 corpus
2262 3944 2466 4004 Christi
2507 3945 2552 4002 si
