2850 4517
726 394 793 449 x.
817 418 898 435 --
925 404 1165 450 comma
1207 408 1489 454 annonas
1533 405 1893 451 enaecontm
2196 386 2313 450 487

309 525 486 578 catur.
531 520 811 577 Invenitur
861 522 1006 577 enim
1043 537 1080 578 a
1122 521 1449 579 Ductoribus
1502 522 1841 589 Graecorum,
1888 520 2036 593 quod
2080 519 2315 593 Spiritus

309 617 533 665 sanctus
573 610 644 665 sit
672 609 940 669 naturalis
981 610 1204 683 spiritus
1245 609 1388 667 Filii.
1417 609 1563 667 Dicit
1591 610 1737 666 enim
1766 607 1928 667 Atha.
1965 608 2019 664 in
2065 624 2315 671 sermone

312 698 476 754 tertio
518 698 726 755 Nicaeni
774 697 1035 766 concilii:
1083 720 1107 751 α
1155 700 1306 756 Sicut
1349 700 1404 755 in
1448 700 1663 755 Christo
1707 698 1844 755 vivit
1890 706 2075 754 nostra
2116 707 2313 755 natura

307 786 521 855 deifice,
566 795 623 843 et
667 787 782 861 ipse
825 786 878 843 in
921 804 985 845 ea
1015 796 1253 860 regnat:
1299 788 1376 845 ita
1396 793 1463 845 :et
1499 802 1597 845 nos
1627 788 1680 843 in
1698 774 1808 843 'suo
1836 786 2073 843 naturali
2118 786 2313 859 spiritu

307 875 498 943 simus,
547 877 811 933 vivamus·
836 882 893 932 et
935 892 1241 949 regnemus.
1295 896 1320 929 n
1372 876 1523 933 Idem
1571 876 1638 933 in·
1664 892 1752 947 ep.
1784 876 1852 933 ad
1900 875 2250 947 Serapionem
2296 890 2313 929 ε

309 984 336 1016 α
381 965 685 1037 Accepistis
712 964 963 1039 spiritum
992 966 1320 1038 adoptionis,
1358 984 1384 1019 ο
1406 965 1462 1024 id
1492 970 1597 1031 est,
1617 962 1935 1021 naturalem
1958 962 2213 1035 spiritum
2241 961 2311 1021 de

306 1059 502 1111 natura
523 1054 643 1111 Filii
665 1055 949 1123 naturaliS,
981 1063 1037 1112 et
1061 1055 1297 1129 cyrillus
1316 1055 1450 1111 dicit
1466 1070 1633 1127 super
1648 1054 1786 1111 Joan
1812 1072 1823 1108 ι
1852 1074 1879 1107 α
1903 1052 2108 1109 Existit
2134 1052 2313 1125 siqui-

305 1140 432 1197 dem
451 1142 618 1198 Filius
646 1142 699 1199 in
725 1146 944 1217 proprio
971 1144 1235 1216 genitore,
1265 1144 1469 1201 habens
1495 1146 1547 1200 in
1568 1143 1808 1215 seipsum
1838 1142 2149 1213 gignentem
2171 1156 2256 1199 se.
2284 1161 2309 1192 n

303 1229 374 1286 Et
414 1231 496 1286 sic
531 1232 708 1289 Patris
737 1232 961 1303 spiritus
988 1231 1261 1289 veraciter
1301 1238 1372 1288 et.
1385 1230 1709 1290 naturaliter
1741 1229 1861 1286 Filii
1894 1229 2119 1289 videtur.
2146 1236 2201 1284 et
2230 1236 2315 1287 est

304 1319 548 1391 spiritus.
577 1320 810 1393 Spiritus
839 1330 1023 1379 autem
1059 1337 1166 1378 non
1195 1328 1278 1377 est
1307 1320 1575 1379 naturalis
1616 1318 1833 1381 Christo
1872 1319 2173 1377 secundum
2206 1317 2313 1374 hu·-

301 1409 646 1479 manitatem,
672 1410 802 1483 quia
825 1414 940 1467 non·
957 1410 1196 1483 pertinet
1218 1409 1285 1467 ad
1326 1417 1579 1465 naturam
1606 1407 1981 1474 humanitatis,
2011 1407 2109 1467 sed⁴
2140 1408 2313 1477 gratis

301 1513 332 1553 a
363 1498 482 1553 Deo
513 1498 568 1553 in
599 1505 794 1557 natura
826 1498 1529 1556 humanitatis-effunditur.
1568 1497 1689 1553 Non
1718 1512 1847 1568 ergo
1882 1501 2061 1568 potest
2090 1502 2313 1567 propter

299 1584 410 1641 hoc
442 1585 551 1642 dici
579 1588 802 1659 spiritus
839 1586 979 1653 Filii,
1025 1588 1153 1660 quia
1183 1585 1460 1644 Christum
1488 1586 1821 1643 excellenter
1854 1583 2311 1657 replevit-secun-

298 1671 435 1729 dum
472 1673 888 1735 humanitatem.
935 1676 1073 1730 Item
1114 1673 1446 1730 Athanasius
1474 1674 1609 1729 dicit
1638 1674 1691 1728 in
1730 1688 1985 1729 sermone.
2027 1671 2095 1730 de
2124 1671 2318 1729 incar-,

297 1762 525 1818 natione
564 1760 748 1827 Verbi,
782 1761 927 1834 quod
977 1762 1092 1834 ipse
1141 1760 1390 1819 Christus
1438 1760 1689 1817 mittebat
1730 1758 1984 1833 spiritum
2020 1774 2053 1814 e
2094 1774 2309 1815 sursum

297 1850 443 1906 sicut
471 1850 620 1905 Deus
646 1848 832 1917 Filius,
878 1856 934 1905 et
980 1850 1096 1922 ipse
1124 1849 1376 1905 deorsum
1406 1847 1713 1921 accipiebat
1732 1848 1995 1921 spiritum
2038 1856 2099 1903 ut
2128 1848 2308 1905 homo.

297 1938 381 1995 Ex
405 1938 524 2010 ipso
547 1953 677 2009 ergo
707 1938 761 1992 in
786 1938 963 2010 ipsum
991 1936 1202 1997 habitat
1226 1938 1292 1994 de
1317 1937 1681 2009 deitateejus
1710 1946 1765 1993 et
1794 1934 2135 1994 humanitate
2158 1937 2311 2007 ejus·-

299 2024 450 2082 dem.
490 2026 608 2081 Non
637 2025 814 2083 solum
851 2042 980 2098 ergo
1021 2025 1258 2095 Spiritus
1295 2032 1522 2082 sanctus
1546 2034 1633 2082 est
1658 2024 1883 2098 spiritus
1918 2023 2139 2095 Christi,
2181 2023 2313 2097 quia

299 2114 706 2175 humanitatem.
723 2116 842 2187 ejus
861 2114 1108 2187 replevit,
1133 2114 1227 2171 sed
1251 2115 1443 2187 magia,
1470 2114 1601 2187 quia
1620 2121 1789 2170 estex
1812 2113 2102 2172 divinitate
2117 2112 2309 2185 ipsius.

299 2203 700 2259 Potestautem
737 2202 936 2276 aliquis
969 2202 1170 2268 dicere,
1209 2204 1356 2275 quod
1391 2202 1627 2275 Spiritus
1652 2208 1879 2258 sanctus
1920 2209 2005 2257 est
2029 2200 2171 2261 Filii
2218 2215 2312 2257 se-

301 2290 540 2347 cundum
575 2292 857 2368 deitatem,
896 2292 1040 2348 sicut
1077 2304 1115 2348 ¹a
1142 2291 1279 2350 Filio
1316 2291 1414 2347 Dei
1450 2291 1611 2347 datus
1638 2298 1695 2347 et
1738 2290 1953 2355 missus,
1988 2304 2093 2345 non
2127 2294 2312 2349 autem

301 2382 446 2436 sicut
475 2396 506 2436 a
545 2380 683 2437 Filio
712 2380 1070 2452 personaliter
1103 2389 1160 2437 et
1197 2380 1536 2437 aeternaliter
1576 2380 1838 2437 existens..
1879 2378 1985 2437 Sed
2014 2377 2117 2433 hoc
2143 2378 2311 2437 etiam

302 2476 450 2525 stare
474 2484 579 2525 non
609 2474 808 2541 potest.
840 2469 986 2525 Dicit
1013 2470 1158 2525 enim
1187 2468 1424 2541 cyrillus
1453 2483 1616 2541 super
1655 2469 1921 2524 Joannem
1951 2483 1964 2520 :
1996 2486 2023 2520 α
2056 2467 2311 2539 Proprius

300 2565 386 2613 est
413 2558 650 2629 Spiritus
677 2550 898 2613 sanctus
927 2558 1023 2615 Dei
1055 2558 1250 2625 Petris,
1277 2556 1371 2613 sed
1403 2573 1510 2613 non
1535 2564 1619 2613 est
1646 2558 1823 2613 minus
1848 2555 2019 2629 ipsius
2047 2556 2143 2611 Dei
2166 2555 2321 2620 Filii,-

298 2660 409 2701 non
440 2652 701 2715 tanquam
726 2643 883 2707 alius,
911 2650 968 2698 et
995 2643 1136 2699 alius
1163 2645 1410 2715 spirituS.
1446 2662 1473 2695 n
1503 2644 1652 2699 Idem
1698 2644 1833 2699 dicit
1860 2645 1911 2698 in
1942 2642 2312 2701 exhortatorio

300 2746 552 2789 sermone
593 2730 663 2787 ad
700 2729 1062 2785 Theodosium
1091 2731 1479 2802 Imperatorem
1514 2748 1529 2787 ε
1563 2752 1588 2785 α
1621 2730 1859 2802 Spiritus
1884 2736 2127 2797 sanctus,
2168 2732 2313 2787 sicut

300 2828 387 2877 est
420 2820 674 2894 proprius
701 2819 879 2874 Patris
921 2835 954 2875 a
995 2834 1105 2890 quo
1148 2818 1412 2890 procedit,
1446 2818 1527 2874 sic
1555 2825 1611 2873 et
1640 2820 1693 2874 in
1743 2818 1976 2875 veritate
2016 2827 2101 2874 est
2140 2820 2314 2890 ipsius

300 2908 444 2965 Filii.
493 2927 520 2961 a
549 2907 606 2965 si
634 2923 763 2979 ergo
793 2906 969 2963 Patris
1007 2915 1110 2971 est,
1143 2921 1249 2962 non
1284 2906 1461 2962 solum
1504 2907 1633 2979 quia
1663 2906 1733 2962 ab
1777 2907 1897 2979 ipso
1939 2906 2313 2979 temporaliter

303 2995 486 3061 datur,
504 3001 559 3050 et
583 2994 838 3055 mittitur,
862 2992 960 3049 sed
984 2993 1152 3051 etiam
1169 2994 1300 3067 quia
1315 2994 1517 3066 abipso
1536 2992 1870 3051 aeternaliter
1889 2992 2097 3060 existit,
2118 2993 2323 3053 eadem.

304 3085 468 3141 etiam
494 3084 725 3150 ratione,
762 3089 818 3138 et
847 3081 966 3137 Filii
991 3082 1122 3149 erit,
1144 3082 1303 3156 quasi
1335 3080 1408 3139 ab
1431 3097 1495 3138 eo
1522 3082 1856 3141 aeternaliter
1882 3082 2143 3143 existens.
2174 3082 2310 3138 ltem

303 3171 539 3245 cyrillus
565 3172 701 3229 dicit
725 3186 892 3243 super
916 3172 1072 3227 Joan.
1103 3189 1117 3226 :
1151 3190 1178 3225 α
1204 3169 1603 3229 Veracissimus
1626 3171 1837 3233 iructus
1860 3170 2112 3229 essentiae
2142 3171 2311 3244 ipsius

303 3258 425 3317 Filii
447 3260 634 3317 existit
663 3260 896 3332 Spiritus
923 3266 1166 3317 sanctuS.
1202 3279 1229 3313 n
1259 3260 1355 3338 Est
1383 3276 1514 3331 ergo
1554 3259 1673 3316 Filii
1708 3259 1865 3333 quasi
1895 3275 1927 3316 a
1954 3259 2092 3316 Filio
2119 3275 2309 3317 essen-

306 3348 437 3404 tiam
483 3347 904 3411 habens.‚Patet
945 3363 1095 3419 ergo,
1143 3349 1290 3421 quod
1327 3365 1394 3404 ex
1432 3348 1536 3406 hoc
1558 3347 1704 3421 quod
1740 3347 2005 3420 Spiritum
2034 3355 2305 3413 sanctum,

305 3436 555 3507 spiritum
582 3436 781 3493 Christi
801 3434 1146 3504 confitentur,
1175 3451 1398 3493 necesse
1417 3436 1670 3511 estquod
1698 3435 1926 3492 ulterius
1944 3435 2158 3492 discant
2184 3450 2309 3492 eum

304 3537 424 3579 esse
455 3540 486 3581 a
519 3524 652 3580 Filio
681 3523 750 3580 ab
774 3531 1002 3580 aeterno.

569 3810 574 3814 ἢ
667 3716 845 3793 Quod
863 3716 1074 3779 Filius
1093 3716 1289 3780 mittit
1314 3717 1621 3797 Spiritum
1647 3724 1942 3807 sanetum.

375 3876 634 3933 Similiter
679 3884 862 3933 autem
909 3884 1060 3948 patet
1101 3892 1167 3933 ex
1205 3846 1535 3935 auctoritate
1580 3894 1751 3937 sacrae
1795 3846 2109 3952 Scripturae,
2144 3843 2305 3953 'duod

310 3962 474 4020 Filius
525 3966 694 4021 mittit
737 3962 999 4037 Spiritum
1040 3972 1310 4023 sanctum.
1356 3965 1569 4023 Dicitur
1606 3968 1751 4023 enim
1788 3968 1941 4025 Joan.
1988 3984 2065 4024 xv
2111 3983 2233 4041 cap.
2288 3987 2300 4023 :
