2850 4517
522 334 643 403 400
1002 354 1056 401 s.
1099 352 1335 399 'rfloMAE
1371 352 1703 404 Aommns
1743 353 2058 400 omiserim

525 474 579 529 in
604 472 969 530 determinata
1004 457 1234 528 materia
1262 470 1333 528 ab
1360 469 1546 545 aliquo
1577 470 2000 552 praesupposita,
2039 471 2197 544 cujus
2225 474 2368 530 r'atio
2401 481 2488 532 est
2528 515 2548 532 .

524 562 655 636 quia
689 562 865 619 virtus
902 576 1002 618 sua
1024 566 1110 617 est
1146 559 1513 631 determinata
1541 559 1610 617 ad
1650 560 1882 617 formam
1914 566 2148 631 tantum,
2187 568 2246 616 et
2274 562 2398 620 ideo
2431 579 2548 631 non

524 656 705 725 potest
746 667 866 708 esse
902 666 1070 709 causa
1098 642 1213 706 nisi‘
1243 648 1405 723 hujus
1438 648 1650 707 sormae.
1688 650 1839 705 Deus
1882 654 2067 707 autem
2099 657 2186 708 est
2213 652 2548 711 universalis

524 750 691 798 causa
715 740 957 797 omnium
982 755 1185 806 rerum,
1218 746 1273 795 et
1302 755 1411 797 non
1438 738 1614 795 solum
1637 744 1789 795 creat
1815 738 2066 807 formam,
2095 740 2193 797 sed
2220 742 2387 799 etiam
2416 759 2546 800 ma-

524 830 741 895 teriam,
774 828 919 885 unde
958 834 1015 884 et
1040 828 1111 889 de
1138 826 1306 883 nihilo
1345 826 1530 882 omnia
1565 825 1696 883 fecit
1729 842 1743 881 z
1788 832 1844 882 et
1882 825 2005 883 ideo
2041 826 2115 883 ad
2147 818 2546 888 removendum

523 917 672 975 hunc
694 933 951 979 errorem,
978 916 1183 974 dicitur
1210 933 1225 972 ι
1262 914 1572 974 Creatorem
1595 914 1708 971 coeli
1731 921 1782 972 et
1809 921 1995 972 terrae.
2026 916 2090 971 In
2126 916 2231 973 hoc
2258 918 2402 975 enim
2429 920 2547 976 dif-

522 1007 709 1063 ferunt
744 1021 931 1063 creare
972 1012 1029 1061 et
1058 1005 1255 1073 facere,
1292 1006 1425 1078 quia
1451 1020 1642 1061 creare
1677 1009 1764 1060 est
1790 1002 1859 1059 de
1888 1003 2058 1060 nihilo
2088 1004 2298 1079 aliquid
2335 1006 2543 1078 facere,

525 1096 706 1153 facere
734 1101 919 1152 autem
943 1100 1027 1151 est
1054 1093 1123 1151 de
1151 1094 1336 1168 aliquo
1361 1092 1570 1167 aliquid
1591 1090 1798 1150 ¹facere.
1830 1093 1887 1149 Si
1926 1108 2059 1167 ergo
2093 1110 2160 1161 ex
2189 1095 2358 1153 nihilo
2384 1098 2543 1167 fecit,

525 1185 858 1242 caedendum
878 1190 963 1241 est
986 1184 1131 1257 quod
1150 1182 1349 1242 iterum
1369 1190 1552 1256 posset
1577 1183 1761 1239 omnia
1785 1181 1985 1251 facere,
2013 1183 2063 1239 si
2086 1184 2500 1243 destruerentur
2524 1205 2544 1245 z

528 1274 672 1330 unde
718 1277 897 1346 potest
942 1288 1153 1331 caecum
1197 1271 1524 1341 illuminare,
1569 1278 1848 1328 mortuum
1889 1272 2176 1341 suscitare,
2223 1280 2332 1331 etc.
2373 1291 2547 1348 opera

527 1362 854 1420 miraculosa
881 1361 1062 1419 facere
1090 1362 1255 1433 :Sap.
1286 1376 1376 1418 xn
1400 1377 1413 1415 ε
1440 1359 1621 1417 Subest
1647 1360 1786 1415 euim
1810 1359 1932 1427 tibi,
1951 1371 2076 1417 ‘cum
2097 1362 2347 1429 volueris,
2363 1377 2544 1436 posse.

450 1486 457 1492 -
527 1452 605 1507 Ex
630 1450 957 1522 *hujusmodi
992 1456 1177 1506 autem
1218 1448 1656 1505 consideratione
1682 1446 1843 1505 homo
1880 1447 2136 1521 dirigitur
2163 1450 2231 1507 ad
2269 1444 2543 1527 quinque.

527 1540 727 1607 Primo,
768 1538 842 1604 ‘ad
872 1537 1240 1610 cognitionem
1276 1535 1480 1593 divinae
1509 1537 1833 1608 maJestatiS,
1869 1553 1992 1595 nam
2019 1538 2188 1595 factor
2215 1543 2550 1611 praeeminet

526 1628 689 1687 factis
734 1642 750 1683 t
802 1625 944 1683 unde
972 1626 1103 1700 quia
1141 1627 1287 1683 Deus
1314 1630 1399 1681 est
1440 1624 1616 1682 factor
1645 1626 1890 1682 omnium
1927 1642 2123 1694 rerum,
2153 1636 2368 1687 constat
2403 1647 2546 1688 eum

526 1715 941 1776 eminentiorem
971 1714 1220 1771 omnibus
1258 1713 1439 1771 rebus·
1468 1714 1597 1787 Sap.
1629 1729 1744 1771 xm
1774 1731 1788 1769 :
1819 1714 2058 1781 Quorum
2082 1722 2131 1773 et
2159 1716 2209 1773 si
2243 1717 2410 1790 specie
2441 1719 2548 1775 de-

513 1804 708 1865 'lectati
729 1805 865 1861 Deos
884 1810 1233 1878 putaverunt,
1259 1804 1432 1859 sciant
1461 1810 1658 1876 quanto
1697 1804 1780 1861 his
1803 1803 2108 1862 dominator
2133 1822 2316 1862 eorum
2337 1807 2547 1881 specio·-

525 1898 641 1953 sior
667 1900 763 1953 est.
788 1898 907 1953 Aut
939 1893 991 1951 si
1014 1894 1271 1951 virtutem
1294 1899 1345 1949 et
1370 1908 1536 1966 opera
1558 1908 1743 1949 eorum
1771 1892 1967 1949 mirati
1989 1902 2136 1960 sunt,
2163 1902 2214 1953 et
2236 1896 2548 1969 intelligant

526 1984 598 2042 ab·
632 1985 763 2052 illis,
792 1969 1042 2058 quoniam
1075 1982 1166 2055 qui
1200 1984 1310 2039 hoee
1332 1982 1482 2055 fecit,
1524 1980 1727 2054 fortior
1753 1990 1830 2041 est
1869 1983 1998 2050 illis,
2037 1990 2091 2041 et
2117 1984 2240 2055 iude
2268 1992 2363 2051 est,
2403 1986 2549 2059 quod

528 2074 787 2149 quidquid
805 2081 976 2148 potest
990 2073 1239 2146 intelliyi,
1264 2073 1344 2129 vel
1356 2071 1607 2145 coyituri,
1625 2071 1801 2129 miuus
1815 2080 1892 2131 est
1905 2072 2018 2145 ipso
2037 2074 2168 2131 Deo.
2190 2074 2294 2131 Job
2315 2091 2544 2134 xxxvr:

529 2165 663 2221 Ecee
706 2165 848 2222 Deus
881 2178 1127 2236 mayuus,
1165 2162 1376 2219 vincens
1414 2160 1692 2219 scientium
1725 2168 1987 2219 nostram.
2034 2163 2285 2220 Secundo
2327 2181 2396 2221 ex
2440 2165 2550 2225 hoc

478 2252 487 2257 ’
529 2250 786 2327 dirigitur
826 2252 898 2310 ad
938 2252 1242 2325 gratiarum
1270 2250 1543 2309 actionem
1593 2267 1608 2306 ε
1657 2250 1788 2323 quia
1815 2250 1961 2307 enim
2003 2251 2156 2308 Deus
2201 2260 2287 2309 est
2325 2264 2550 2313 creator

531 2340 775 2398 omnium
802 2356 1005 2408 rerum,
1044 2346 1257 2397 certum
1298 2345 1383 2395 est
1424 2339 1573 2413 quod
1615 2337 1884 2412 quidquid
1921 2355 2128 2409 sumus,
2172 2348 2229 2397 ot
2273 2338 2550 2417 quidquid

529 2423 794 2485 habemus
822 2445 856 2486 a
887 2430 1001 2485 Deo
1030 2434 1135 2485 est.
1166 2432 1305 2501 Ap0.
1332 2427 1576 2485 Corinth.
1609 2443 1668 2484 iv
1699 2444 1714 2483 ι
1747 2426 1888 2495 Quid
1915 2429 2070 2486 habes
2096 2430 2238 2503 quod
2263 2447 2370 2488 uon
2391 2450 2550 2491 acee-

524 2515 701 2590 pisti?
724 2516 866 2573 Psal.
894 2531 1049 2575 xxm
1080 2533 1095 2573 ι
1126 2515 1345 2572 Domini
1366 2522 1441 2573 est
1467 2524 1640 2583 terro,
1669 2524 1722 2575 et
1745 2516 2020 2590 plenitudo
2043 2518 2177 2591 ejus,
2203 2525 2312 2577 etc.
2334 2529 2391 2579 ot
2409 2522 2546 2581 ideo

530 2606 794 2665 debemus
821 2606 873 2663 ei
908 2605 1139 2663 reddere
1166 2605 1470 2678 gratiarum
1503 2606 1942 2665 actiones-'Psah
1983 2623 2096 2666 cxv
2131 2626 2147 2665 ι
2193 2610 2336 2677 Quid
2369 2613 2552 2671 retri-

530 2694 689 2753 buam
715 2694 941 2753 Domino
975 2710 1081 2769 pro
1114 2694 1353 2752 omuibus
1376 2710 1492 2768 quoe
1529 2695 1785 2753 retribuit
1813 2696 1990 2753 mihi?
2017 2698 2226 2769 Tertio,
2265 2699 2552 2759 inducitur

521 2786 603 2849 „ad
643 2784 981 2859 patientiam·
1006 2782 1061 2841 in
1091 2784 1356 2842 adversis).
1395 2786 1536 2842 Nam
1573 2784 1703 2841 licet
1729 2786 1906 2843 omnis
1941 2795 2191 2845 creatura
2223 2788 2297 2847 sit
2333 2805 2367 2847 a
2403 2791 2546 2859 Deo,

530 2881 587 2933 et
620 2889 687 2931 ex
725 2873 831 2931 hoc
856 2872 930 2931 sit
956 2872 1101 2931 bona
1130 2872 1432 2931 secundum
1476 2887 1632 2931 suam
1659 2879 1934 2942 naturam,
1969 2882 2150 2933 tamen
2180 2878 2228 2936 si
2257 2877 2314 2933 in
2355 2878 2550 2952 aliquo

434 3042 437 3045 ἦ
530 2960 729 3021 noceat
754 2968 811 3024 et
835 2961 1036 3021 inferat
1064 2963 1219 3019 nobis
1245 2978 1484 3037 poenam,
1515 2962 1778 3021 debemus
1809 2963 2035 3021 credere
2063 2964 2222 3038 quod
2243 2965 2336 3023 illa
2378 2983 2552 3039 poena

530 3053 605 3109 sit
636 3068 670 3112 a
713 3054 851 3119 Deo,⁴
878 3067 986 3109 non
1014 3058 1199 3109 tamen
1239 3050 1420 3126 culpa,
1453 3052 1583 3125 quia
1611 3051 1820 3108 nullum
1854 3052 2058 3111 malum
2086 3059 2172 3109 est
2208 3070 2243 3112 a
2270 3056 2406 3123 Dee,
2437 3057 2552 3114 nisi

426 3183 435 3188 .
530 3140 679 3216 quod
714 3142 997 3198 ordinatur
1036 3140 1108 3199 ad
1134 3141 1339 3198 bonum·
1388 3157 1401 3195 ε
1434 3146 1490 3198 ει
1530 3141 1655 3199 ideo
1699 3142 1746 3197 si
1789 3142 1964 3199 omnis
1992 3158 2156 3215 poena
2181 3160 2351 3217 quam
2379 3144 2550 3202 homo

530 3230 742 3299 suffert,
776 3239 857 3287 est
889 3244 923 3287 a
958 3231 1091 3299 Deo,
1119 3229 1283 3287 debet
1310 3230 1582 3303 patienter
1603 3229 1898 3288 sustinere.
1929 3232 2070 3289 Nam
2097 3248 2278 3305 poenae
2305 3242 2554 3307 purgant

529 3325 779 3395 peccata,
796 3317 1085 3376 humiliant
1108 3334 1251 3387 reos,
1280 3324 1586 3391 provocant
1608 3318 1779 3376 bonos
1803 3318 1873 3375 ad
1898 3335 2143 3377 amorem
2167 3321 2288 3378 Dei.
2313 3322 2438 3379 Job.
2469 3339 2511 3381 11
2531 3341 2550 3380 z

528 3406 591 3465 si
616 3408 751 3464 bona
772 3407 1092 3480 suscepimus
1122 3408 1185 3463 de
1205 3423 1371 3465 manu
1397 3406 1638 3480 Domini,
1661 3409 1804 3465 mala
1827 3414 2014 3468 autem.
2039 3425 2206 3482 quare
2245 3427 2356 3467 uon
2375 3411 2554 3469 susti-

530 3499 791 3556 neamus?
816 3497 1023 3568 Quarto
1051 3496 1359 3569 inducimur
1387 3496 1458 3555 ad
1482 3505 1632 3555 recte
1658 3498 1922 3556 utendum
1947 3498 2110 3555 rebus
2137 3500 2344 3557 creatis
2372 3518 2386 3556 :
2419 3516 2554 3560 nam

531 3586 799 3644 creaturis
826 3586 1085 3643 debemus
1124 3586 1204 3641 uti
1242 3586 1314 3643 ad
1353 3584 1478 3657 hoc,
1523 3585 1595 3643 ad
1621 3586 1769 3661 quod
1800 3586 1963 3645 factae
1991 3596 2117 3645 sunt
2159 3605 2192 3646 a
2229 3592 2364 3648 Deo.
2409 3591 2556 3649 Sunt

530 3681 717 3731 autem
739 3675 901 3733 factae
924 3676 994 3733 ad
1014 3676 1141 3743 duo,
1168 3674 1377 3731 seilicet
1400 3675 1470 3733 ad
1491 3676 1722 3748 gloriam
1741 3676 1838 3732 Dei
1847 3675 2015 3749 ,quia
2035 3670 2291 3734 universa
2315 3685 2559 3752 propter

532 3764 907 3837 semetipsum,
954 3764 1011 3821 id
1057 3769 1160 3833 ost,
1206 3763 1277 3819 ud
1313 3764 1544 3837 yloriam
1581 3780 1734 3822 suam
1767 3771 2022 3839 operatur
2065 3772 2144 3823 est
2169 3766 2460 3834 Dominus,
2489 3775 2561 3825 ut

534 3849 735 3923 dicitur
758 3852 1101 3927 Proverbior.
1131 3867 1255 3923 xvi,
1288 3860 1344 3911 et
1367 3856 1438 3913 ad
1474 3852 1770 3913 utilitatem
1797 3861 2063 3913 nostram.
2097 3857 2402 3915 Deuteron
2429 3872 2494 3914 lv
2535 3873 2554 3915 :

469 3914 666 4013 οἰιὰέ
700 3932 833 4011 'feeit
869 3941 1130 4003 Dominms
1177 3944 1320 4003 Deus
1363 3950 1488 4003 tuus
1526 3944 1592 4001 iu·
1629 3941 1993 4003 ministerium
2034 3940 2244 4005 eunetis*
2273 3945 2556 4021 uentibus.
