2850 4517
746 389 814 431 11.
860 405 943 419 —
980 391 1364 436 nncLAnAno
1406 394 1650 438 com-BA
1698 398 1956 442 oRAEcos
2235 386 2357 445 235

351 496 661 571 spiritualia
698 497 843 556 bona
887 501 1294 573 praetermittat.
1324 503 1444 560 Hoc
1486 520 1621 577 ergo
1667 505 1854 564 decuit
1904 508 2003 565 Dei
2053 509 2249 567 Filium
2303 505 2355 567 in

352 592 633 660 assumpta
669 586 905 644 hominis
944 595 1139 646 natura
1178 591 1468 648 ostendere
1503 609 1601 666 per
1637 592 1707 650 ea'
1745 611 1872 668 quae
1911 596 2040 653 fecit
2072 607 2127 654 et
2162 615 2357 672 passus

350 683 451 742 est,
482 681 547 730 ut
572 675 822 734 homines
858 678 1183 753 temporalia
1212 679 1373 748 bona,
1407 681 1493 737 vel
1541 681 1683 740 mala
1721 700 1821 757 pro
1867 685 2034 742 nihilo
2073 688 2352 758 ducerent,

348 779 417 820 ne
461 765 533 821 ab
578 779 770 822 eorum
818 767 1130 838 inordinato
1187 769 1384 826 affectu
1411 771 1702 845 impediti,
1752 773 2126 844 spiritualibus
2175 776 2358 832 minus

348 852 519 910 dediti
557 860 761 911 esseut.
792 855 949 912 Unde
974 855 1225 914 Christus
1252 874 1524 932 pauperes
1563 868 1821 934 parentes
1866 861 2050 934 elegit,
2079 869 2136 920 et
2173 870 2356 920 tamen

346 942 552 998 virtute
586 942 879 1017 perfectos,
910 960 981 1000 ne
1012 947 1139 1019 quis
1174 945 1245 1003 de
1281 947 1399 1003 sola
1435 949 1619 1011 carnis
1656 949 1958 1014 nobilitate,
1989 957 2044 1006 et
2069 963 2356 1025 parentum

345 1029 555 1087 divitiis
576 1031 858 1104 glorietur.
888 1033 1191 1106 Pauperem
1212 1034 1383 1092 vitam
1408 1038 1598 1108 gessit,
1631 1043 1693 1094 ut
1715 1038 1941 1095 divitias
1969 1041 2192 1096 doceret
2216 1032 2354 1097 con-

346 1127 611 1176 temnere.
637 1121 889 1179 Privatus
919 1122 1125 1196 absque
1172 1124 1442 1196 dignitate
1475 1125 1632 1192 vixit,
1661 1133 1720 1181 ut
1749 1125 1996 1183 homines
2035 1126 2105 1183 ab
2143 1129 2354 1184 inordi-

344 1215 473 1266 nato
498 1209 697 1266 horum
726 1211 972 1284 appetitu
1001 1219 1306 1270 revocaret.
1333 1213 1618 1280 Laborem,
1646 1215 1816 1281 sitim,
1846 1214 2064 1283 samem,
2081 1222 2137 1272 et
2156 1233 2356 1289 corpo-

342 1299 419 1354 ris
443 1295 665 1370 flagella
693 1299 975 1368 sustinuit,
1000 1316 1067 1356 ne
1096 1299 1344 1358 homines
1369 1300 1748 1376 voluptatibus
1790 1311 1846 1359 et
1874 1304 2088 1360 deliciis
2131 1306 2348 1371 intenti,

343 1395 569 1461 propter
594 1389 923 1461 asperitates
949 1389 1113 1461 hujus
1146 1391 1278 1446 vitae
1308 1391 1718 1448 retraherentur
1744 1407 1777 1448 a
1806 1391 1948 1448 bono
1992 1393 2237 1450 virtutis.
2269 1393 2352 1450 Ad

342 1482 648 1532 extremum
672 1477 931 1534 sustinuit
967 1486 1218 1546 mortem,
1244 1495 1317 1536 ne
1362 1487 1588 1553 propter
1625 1481 1818 1536 mortis
1862 1480 2110 1537 timorem
2154 1482 2352 1554 aliquis

341 1565 635 1637 veritatem
688 1566 985 1622 desereret.
1024 1566 1093 1623 Et
1142 1582 1213 1623 ne
1264 1567 1466 1642 aliquis
1505 1583 1606 1641 pro
1650 1569 1887 1626 veritate
1933 1570 2352 1644 vituperabilem

340 1661 574 1709 mortem
607 1653 846 1720 timeret,
878 1653 1462 1726 exprobrantissimum
1495 1671 1666 1726 genus
1702 1657 1896 1712 mortis
1923 1656 2106 1729 elegit,
2139 1658 2350 1714 scilicet

337 1739 540 1798 crucis·
566 1740 657 1798 Sic
694 1756 914 1814 quoque
941 1743 1273 1797 conveniens
1309 1741 1414 1798 fuit
1441 1743 1638 1799 Filium
1684 1745 1784 1798 Dei
1830 1745 2101 1800 hominem
2144 1745 2350 1802 sactum

336 1837 577 1888 mortem
602 1830 733 1902 pati,
763 1837 826 1885 ut
848 1829 934 1885 sui
962 1830 1212 1902 exemplo
1244 1830 1494 1886 homines
1520 1821 1843 1904 provocaret
1874 1833 1940 1887 ad
1975 1835 2256 1900 virtutem,
2291 1841 2380 1890 ut·

332 1919 419 1973 sic
455 1932 653 1971 verum
685 1916 759 1970 sit
786 1915 934 1988 quod
971 1917 1167 1972 'Petrus
1210 1915 1363 1982 dicit,
1399 1918 1446 1972 1.
1472 1919 1618 1974 Petr.
1645 1934 1691 1974 11
1728 1935 1740 1972 z
1774 1919 2022 1974 Christus
2051 1937 2241 1991 passus
2276 1931 2348 1976 est

326 2021 439 2078 pro
472 2001 641 2070 nobis,
671 2003 813 2060 vobis
839 2003 1141 2076 relinquens
1178 2005 1491 2077 exemplum,
1517 2013 1580 2062 ut
1616 2005 1912 2079 sequamini
1954 2008 2174 2078 vestiyia
2214 2010 2346 2080 ejus.

329 2093 551 2150 Deinde
576 2092 709 2164 quia
738 2092 1049 2149 hominibus
1077 2094 1144 2150 ad
1164 2095 1401 2150 salutem
1423 2095 1730 2153 necessaria
1759 2101 1842 2150 est
1867 2110 1974 2150 non
2009 2096 2352 2152 solum-con·-

334 2179 581 2240 versatio
625 2186 796 2249 recta,
840 2197 939 2254 per
984 2197 1150 2255 quam
1190 2181 1438 2239 vitantur
1472 2191 1721 2256 peccata,
1764 2183 1861 2238 sed
1901 2185 2068 2238 etiam
2111 2185 2349 2256 cognitio

334 2270 608 2340 veritatis,
640 2285 738 2342 per
779 2283 946 2342 quam
986 2271 1235 2328 vitantur
1272 2286 1520 2340 errores;
1565 2271 1634 2327 ad
1677 2271 2080 2344 reparationem
2126 2272 2346 2329 humani

337 2358 555 2430 generis
601 2359 971 2415 necessarium
1012 2357 1117 2415 fuit
1164 2365 1227 2415 ut
1268 2359 1612 2430 unigenitum
1653 2361 1751 2416 Dei
1811 2360 2047 2418 Verbum
2095 2371 2347 2419 naturam

336 2447 633 2504 humanam
657 2461 960 2515 assumens,
993 2447 1050 2505 in
1078 2453 1232 2505 certa
1268 2449 1521 2506 veritatis
1553 2449 1866 2521 cognitione
1909 2451 2152 2508 firmaret
2197 2453 2350 2507 veri«

338 2540 531 2592 tatem.
560 2536 791 2593 Veritati
830 2544 1017 2594 autem
1053 2553 1180 2610 quae
1222 2536 1453 2594 docetur
1497 2553 1597 2611 per
1636 2538 1933 2607 bominem,
1975 2555 2082 2596 non
2124 2542 2346 2597 omnino

338 2624 492 2682 firma
518 2624 816 2682 credulitas
838 2624 1210 2691 adhiberetur,
1230 2625 1361 2698 quia
1389 2626 1551 2681 homo
1575 2625 1756 2700 decipi
1779 2635 1835 2682 et
1863 2628 2116 2700 decipere
2138 2635 2342 2700 potest,

338 2713 429 2770 sed
454 2729 489 2769 a
514 2713 630 2769 solo
659 2714 772 2771 Deo
801 2714 1009 2787 absque
1037 2713 1183 2768 omni
1210 2712 1554 2769 dubitatione
1586 2713 1842 2770 veritatis
1868 2717 2110 2786 cognitio
2141 2716 2346 2772 conflr-

336 2810 542 2858 matur.
561 2800 653 2859 Sic
680 2817 809 2874 ergo
841 2801 1084 2873 oportuit
1122 2799 1223 2854 Dei
1260 2799 1430 2855 filium
1467 2799 1744 2857 hominem
1785 2803 1992 2858 factum
2037 2804 2343 2859 doctrinam

272 2923 279 2930 -
338 2889 541 2948 divinae
563 2891 816 2948 veritatis
846 2887 1157 2946 hominibus
1179 2901 1503 2959 proponere,
1537 2897 1600 2944 ut
1625 2888 1938 2945 ostenderet
1965 2889 2108 2945 banc
2142 2890 2344 2946 divini-

339 2985 423 3035 tus
446 2995 559 3036 non
586 2978 901 3036 humanitus
928 2992 1067 3044 esse,
1093 2985 1149 3034 et
1178 2975 1281 3032 hoc
1308 2976 1551 3032 ostendit
1584 2975 1640 3031 in
1667 2976 2056 3032 miraculorum
2093 2976 2346 3034 multitu-

338 3065 482 3124 dIne.
531 3067 793 3142 Operanti
844 3067 993 3124 enim
1040 3081 1109 3138 ea
1150 3081 1276 3140 quae
1324 3064 1474 3121 solus
1529 3064 1675 3121 Deus
1715 3063 1896 3121 facere
1940 3072 2142 3139 potest,
2188 3074 2341 3140 puta,

337 3167 583 3214 mortuos
618 3156 954 3224 suscitando,
985 3171 1163 3213 caecos
1194 3154 1550 3212 illuminando
1593 3162 1700 3211 etc.
1749 3155 2080 3212 credendum
2116 3161 2236 3213 era‘t
2285 3167 2344 3214 ut

338 3261 433 3316 per
478 3246 656 3302 Deum
710 3244 1043 3319 loqueretur.
1091 3243 1198 3302 Sed
1241 3245 1372 3318 quia
1418 3243 1683 3301 miracula
1723 3245 1861 3315 ejus,
1902 3245 1995 3317 qui
2043 3254 2345 3319 praesentes

339 3333 586 3405 aderant,
626 3334 815 3392 videre
849 3342 1165 3409 potuerunt,
1209 3349 1279 3390 ne
1321 3349 1355 3392 a
1398 3335 1632 3407 posteris
1677 3334 2032 3390 crederentur
2083 3334 2338 3410 conficta,

340 3429 530 3478 contra
559 3422 665 3482 hoc
685 3421 872 3481 divina
899 3423 1170 3495 sapientia
1197 3423 1504 3480 remedium
1529 3422 1774 3481 exhibuit
1802 3438 1900 3496 per
1939 3421 2142 3479 Christi
2184 3423 2344 3478 intir-

340 3509 608 3568 mitatem.
643 3511 701 3568 Si
734 3513 880 3568 enim
924 3511 1153 3568 vixisset
1186 3511 1359 3580 dives,
1392 3518 1603 3585 potens,
1634 3518 1692 3568 et
1738 3512 1793 3567 in
1837 3525 2032 3582 magna
2072 3511 2342 3582 dignitate

340 3601 689 3670 constitutus,
706 3601 857 3658 credi
885 3602 1156 3674 potuisset
1180 3602 1324 3674 quod
1345 3600 1596 3658 doctrina
1620 3603 1666 3674 ej
1676 3617 1756 3667 uS,
1785 3607 1843 3657 et
1864 3599 2130 3655 miracula
2153 3598 2340 3656 favore

338 3686 637 3759 hominum,
669 3697 727 3747 et
749 3696 1023 3764 potestate
1046 3688 1284 3745 humana
1311 3688 1542 3746 fuissent
1570 3695 1810 3764 recepta.
1827 3689 1896 3745 Et
1921 3688 2046 3745 ideo
2071 3693 2133 3743 ut
2159 3685 2340 3758 palam

338 3775 493 3835 fieret
522 3770 661 3854 opus
702 3779 905 3836 divinae
949 3776 1192 3848 virtutis,
1217 3777 1401 3835 omnia
1448 3779 1661 3852 abjecta
1706 3783 1765 3834 et
1805 3777 1990 3834 infima
2037 3778 2094 3832 in
2139 3776 2339 3832 mundo

340 3865 519 3938 elegit,
543 3884 845 3945 pauperem
874 3874 1127 3939 matrem,
1158 3873 1215 3925 et
1236 3866 1409 3925 vitam
1439 3867 1673 3941 inopem,
1706 3867 2004 3940 discipulos
2032 3872 2088 3922 et
2113 3866 2338 3924 nuntios

246 4029 250 4033 ι
340 3949 555 4028 idiotae,
588 3955 871 4032 reprobari
892 3965 949 4016 et
980 3957 1338 4018 ,condemnari
1364 3972 1540 4032 usque
1565 3957 1635 4014 ad
1665 3965 1896 4015 mortem
1920 3971 1954 4014 a
1990 3956 2338 4028 magnatibus
