2850 4517
562 343 649 388 ιν.
678 359 758 374 ——
784 336 863 390 nn
904 337 1325 392 &astructione
1365 343 1534 392 vri-An
1584 347 1957 394 semu-name
2143 327 2267 394 307

264 459 403 516 unde
425 459 531 517 hoc
557 459 881 520 beneficium
910 462 1071 520 victis
1107 468 1165 519 et
1190 462 1494 520 victoribus
1530 469 1843 535 praest‘atur,
1883 471 1946 521 ut
1981 463 2112 528 v‘itae
2139 480 2269 538 par.-

260 554 446 606 centes
483 558 810 608 conservent
837 551 1092 609 servituti
1132 552 1429 625 subjectos·
1463 552 1620 609 Unde·
1661 553 1831 609 Satan
1867 552 1946 609 ad·
1974 552 2267 610 Dominum

259 636 416 705 dixit,
449 643 511 694 ut
538 637 771 695 habetur
798 639 902 696 Job
948 655 993 697 ιι
1030 640 1266 698 :Pellem
1302 657 1408 712 pro
1452 641 1608 714 pelle,
1650 647 1701 696 et
1743 646 1934 697 cuneta
1974 657 2090 713 quae
2113 642 2268 699 habet

257 727 403 781 homo
441 726 589 784 dabit
623 744 730 800 pro
768 728 950 785 animo
986 745 1107 796 sua,
1154 729 1341 796 idest,
1388 745 1489 802 pro·
1532 727 1812 802 corporali·
1833 729 1948 786 vita
1974 730 2267 788 servanda.

256 815 403 871 Inter
430 815 539 873 alia
566 824 753 873 autem
780 817 1230 892 quantoaliquid
1268 817 1446 891 magis
1473 817 1797 877 naturaliter
1830 823 2067 888 amatur,
2116 825 2270 877 tanto

255 902 552 974 perfectius
578 905 948 962 contemnitur
981 912 1204 978 propter
1232 906 1529 963 Christum.
1561 903 1709 962 Nihil
1751 906 1897 962 enim
1935 912 2021 964 est
2059 904 2270 963 homini

254 992 546 1048 amabilius
585 993 843 1052 libertate
878 994 1114 1068 propriae
1138 994 1459 1053 voluntatis.
1503 997 1605 1052 Per
1631 994 1774 1052 hanc
1805 995 1952 1052 enim
1980 995 2142 1052 ho’mo
2184 1002 2269 1052 est

256 1078 487 1137 aliorum
508 1083 783 1150 dominus,
802 1099 899 1156 per
921 1083 1065 1140 hanc
1088 1083 1211 1141 aliis
1227 1084 1327 1152 uti,
1349 1084 1438 1142 vel
1456 1083 1562 1140 frui
1587 1088 1788 1157 potest,
1817 1100 1914 1156 per
1933 1083 2078 1141 lianc
2100 1084 2267 1142 etiam

254 1166 469 1224 actibus
496 1169 613 1226 suis
637 1169 971 1228 dominatur.
1015 1171 1171 1228 Unde
1210 1171 1355 1229 sicut
1382 1171 1546 1228 homo
1581 1169 1866 1228 dimittens
1902 1169 2146 1240 divitias,
2179 1172 2269 1229 vel

251 1261 515 1324 personas
534 1259 857 1332 conjunctas
880 1275 976 1316 eas
1002 1258 1239 1332 abnegat
1264 1277 1279 1314 z
1307 1259 1388 1318 ita
1414 1259 1676 1317 deserens
1698 1259 1936 1332 propriae
1962 1259 2266 1318 voluntatis

250 1347 563 1415 arbitrium,
592 1363 689 1420 per
715 1348 863 1422 quod
901 1349 1017 1421 ipse
1045 1349 1133 1404 sui
1171 1348 1345 1421 ipsius
1380 1347 1636 1407 dominus
1674 1355 1779 1416 est,
1809 1348 2050 1421 seipsum
2089 1349 2265 1406 abne-

248 1453 383 1508 gare
415 1437 710 1498 invenitur.
741 1437 887 1494 Nihil
913 1446 997 1494 est
1026 1439 1193 1496 etiam
1217 1438 1366 1514 quod
1405 1437 1570 1496 homo
1593 1438 1834 1496 naturali
1863 1439 2064 1496 affectu
2088 1440 2266 1512 magis

246 1527 491 1598 refugiat
537 1543 702 1600 quam
744 1528 1065 1584 servitutem
1098 1545 1112 1581 ε
1143 1528 1288 1584 unde
1325 1533 1383 1584 et
1423 1527 1560 1586 nibil
1601 1534 1785 1600 posset
1811 1527 1975 1585 homo
2019 1543 2118 1600 pro
2158 1527 2268 1585 alio

246 1614 487 1690 anplius
502 1614 825 1688 'impendere
847 1620 974 1688 post
994 1614 1101 1671 hoc
1121 1615 1271 1686 quod
1296 1615 1540 1687 seipsum
1563 1615 1626 1670 'in
1655 1621 1886 1672 mortem
1911 1631 2010 1688 pro
2038 1630 2104 1672 eo
2147 1621 2268 1674 tra·-

244 1703 434 1774 ἀει-οι,
475 1720 640 1778 quam
663 1704 812 1778 quod
858 1719 919 1760 se
946 1703 1203 1758 servituti
1242 1703 1361 1774 ejus
1392 1701 1732 1774 subjugaret,
1758 1702 1922 1768 unde,
1951 1708 2014 1758 ut
2040 1703 2272 1776 dicitur,

244 1793 441 1848 Tobiae
468 1808 562 1861 nt,
576 1793 779 1850 Tobiae
808 1791 995 1863 junior
1022 1791 1163 1847 dixit
1190 1790 1263 1846 ad
1302 1789 1573 1862 Angelum
1616 1806 1630 1844 z
1673 1789 1736 1846 Si
1774 1788 2026 1862 meipsum
2051 1791 2268 1846 tradam

244 1881 340 1937 tibi
385 1897 625 1945 servum,
668 1896 778 1940 m
821 1895 913 1935 ero
957 1875 1249 1950 condignus
1279 1877 1636 1951 providentioe
1682 1884 1810 1934 tuce.
1859 1878 2032 1948 Hujus
2077 1886 2266 1934 autem

242 1969 557 2028 voluntatis
584 1966 895 2032 libet-mm
920 1966 1089 2041 aliqui
1121 1966 1222 2024 sibi
1252 1971 1478 2040 propter
1506 1967 1681 2022 Deum
1706 1964 2116 2038 particulariter
2143 1966 2269 2023 adi-·

242 2063 429 2125 munt,
460 2055 592 2113 dum
625 2055 1013 2134 quodcunque
1036 2054 1369 2128 particulare
1390 2059 1582 2112 votum
1605 2054 1864 2112 emittunt
1891 2053 1961 2111 de
1999 2060 2272 2128 quocum-

242 2163 355 2218 que
372 2143 649 2211 faciendo,
666 2142 754 2200 vel
769 2156 878 2199 non
902 2141 1177 2208 faciendo.
1199 2143 1301 2198 Per
1323 2148 1514 2198 votum
1534 2141 1680 2199 enim
1695 2141 1998 2199 necessitas
2015 2141 2270 2215 quaedam

242 2233 555 2317 imponitur
589 2232 831 2300 voventi,
876 2239 940 2289 ut
980 2232 1051 2288 de
1087 2238 1289 2298 antero
1329 2246 1440 2288 non
1485 2230 1648 2288 liceat
1675 2230 1824 2304 quod
1864 2231 2015 2303 prius
2044 2231 2266 2299 licebat,

244 2325 343 2380 sed
398 2321 636 2396 quadam
674 2311 1001 2390 necessitate
1025 2321 1417 2394 constringitur
1446 2320 1517 2378 ad
1551 2319 1895 2376 reddendum
1913 2321 2061 2393 quod
2092 2322 2264 2389 vovit,

248 2413 401 2470 unde
443 2412 501 2466 in
536 2410 685 2480 psal..
712 2426 825 2466 nxv
866 2409 1117 2467 dicitnr:
1147 2408 1381 2470 Redaehm
1408 2407 1508 2467 tibi
1529 2415 1652 2466 vota
1676 2425 1813 2474 mea,
1856 2425 1972 2481 quae
1999 2409 2269 2467 distinxe-

247 2507 391 2558 runt
425 2498 571 2556 labia
612 2515 749 2554 mea.
782 2498 851 2554 Et
890 2498 1201 2556 EccleS.1v
1245 2497 1351 2554 :Si
1372 2495 1501 2570 quid
1540 2496 1732 2554 vovisti
1760 2497 1892 2563 Deo,
1933 2514 1999 2554 ne
2040 2499 2270 2556 moi-eris

250 2587 515 2646 reddere:
542 2587 831 2660 disciplieet
854 2587 997 2643 enim
1020 2586 1071 2642 ei
1087 2585 1321 2657 infidelis
1342 2592 1395 2642 et
1415 2585 1584 2645 stulta
1599 2585 1904 2657 promissio.
1932 2585 2118 2660 Aliqui
2137 2603 2268 2644 vero

251 2677 498 2734 libertati
548 2676 785 2750 propriae
830 2673 1129 2732 voluntatis
1178 2671 1422 2729 totaliter
1467 2671 1856 2748 abrenuntiant
1873 2710 1888 2739 ‚
1933 2688 1994 2728 se
2043 2681 2269 2747 propter

250 2768 433 2824 Deum
457 2764 581 2822 aliis
608 2764 961 2837 subjicientes
984 2777 1082 2836 per
1106 2759 1666 2826 obedientiaevotum,
1697 2759 1854 2832 eujus
1881 2759 2104 2832 quidem
2132 2763 2270 2819 obe-

252 2855 483 2912 dientiae
506 2853 813 2927 exemplum
838 2852 1179 2925 praecipuum
1200 2846 1494 2905 habuimus
1519 2847 1576 2902 in
1599 2845 1838 2912 Christos,
1867 2847 1939 2903 de
1961 2863 2070 2920 quo
2092 2851 2270 2921 Apos-

253 2943 405 3000 tolus
424 2941 579 3010 dicit,
604 2943 709 2998 Ro.
734 2958 771 2998 v
788 2959 801 2996 ε
818 2941 965 2998 Siout
981 2955 1083 3013 per
1110 2935 1518 2995 inobedientiam
1537 2933 1702 2991 unius
1727 2933 1956 2992 hominis
1969 2943 2268 3008 peccatores

254 3031 536 3089 constituti
556 3039 683 3089 sunt
708 3030 889 3096 multi,
918 3029 1002 3087 ita
1024 3034 1074 3086 et
1093 3043 1197 3101 per
1223 3025 1387 3084 unius
1412 3023 1760 3086 obeditionem
1771 3023 1919 3095 justi
1939 3025 2269 3084 constituen-

256 3129 353 3178 tur
401 3119 580 3177 multi.
612 3120 791 3189 Quam
831 3118 1053 3192 quidem
1094 3115 1463 3174 obedientiam
1511 3112 1806 3186 Apostolus
1851 3113 2168 3174 manifestat
2193 3105 2268 3173 ad

255 3210 376 3266 Phi.
410 3225 478 3278 ιι,
513 3209 703 3266 dicens
732 3227 746 3263 ε
777 3206 1098 3264 Humiliavit
1134 3205 1486 3278 semtipsum,
1513 3203 1688 3274 faetus
1713 3200 1954 3259 obediens
1995 3211 2158 3276 usque
2195 3203 2270 3260 ad

256 3305 502 3356 mortem.
529 3298 661 3355 Haec
688 3303 873 3355 autem
895 3295 1207 3353 obedientia
1231 3296 1285 3350 in
1314 3291 1788 3352 abrenuntiatione
1815 3293 2048 3364 propriae
2073 3293 2268 3348 volun-

260 3388 395 3445 tatis
422 3387 675 3444 consistit
702 3377 727 3440 ε’
749 3387 893 3442 unde
916 3385 1035 3458 ipse
1059 3382 1276 3440 dicebat
1299 3383 1492 3440 Matth.
1521 3393 1672 3440 xxv1
1698 3399 1711 3435 :
1747 3379 1916 3437 Pater
1935 3380 2030 3446 mi,
2072 3379 2122 3436 si
2137 3397 2270 3453 pos-

259 3476 407 3533 sibile
430 3485 531 3542 est,
559 3482 857 3533 tramenta
875 3490 957 3532 me
983 3473 1125 3531 eolice
1150 3473 1249 3530 iste
1279 3478 1686 3529 :verumtamen
1711 3485 1820 3525 non
1845 3467 1983 3527 sicut
2010 3483 2100 3542 eqo
2128 3469 2265 3533 volo,

260 3565 348 3620 sed
369 3566 509 3622 sieut
538 3573 617 3623 tu.
663 3565 734 3621 Et
770 3566 927 3622 Joan.
968 3578 1049 3620 vt.
1080 3561 1214 3618 dicit
1246 3578 1260 3615 ε
1308 3560 1564 3617 Descendi.
1591 3560 1654 3615 de
1677 3559 1798 3616 coelo
1827 3574 1934 3614 non
1981 3564 2042 3614 ut
2067 3555 2270 3630 faciam

229 3719 233 3724 .
260 3655 589 3713 voluntatem
608 3671 801 3721 meam,
841 3653 931 3710 sed
954 3651 1274 3709 voluntatem
1296 3650 1409 3720 ejus
1433 3648 1525 3721 qui
1565 3647 1712 3706 misit
1737 3665 1838 3705 me.
1874 3649 1933 3703 ln
1963 3661 2073 3720 quo
2108 3644 2269 3700 nobis

260 3743 417 3800 dedit
444 3743 773 3816 exemplum,
811 3751 872 3799 ut
899 3743 1041 3798 sicut
1074 3741 1189 3813 ipse
1218 3754 1373 3795 suam
1402 3737 1740 3794 voluntatem
1771 3737 2065 3793 humanam
2093 3733 2270 3792 abne-

260 3832 431 3904 gabat
470 3832 826 3907 supponendo
871 3845 993 3890 eam
1029 3829 1250 3894 divinae,
1296 3828 1373 3884 ita
1419 3833 1476 3881 et
1516 3841 1615 3882 nos
1655 3834 1897 3882 nostram
1928 3823 2270 3878 voluntatem

232 3923 379 3991 *Deo
410 3915 657 3986 totaliter
688 3935 1057 4000 supponamus
1094 3928 1153 3980 et
1192 3914 1540 3984 hominibus,·
1569 3914 1664 3988 qui
1686 3912 1850 3974 ..nobis
1877 3911 2278 3988 maeponnntun'
