2850 4517
552 386 669 455 178
1029 394 1081 452 ε’.
1127 405 1359 449 'ramme
1402 382 1729 457 AQumA'ris
1775 374 2079 448 opnscuna

1192 562 1476 671 CAPUT
1557 600 1920 671 ccxxxL

872 742 966 805 De
988 739 1305 827 passione
1300 738 1538 815 Christi
1563 747 1860 821 quantum
1888 738 1970 803 ad
1997 753 2237 820 corpus.

544 863 549 869 ’
620 875 742 932 Non
772 873 950 951 solum
977 880 1163 931 autem
1192 874 1440 931 Christus
1469 880 1702 930 mortem
1732 872 1847 946 pati
1877 872 2072 940 voluit,
2099 872 2196 929 sed
2222 882 2278 930 et
2302 873 2413 930 alia
2443 890 2574 947 quae

551 981 618 1021 ex
648 971 875 1037 peccato
899 965 1063 1039 primi
1088 964 1333 1038 parentis
1362 964 1416 1020 in
1444 970 1694 1040 posteros
1717 962 2066 1037 proveniunt,
2098 969 2160 1018 ut
2183 962 2315 1019 dum
2344 979 2568 1037 poenam

549 1054 763 1128 peceati
808 1053 1150 1126 integraliter
1192 1054 1516 1126 susciperet,
1549 1068 1650 1109 nos
1703 1050 1944 1125 perfecte
1987 1067 2020 1107 a
2071 1057 2298 1124 peccato
2340 1053 2571 1109 satissa-

550 1142 746 1200 ciendo
773 1142 1050 1201 liberaret.
1082 1143 1288 1199 Horum
1312 1148 1498 1199 autem
1527 1141 1783 1218 quaedam
1809 1141 2126 1215 praecedunt
2149 1149 2402 1208 mortem,
2425 1158 2571 1213 quae·

552 1232 680 1289 dam
708 1240 945 1289 mortem
972 1226 1407 1305 subsequuntur.
1439 1224 1766 1288 Praecedunt
1794 1230 2018 1315 quidem
2057 1236 2291 1286 mortem
2318 1232 2572 1304 corporis

552 1321 838 1394 passiones
879 1327 993 1376 tam
1041 1320 1339 1389 naturales,
1383 1326 1444 1376 ut
1498 1320 1691 1387 fames,
1737 1320 1879 1386 sitis,
1927 1309 2240 1386 lassitudO,
2262 1324 2317 1375 et
2367 1318 2574 1391 hujus-

552 1408 699 1465 modi
728 1414 837 1465 etc.
863 1424 1031 1508 quam
1055 1410 1223 1466 etiam
1244 1408 1521 1476 violentae,
1543 1416 1602 1465 ut
1626 1408 1952 1474 vulneratio
1981 1406 2296 1479 flagellatio,
2325 1413 2381 1463 et
2407 1408 2572 1464 simi·

556 1493 649 1563 lia,
694 1510 823 1569 quae
868 1496 1051 1553 omnia
1086 1496 1341 1553 Christus
1381 1498 1497 1573 pati
1539 1496 1712 1552 voluit
1749 1502 2030 1569 tamquam
2076 1494 2452 1567 provenientia
2500 1512 2574 1553 ex

547 1585 891 1661 ‚peccat0.„Si
934 1586 1079 1641 enim
1116 1586 1277 1641 homo
1315 1588 1427 1642 n'on
1473 1593 1776 1659 peccasset,
1809 1600 1910 1640 nec
1956 1584 2136 1653 famis,
2165 1590 2260 1641 aut
2295 1585 2441 1653 sitis»,
2471 1593 2573 1644 aut

559 1671 918 1741 lassitudinis,
948 1673 1033 1730 vel
1059 1674 1277 1746 frigoris
1304 1673 1657 1731 afflictionem
1681 1674 1960 1741 sensisset,
1980 1689 2081 1730 nec
2107 1673 2179 1730 ab
2203 1673 2572 1730 exterioribus

556 1761 877 1835 pertulisset
889 1762 1185 1819 violentam
1213 1763 1674 1835 passionem.}1as
1700 1768 1882 1819 tamen
1908 1762 2190 1834 passiones
2215 1761 2324 1819 alia
2353 1763 2572 1820 ratione

556 1850 809 1907 Christus
833 1851 1074 1923 pertulit,
1091 1867 1259 1924 quam
1286 1850 1380 1908 alii
1405 1851 1652 1907 homines
1668 1852 1965 1923 patiantur.
1980 1852 2041 1907 In
2070 1850 2192 1908 aliis
2221 1851 2365 1907 enim
2385 1852 2574 1908 homi-

556 1940 716 1999 nibus
754 1950 861 1997 non
899 1948 983 1997 est
1007 1940 1236 2015 aliquid,
1269 1940 1417 2016 quod
1455 1941 1525 1997 iis
1555 1940 1902 2015 passionibus
1939 1956 2246 2014 repugnare
2282 1942 2476 2014 possit.
2505 1942 2572 1999 In

558 2028 773 2089 Christo
810 2036 997 2087 autem
1034 2036 1165 2086 erat·
1185 2030 1327 2087 unde
1357 2028 1817 2103 iis,passionibus
1859 2027 2207 2085 resisteretur
2245 2043 2353 2084 non
2388 2028 2572 2085 solum

558 2118 733 2175 virtus
774 2118 961 2175 divina
1000 2120 1263 2185 increata,
1290 2118 1388 2175 sed
1431 2119 1600 2175 etiam
1643 2116 1840 2175 animae
1886 2117 2190 2186 beatitud0,
2214 2118 2376 2189 cujus
2412 2124 2572 2175 tanta

555 2207 641 2263 vis
670 2213 774 2275 est,
801 2213 864 2263 ut
905 2210 1047 2279 Aug.
1078 2206 1232 2274 dicit,
1254 2212 1317 2261 ut
1364 2207 1483 2277 ejus
1525 2205 1809 2262 beatitudo
1850 2222 1949 2263 suo
1998 2206 2158 2263 modo
2198 2206 2471 2263 redundet
2515 2207 2574 2263 in

560 2309 759 2364 corpus
789 2311 802 2347 ε
826 2293 969 2349 unde
991 2298 1113 2365 post
1142 2292 1600 2349 resurrectionem
1623 2309 1690 2348 ex
1715 2292 1819 2349 hoc
1843 2293 1962 2366 ipso
1991 2293 2138 2367 quod
2173 2292 2358 2349 anima
2394 2292 2573 2365 glori-

558 2380 865 2455 ficataerit
902 2397 1007 2453 per.
1039 2379 1305 2437 visionem
1332 2380 1448 2449 Dei,
1481 2386 1536 2437 et
1582 2388 1830 2455 apertam
1876 2388 1931 2437 et
1974 2382 2188 2457 plenam
2229 2382 2568 2452 fruitionem,

557 2483 758 2540 corpus
784 2468 1038 2540 gloriosae
1065 2469 1264 2526 animae
1292 2470 1506 2527 unitum
1533 2470 1832 2543 gloriosum
1862 2470 2123 2528 reddetur
2152 2471 2490 2545 impassibile
2515 2482 2572 2529 et

560 2556 889 2625 immortale,
917 2573 1043 2615 cum
1064 2557 1232 2631 igitur
1258 2560 1442 2617 anima
1465 2559 1666 2617 Christi
1695 2561 1940 2634 perfecta
1975 2560 2187 2619 visione
2221 2561 2320 2617 Dei
2354 2560 2574 2618 fruere-

561 2653 672 2713 tur,
702 2652 970 2719 quantum
1012 2653 1097 2703 est
1139 2664 1207 2703 ex
1256 2649 1462 2704 virtute
1498 2647 1662 2721 hujus
1697 2648 2303 2723 visioniS,consequens
2345 2657 2463 2706 erat
2512 2657 2574 2705 ut

558 2750 758 2808 corpus
804 2735 1140 2808 impassibile
1186 2742 1243 2793 et
1286 2737 1596 2794 immortale
1641 2737 1963 2794 redderetur
2005 2753 2102 2811 per
2143 2731 2572 2809 'redundantiam

562 2824 749 2897 gloriae
776 2824 847 2882 ab
875 2825 1057 2883 anima
1086 2825 1141 2881 in
1168 2826 1506 2901 corpuszsed
1535 2826 1905 2901 dispensative
1931 2826 2136 2884 factum
2164 2833 2268 2895 est,
2299 2835 2358 2885 ut
2385 2829 2572 2885 anima

567 2915 668 2974 Dei
718 2913 925 2971 visione
960 2914 1176 2972 fruente
1216 2916 1377 2972 simul
1421 2932 1620 2989 corpus
1661 2921 1960 2988 pateretur,
2005 2916 2156 2973 nulla
2202 2916 2573 2973 redundantia

568 3004 757 3075 gloriae
796 3004 867 3060 ab
904 3004 1091 3061 anima
1135 3004 1188 3061 in
1232 3020 1431 3079 corpus
1472 3004 1898 3062 factasSuberat
1936 3006 2102 3076 enim,
2131 3012 2192 3061 ut
2219 3004 2433 3062 dictum
2461 3013 2568 3073 est,

566 3093 713 3164 qnod
752 3102 875 3149 erat
917 3093 1166 3150 naturale
1209 3094 1427 3150 Christo
1465 3093 1767 3151 secundum
1810 3092 2105 3151 humanam
2147 3102 2403 3152 naturam
2451 3096 2574 3169 ejus

562 3180 833 3237 voluntati
862 3198 877 3238 x
910 3182 1053 3238 unde
1084 3188 1298 3255 poterat
1333 3183 1642 3240 naturalem
1674 3184 2094 3241 redundantiam
2132 3198 2165 3241 a
2195 3184 2574 3257 superioribus

566 3269 815 3342 partibus
848 3270 915 3327 ad
950 3271 1233 3328 inferiores
1270 3288 1367 3345 pro
1404 3288 1504 3329 suo
1533 3272 1690 3330 libito
1718 3273 2000 3346 impedire,
2036 3280 2095 3329 ut
2135 3273 2344 3331 sineret
2372 3290 2576 3331 unam-

564 3374 841 3431 quamque
866 3366 1077 3432 partem
1104 3360 1241 3433 pati,
1273 3366 1369 3417 aut
1396 3378 1556 3434 agere
1580 3362 1726 3435 quod
1750 3362 1854 3418 sibi
1882 3363 2165 3436 proprium
2189 3371 2336 3419 esset
2362 3363 2574 3438 absque

565 3447 791 3505 alterius
844 3449 1015 3521 partis
1070 3450 1480 3522 impedimentO,
1517 3453 1663 3525 quod
1705 3452 1759 3507 in
1798 3450 1920 3507 aliis
1956 3450 2268 3509 hominibus
2306 3467 2428 3508 esse
2466 3470 2574 3510 non

564 3545 767 3611 potest.
796 3538 929 3593 Inde
959 3538 1125 3594 etiam
1154 3548 1257 3607 est,
1285 3541 1433 3614 quod
1461 3542 1517 3597 in
1547 3541 1798 3615 passione
1826 3542 2074 3600 Christus
2111 3542 2415 3599 maximum
2444 3558 2578 3599 cor-

563 3626 712 3700 poris
739 3625 983 3683 dolorem
1008 3628 1285 3697 sustinuit,
1316 3631 1449 3703 quia
1477 3630 1774 3704 corporalis
1797 3630 1953 3687 dolor
1998 3630 2056 3685 in
2083 3630 2232 3687 nullo
2273 3630 2580 3703 mitigaba-

564 3721 655 3784 tur
697 3732 792 3788 per
833 3717 1084 3789 superius
1118 3717 1377 3791 gaudium
1420 3719 1667 3788 rationiS,
1711 3719 1854 3777 sicut
1899 3736 2000 3777 nec
2036 3736 2069 3775 e
2109 3735 2375 3778 converso
2416 3720 2578 3778 dolor
2613 3736 2620 3743 ·

563 3806 827 3879 corporis,
860 3806 1089 3863 rationis
1115 3806 1373 3878 gaudium
1403 3808 1754 3883 impediebat.
1781 3810 1921 3865 Hinc
1947 3809 2116 3866 etiam
2141 3814 2389 3883 apparet,
2425 3812 2578 3883 quod

563 3892 715 3949 solus
744 3895 995 3955 Christus
1024 3895 1201 3952 viator
1240 3902 1297 3952 et
1333 3890 1752 3969 comprehensor
1780 3898 1905 3955 fuit.
1947 3898 2038 3955 Sic
2073 3899 2218 3954 enim
2252 3898 2443 3955 divina
2484 3901 2582 3957 vi-

564 3977 717 4051 sione
743 3981 1044 4061 fruebatur,
1065 3985 1214 4058 quod
1236 3985 1748 4071 comprehensorem
1776 3986 2032 4060 pertinet,
2064 3994 2126 4044 ut
2158 3996 2340 4045 tamen
2369 4002 2582 4061 corpus
