2850 4517
740 384 789 437 1.
816 400 898 417 —
922 383 1328 433 comessamur
1380 384 1744 433 reeomem
2133 370 2250 433 133

976 530 1277 651 CAPUT*
1305 526 1504 651 cxc,

725 725 894 801 Quid
916 725 1051 803 fuit
1070 724 1451 791 inductivum
1473 726 1769 792 mulieris.

304 862 499 920 Mulier
528 860 697 933 igitur
734 852 1120 932 repromissam
1162 858 1546 917 celsitudinem
1575 861 1737 919 simul
1780 868 1836 919 et
1863 863 2254 937 perfectionem

242 951 484 1009 scientiae
512 948 849 1023 concupivit.
871 948 1117 1005 Accessit
1140 948 1310 1005 etiam
1339 949 1412 1006 ad
1439 949 1543 1006 hoc
1559 949 1906 1023 pulchritudo
1926 958 1982 1007 et
2009 955 2254 1012 suavitas

212 1040 448 1097 ‘fructus
468 1038 714 1095 alliciens
738 1036 808 1093 ad
833 1036 1131 1104 edendum,
1156 1042 1213 1093 et
1245 1036 1326 1094 sic
1356 1046 1508 1095 metu
1537 1040 1732 1095 mortis
1763 1045 2079 1115 contempto
2108 1059 2254 1115 prae-

241 1135 459 1204 ceptum
500 1127 601 1183 Dei
632 1132 1103 1198 transgressa·est
1147 1125 1216 1183 de
1261 1128 1434 1185 vetito
1473 1127 1620 1199 ligno
1661 1129 1892 1197 edendo,
1925 1138 1983 1187 et
2023 1131 2104 1187 sic
2133 1134 2254 1205 ejus

241 1222 525 1290 peccatum
549 1212 835 1285 multiplex
858 1212 1153 1269 invenitur.
1180 1212 1362 1271 Primo
1394 1214 1618 1287 quidem
1645 1215 1935 1288 superbiae,
1963 1233 2074 1291 qua
2099 1217 2254 1275 inor-

241 1307 427 1363 dinate
450 1301 833 1359 excellentiam
866 1302 1117 1375 appetiit.
1136 1302 1399 1361 Secundo
1432 1302 1791 1372 curiositatiS,
1824 1322 1933 1377 qua
1963 1300 2254 1365 scientiam

241 1394 378 1452 ultra
422 1393 686 1456 terminos
723 1391 828 1449 sibi
864 1391 1118 1465 praeflxos
1146 1392 1482 1466 concupivit.
1512 1394 1699 1468 Tertio
1735 1394 1898 1466 gulae,
1925 1412 2032 1470 qua
2062 1398 2253 1453 suavi-

242 1489 353 1541 tate
379 1482 489 1538 cibi
516 1489 764 1553 permota
792 1486 876 1537 est
902 1480 969 1537 ad
1000 1480 1293 1536 edendum.
1325 1480 1534 1551 Quarto
1560 1482 1903 1540 infidelitatis
1937 1500 2032 1557 per
2057 1483 2252 1541 falsam

240 1570 765 1630 aestimationem‘de
794 1570 929 1637 Deo,
961 1570 1095 1625 dum
1122 1569 1358 1625 credidit
1386 1570 1572 1627 verbis
1602 1571 1807 1628 diaboli
1846 1579 2052 1629 contra·
2078 1574 2252 1630 Deum

242 1659 535 1733 loquentis,
575 1658 779 1729 Quinto
818 1657 1224 1726 inobedientiae,
1257 1666 1594 1733 praeceptum
1636 1659 1738 1716 Dei
1778 1660 2248 1733 transgrediendo-

948 1824 1233 1899 CAPUT
1304 1829 1536 1896 CXCI.

614 1968 920 2045 Quomodo
936 1970 1211 2049 pervenit
1230 1973 1544 2049 peccatum
1571 1968 1654 2071 ad
1673 1967 1897 2033 virum.

304 2107 389 2163 Ex
412 2102 777 2180 persuasione
801 2108 990 2159 autem
1028 2102 1275 2160 mulieris
1306 2108 1597 2176 peccatum
1623 2118 1799 2175 usque
1826 2103 1899 2162 ad
1921 2101 2101 2163 virum
2127 2122 2260 2179 per-

244 2196 410 2263 venit,
437 2192 535 2268 qui
564 2196 767 2260 tamen,
798 2197 863 2247 ut
888 2191 1137 2265 Apostol.
1166 2192 1319 2260 dicit,
1344 2208 1452 2249 non
1480 2200 1566 2250 est
1593 2192 1856 2251 seductus
1885 2201 1947 2252 ut
1979 2194 2171 2251 mulier
2199 2196 2258 2254 in

244 2286 364 2351 hoc,
395 2281 608 2345 scilicet
636 2281 784 2355 quod
809 2281 1061 2338 crederet
1084 2282 1266 2338 verbis
1290 2281 1494 2357 diaboli
1524 2288 1717 2339 contra
1748 2283 1926 2341 Deum
1957 2284 2254 2359 loquentis.

246 2374 361 2431 Non
387 2371 531 2430 enim
560 2371 616 2427 in
646 2372 765 2443 ejus
788 2378 970 2427 mente
994 2371 1192 2428 cadere
1215 2376 1452 2446 poterat,
1482 2372 1659 2430 Deum
1685 2373 2022 2431 mendaciter
2045 2374 2256 2450 aliquid

249 2461 638 2519 comminatum
666 2475 787 2516 esse
810 2463 989 2534 neque
1016 2460 1286 2517 inutiliter
1308 2477 1341 2518 a
1381 2475 1440 2517 re
1465 2461 1585 2518 utili
1611 2460 1956 2535 prohibuisse
1982 2480 1997 2521 ε
2025 2464 2257 2521 allectus

252 2555 431 2606 tamen
468 2547 573 2605 fuit
600 2548 959 2621 promissione
1000 2548 1222 2619 diaboli,
1264 2548 1647 2608 excellentiam
1683 2554 1741 2605 'et
1777 2537 2068 2608 scientiam
2093 2552 2257 2609 inde-

253 2636 362 2694 bite
388 2637 715 2712 appetendo.
747 2637 825 2693 Ex
856 2637 1077 2711 quibuS,
1107 2653 1233 2695 cum
1254 2637 1511 2695 voluntas
1536 2640 1659 2711 ejus
1681 2654 1715 2695 a
1737 2639 2068 2698 rectitudine
2085 2640 2258 2713 justi-

192 2760 198 2767 ·
256 2727 347 2783 tiae
387 2726 751 2793 discessisset,
792 2724 949 2784 uxori
992 2742 1109 2785 suae
1142 2731 1353 2782 morem
1391 2742 1584 2798 gerere
1608 2726 1817 2795 volenS,
1847 2728 1908 2785 in
1946 2734 2258 2800 transgres-

256 2815 403 2871 sione
445 2816 617 2873 divini
654 2815 915 2889 praecepti
957 2830 1082 2872 eam
1122 2817 1347 2870 secutus
1391 2818 1478 2868 est
1513 2812 1726 2868 edendo
1772 2814 1842 2869 de
1893 2815 2074 2871 fructu
2127 2816 2259 2886 ligni

260 2903 433 2960 vetiti.
2015 2918 2020 2923 ·

943 3069 1228 3139 CAPUT
1300 3067 1561 3137 CXCII.

402 3214 490 3277 De
515 3215 735 3297 effectu
760 3215 1034 3293 sequente
1055 3212 1298 3291 culpam
1318 3213 1616 3292 quantum
1643 3208 1726 3273 ad
1749 3207 2118 3279 rebellionem

810 3300 1039 3365 virium
1066 3301 1425 3378 inferiorum
1452 3299 1706 3365 rationi.

336 3434 463 3505 Quia
485 3414 659 3509 igitur
679 3436 815 3493 dicti
837 3441 1019 3494 status
1048 3444 1161 3493 tam
1190 3434 1444 3492 ordinata
1471 3431 1762 3506 integritas
1787 3438 1904 3491 tota
1931 3434 2267 3493 causabatur

270 3536 335 3576 ex
356 3524 689 3596 subjectione
728 3524 984 3582 humanae
1025 3523 1323 3581 voluntatis
1368 3523 1438 3580 ad
1478 3523 1674 3586 Deum,
1704 3538 2047 3596 consequens
2074 3523 2178 3580 fuit
2205 3532 2267 3582 ut

270 3609 525 3672 subducta
566 3614 805 3672 humana
846 3602 1144 3671 voluntate
1172 3629 1206 3670 a
1230 3611 1569 3684 subjectione
1613 3611 1821 3681 divina,
1853 3612 2130 3686 deperiret
2176 3610 2270 3671 illa

268 3699 501 3771 perfecta
524 3703 793 3777 subjectio
822 3702 1142 3760 inferiorum
1170 3702 1371 3758 virium
1406 3701 1477 3759 ad
1511 3701 1801 3769 rationem,
1833 3707 1890 3758 et
1922 3700 2170 3774 corporis
2198 3700 2271 3757 ad

268 3786 499 3847 animam
542 3808 557 3849 ε
604 3792 749 3850 unde
792 3797 1146 3850 consecutum
1180 3796 1281 3857 est,
1327 3796 1388 3846 ut
1437 3790 1598 3847 homo
1644 3790 1874 3848 sentiret
1919 3788 1976 3845 in
2023 3787 2270 3847 inferiori

267 3879 509 3947 appetitu
548 3880 817 3950 sensibili,
844 3879 1326 3955 concupiscentiae,
1358 3885 1414 3935 et
1451 3879 1569 3947 irae,
1599 3884 1656 3935 et
1701 3886 2026 3937 caeterarum
2053 3878 2272 3951 passio-

268 3978 408 4023 num
432 3967 768 4029 inordinatos
793 3978 975 4028 motus
1001 3985 1111 4026 non
1132 3968 1433 4026 secundum
1471 3966 1717 4025 ordinem
1745 3966 1994 4037 rationis,
2025 3968 2120 4026 sed
2149 3981 2271 4027 ma·
