2850 4517
795 344 841 390 1.
872 358 953 373 —
980 342 1381 387 consummem
1433 344 1797 389 ‘reuomente
2182 333 2301 395 169

282 464 383 523 sed
424 462 594 520 etiam
645 458 718 517 ab
770 458 1044 531 originali,
1101 458 1328 535 speciali
1373 459 1662 533 privilegio
1714 461 1995 518 mundata.
2040 463 2298 537 oportuit

283 552 561 626 siquidem
588 548 737 623 quod
765 564 891 605 cum
913 556 1140 621 peccato
1167 548 1420 621 originali
1449 549 1847 623 conciperetur,
1874 558 2061 625 utpote
2090 570 2215 626 quae
2232 571 2297 610 ex

283 644 575 715 utriusque
602 654 765 695 sexus
793 638 1172 695 commistione
1200 644 1465 709 concepta
1494 636 1753 695 fuit.Hoc
1779 640 1923 695 enim
1952 642 2300 715 privilegium

283 731 392 788 sibi
434 728 534 787 soli
572 727 915 794 servabatur,
950 732 1010 783 ut
1049 727 1215 797 Virgo
1250 726 1565 799 conciperet
1604 728 1775 785 filium
1818 729 1937 785 Dei.
1978 731 2297 788 Commistio

285 827 472 878 autem
515 833 697 885 sexuS,
738 832 864 890 quae
904 816 1022 872 sine
1063 814 1289 871 libidine
1324 830 1445 871 esse
1484 831 1593 872 non
1624 822 1805 888 potest
1848 826 1971 890 post
2009 827 2295 892 peccatum

286 909 447 983 primi
491 906 754 983 parentiS‚
791 905 1120 962 transmittit
1155 910 1443 978 peccatum
1484 904 1748 977 originale
1786 907 1842 962 in
1872 906 2098 981 prolem.
2129 910 2298 967 Simi-

289 1000 413 1055 liter
442 999 630 1064 etiam,
664 996 794 1069 quia
823 994 869 1051 si
898 1010 1025 1051 cum
1075 1002 1303 1066 peccato
1346 994 1601 1067 originali
1639 1003 1903 1070 concepta
1940 1014 2047 1056 non
2081 999 2293 1071 fuisset,

286 1104 395 1145 non
429 1088 700 1158 indigeret
727 1100 824 1158 per
862 1084 1140 1141 Christum
1172 1084 1368 1140 redimi
1397 1084 1557 1141 etsie
1585 1100 1694 1142 non
1724 1092 1870 1142 esset
1896 1087 2145 1146 Christus
2170 1092 2298 1148 uni-

168 1239 178 1245 ,
287 1177 518 1234 versalis
562 1174 841 1233 hominum
867 1174 1182 1245 redemptor
1204 1174 1351 1248 quod
1380 1174 1608 1246 derogat
1647 1175 1901 1247 dignitati
1946 1178 2167 1236 Christi.
2199 1182 2297 1238 Est

287 1282 419 1339 ergo
445 1266 739 1323 tenendum
767 1264 912 1337 quod
944 1279 1072 1319 cum
1099 1269 1328 1336 peccato
1365 1262 1623 1336 originali
1650 1273 1914 1340 concepta
1948 1266 2069 1336 fuit,
2097 1270 2192 1326 sed
2228 1270 2297 1327 ab

286 1373 353 1412 eo
384 1355 622 1429 quodam
659 1352 1078 1427 speciali-modo
1118 1358 1355 1425 purgata
1391 1352 1515 1409 fuit.
1547 1352 1781 1423 Quidam
1816 1356 1961 1412 enim
1992 1372 2023 1413 a
2068 1367 2294 1431 peccato

286 1444 542 1517 originali
571 1449 871 1516 purgantur
898 1450 1020 1515 post
1054 1440 1398 1499 nativitatem
1434 1458 1503 1498 ex
1542 1450 1718 1511 utere,
1752 1444 1895 1501 sicut
1931 1445 2026 1519 qui
2072 1447 2125 1501 in
2156 1448 2297 1522 bap-

289 1534 453 1590 tismo
499 1530 930 1588 sanctificantur.
979 1528 1217 1599 Quidam
1256 1534 1444 1585 autem
1488 1530 1726 1603 quodam
1771 1532 2059 1605 privilegio
2101 1537 2295 1605 gratiae

287 1623 458 1679 etiam
485 1622 545 1677 in
577 1621 840 1677 maternis
884 1620 1057 1675 uteris
1083 1618 1413 1675 sanctificati
1460 1618 1732 1691 leguntur,
1780 1622 1924 1677 sicut
1952 1622 2021 1678 de
2060 1625 2297 1683 Ieremia

205 1773 214 1783 ¹
289 1709 512 1778 dicitur,
547 1710 746 1765 Jerem.
789 1722 810 1763 1
843 1723 856 1763 t
887 1704 1217 1779 Priusquam
1247 1712 1296 1762 te
1334 1706 1632 1779 formarem
1672 1708 1735 1764 in
1775 1716 1949 1776 utero,
1980 1712 2105 1767 novi
2147 1718 2215 1779 te,
2246 1719 2296 1770 et

287 1805 575 1872 antequam
603 1797 774 1853 exires
819 1796 882 1852 de
906 1796 1064 1853 vulva
1100 1795 1434 1867 sanctificavi
1474 1801 1543 1851 te.
1584 1796 1654 1852 Et
1693 1797 1760 1852 de
1801 1798 2007 1854 loanne
2047 1800 2293 1874 Baptista

285 1887 534 1959 Angelus
577 1886 712 1941 dicit
738 1902 751 1941 z
777 1884 991 1958 Spiritu
1035 1884 1228 1941 Sancto
1268 1883 1565 1957 replebitur
1590 1884 1760 1940 adhuc
1805 1902 1871 1941 ex
1904 1894 2059 1943 utero
2100 1889 2294 1945 matris

267 1972 418 2033 ‘suta
450 1974 608 2045 Quod
637 1978 820 2030 autem
852 1970 1158 2047 praes'titum
1197 1978 1282 2029 est
1320 1971 1523 2028 Christi
1551 1975 1875 2045 praecursori
1898 1981 1956 2031 et
1990 1976 2292 2049 Prophetae,

286 2084 398 2125 non
426 2064 592 2123 debet
620 2063 766 2121 credi
793 2063 1120 2137 denegatum
1147 2077 1269 2119 esse
1293 2062 1457 2119 matri
1486 2060 1660 2135 ipsius
1692 2079 1706 2117 ε
1738 2069 1795 2117 et
1823 2062 1943 2119 ideo
1972 2065 2217 2121 creditur
2240 2068 2296 2123 in
2390 2060 2395 2065 ’

286 2165 446 2215 utero
483 2154 846 2224 sanctificata,
875 2161 1002 2209 ante
1041 2151 1254 2209 scilicet
1295 2166 1463 2225 quam
1497 2167 1565 2207 ex
1609 2156 1763 2209 utero
1804 2152 2143 2211 nasceretur.
2175 2157 2295 2212 Non

289 2254 475 2306 autem
514 2243 644 2301 talis
668 2240 1034 2300 sanctificatio
1063 2241 1346 2314 praecessit
1390 2240 1718 2298 infusionem
1761 2243 1977 2301 animae.
2026 2244 2117 2302 Sic
2148 2246 2296 2302 enim

277 2344 566 2409 nunquam
614 2332 807 2389 fuisset
837 2336 1064 2403 peccato
1091 2328 1343 2401 originali
1373 2330 1640 2403 subjecta,
1665 2337 1725 2387 et
1766 2330 2141 2406 redemptione
2187 2351 2295 2393 non

287 2424 634 2497 indiguisset.
659 2421 781 2477 Non
808 2420 952 2476 enim
973 2418 1280 2492 subjectum
1301 2420 1517 2492 peccati
1537 2434 1658 2475 esse
1688 2426 1887 2493 potest,
1910 2422 2017 2478 nisi
2042 2430 2296 2483 creatura

289 2513 594 2573 rationalis.
637 2509 901 2569 Similiter
945 2508 1114 2565 etiam
1170 2509 1349 2580 gratia
1401 2509 1855 2566 sanctificationis
1900 2527 1997 2585 per
2036 2513 2189 2586 prius
2240 2514 2297 2570 in

288 2606 476 2664 anima
498 2602 794 2668 radicatur,
829 2613 930 2654 nec
957 2598 1028 2654 ad
1055 2612 1252 2671 corpus
1271 2603 1455 2671 potest
1480 2598 1765 2671 pervenire
1782 2600 1888 2655 nisi
1914 2617 2010 2673 per
2034 2603 2291 2671 animam,

288 2692 437 2751 unde
481 2696 602 2765 post
646 2685 1213 2743 infusionem-animae
1241 2684 1576 2741 credendum
1603 2690 1690 2740 est
1735 2701 1857 2741 eam
1895 2689 2296 2746 sanctificatam

285 2780 482 2839 fuisse.
505 2778 636 2850 Ejus
658 2784 840 2835 autem
864 2773 1226 2831 sanctificatio
1243 2772 1474 2845 amplior
1492 2772 1595 2828 fuit
1613 2788 1780 2845 quam
1806 2771 2038 2830 aliorum
2056 2777 2112 2831 in
2140 2784 2296 2833 utero

288 2868 781 2927 sanctificatorum.
817 2863 924 2922 Alii
952 2875 1192 2936 namque
1229 2859 1561 2917 sanctificati
1584 2857 1641 2916 in
1670 2865 1828 2916 utero
1858 2868 1988 2918 sunt
2016 2863 2238 2936 quidem
2263 2880 2294 2921 a

287 2965 520 3033 peccato
547 2953 797 3027 originali
819 2952 1086 3019 mundati,
1114 2957 1429 3007 nontamen
1453 2953 1539 3005 est
1561 2948 1641 3005 eis
1668 2949 1997 3021 praestitum,
2024 2957 2085 3005 ut
2106 2956 2296 3023 postea

290 3065 400 3105 non
435 3053 660 3122 possent
706 3056 956 3117 peccare,
999 3039 1198 3097 saltem
1225 3036 1535 3094 venialiter.
1560 3037 1667 3095 Sed
1709 3038 1874 3094 beata
1922 3038 2085 3112 Virgo
2125 3041 2297 3099 Maria

317 3142 448 3195 anta
485 3132 822 3193 abundantia
865 3130 1060 3203 gratiae
1099 3126 1446 3185 sanctificata
1482 3126 1605 3195 fuit,
1639 3133 1699 3184 ut
1740 3122 1999 3200 deinceps
2036 3128 2107 3187 ab
2150 3131 2296 3188 omni

219 3290 228 3297 ,
292 3230 522 3301 peccato
567 3227 988 3280 conservaretur
1033 3217 1292 3274 immunis
1337 3232 1446 3273 non
1487 3216 1664 3273 solum
1704 3216 1954 3284 mortali,
1994 3220 2088 3275 sed
2128 3222 2298 3275 etiam

291 3311 514 3371 veniali.
541 3311 610 3366 Et
634 3309 764 3383 quia
795 3304 1011 3364 veniale
1043 3302 1647 3379 peccatum·interdum
1684 3318 1753 3359 ex
1789 3306 2133 3378 surreptione
2160 3322 2299 3363 con-

293 3399 476 3472 tingit,
523 3416 591 3455 ex
617 3397 722 3453 hoc
761 3394 974 3452 scilicet
1013 3393 1161 3468 quod
1201 3392 1405 3465 aliquis
1452 3392 1796 3448 inordinatus
1839 3393 2299 3467 concupiscent-iae

291 3498 476 3547 motus
510 3487 766 3558 insurgit,
797 3491 894 3542 aut
933 3483 1160 3541 alterius
1205 3480 1479 3555 passionis
1502 3482 1841 3553 praeveniens
1884 3483 2177 3551 rationem,
2205 3500 2301 3542 ra-

293 3579 444 3633 tione
482 3578 640 3648 cujus
679 3574 842 3647 primi
883 3580 1066 3629 motus
1099 3570 1358 3627 dicuntur
1396 3585 1515 3625 esse
1556 3577 1803 3643 peccata,
1835 3588 2177 3647 consequens
2217 3581 2301 3631 est

290 3666 440 3740 quod
467 3665 634 3721 beata
656 3664 826 3734 Virgo
863 3661 1037 3718 Maria
1071 3674 1373 3734 numquam
1398 3660 1649 3731 peccavit
1687 3661 1999 3731 venialiter,
2043 3679 2110 3720 eo
2152 3664 2299 3737 quod

289 3755 635 3813 inordinatos
679 3752 999 3826 passionum
1049 3755 1231 3806 motus
1281 3764 1390 3804 non
1441 3749 1613 3804 sensit
1665 3764 1680 3805 ε
1734 3751 2069 3824 Contingunt
2114 3760 2301 3810 autem

287 3842 608 3917 hujusmodi
645 3848 832 3898 motus
876 3838 1170 3896 inordinati
1201 3854 1269 3894 ex
1307 3836 1434 3905 hoc,
1478 3838 1627 3912 quod
1664 3840 1939 3912 appetitus
1982 3841 2298 3914 sensitivuS,

285 3934 388 4007 qui
417 3940 504 3991 est
533 3932 728 3989 harum
771 3930 1088 4003 passionum
1127 3928 1457 4001 subjectum,
1499 3942 1611 3985 non
1640 3927 1723 3985 sic
1748 3929 2040 4001 subjicitur
2077 3931 2297 4002 rationi,
