2850 4517
819 356 864 402 1.
896 372 975 385 —
1002 324 1414 401 commumoni
1457 359 1819 403 'rusonociffl
1858 417 1865 421 ,
2206 348 2320 409 153

993 553 1276 621 CAPUT
1345 554 1633 621 CCXIII.

479 698 660 775 Quod
685 695 959 777 oportuit
991 694 1302 759 Christum
1323 712 1443 758 esse
1476 696 1810 774 perfectum
1838 697 1903 757 in
1923 677 2154 777 qratia,

949 789 1008 847 et
1033 783 1337 865 sapientia
1380 784 1680 846 veritati&

381 920 524 991 Quia
554 935 702 987 vero,
728 918 871 976 sicut
888 918 1003 989 jam
1023 916 1234 973 dictum
1263 922 1367 985 est,
1397 913 1713 973 humanitas
1746 916 1947 973 Christi
1974 934 2034 977 se
2056 918 2222 976 habet
2250 921 2315 977 ad

299 1006 660 1066 divinitatem
681 1008 800 1079 ejus
827 1006 986 1081 quasi
1015 1006 1290 1079 quoddam
1318 1020 1581 1077 organum
1612 1008 1749 1078 ejus,
1778 1023 2110 1080 organorum
2134 1020 2316 1067 autem

299 1098 601 1172 dispositio
629 1103 688 1153 et
709 1096 950 1170 qualitas
983 1084 1242 1169 pensatur
1270 1094 1545 1167 praecipue
1569 1096 1791 1168 quidem
1819 1113 1887 1153 ex
1910 1098 2037 1165 fine,
2067 1104 2124 1154 et
2147 1099 2314 1156 etiam

301 1205 380 1245 ex
407 1186 660 1253 decentia
684 1186 1045 1243 instrumento
1066 1182 1291 1253 utentis,
1320 1183 1621 1241 secundum
1644 1185 1744 1242 hos
1768 1187 1958 1244 modos
1981 1188 2320 1262 consequens

305 1283 416 1343 est,
465 1282 525 1331 ut
569 1274 978 1331 consideremus
1015 1272 1340 1347 qualitatem
1379 1271 1634 1330 humauae
1676 1281 1889 1332 naturae
1918 1292 1947 1332 a
1992 1276 2170 1333 Verbo
2218 1277 2316 1333 Dei

304 1373 629 1437 assumptae.
679 1363 826 1421 Finis
867 1369 1075 1429 autern„
1093 1361 2319 1435 assmmmshmwmumxm

303 1453 441 1541 Dei,
465 1461 548 1510 est
552 1453 731 1531 salus
734 1452 1127 1527 QgQratio
1120 1450 1641 1517 humanaenatutae.
1670 1453 1857 1509 Talem
1883 1455 2052 1527 igitur
2076 1456 2318 1529 oportuit

307 1559 435 1601 esse
462 1542 735 1600 Christum
759 1541 1060 1598 secundum
1079 1539 1374 1596 humanam
1398 1545 1672 1625 naturam,
1702 1548 1764 1597 ut
1784 1543 2173 1601 convenienter
2198 1561 2319 1601 esse

307 1632 487 1706 possit
526 1639 680 1689 actor
720 1630 978 1687 humanae
1010 1628 1224 1685 saIutis.
1251 1628 1412 1687 Salus
1458 1639 1644 1687 autem
1687 1630 1927 1689 humana
1972 1634 2225 1691 consistit
2262 1635 2316 1690 in

308 1721 572 1777 fruitione
593 1720 800 1786 divina,
834 1734 930 1792 per
958 1733 1123 1792 quam
1143 1717 1306 1775 homo
1334 1717 1529 1775 beatus
1552 1718 1783 1775 efficitur
1808 1736 1823 1775 ι
1850 1726 1907 1777 et
1932 1720 2057 1778 ideo
2078 1724 2321 1796 oportuit

308 1810 592 1868 Christum
641 1808 941 1865 secundum
1006 1806 1299 1863 humanam
1356 1812 1611 1864 naturam
1680 1807 1847 1865 fuisse
1902 1810 2143 1882 perfecte
2202 1813 2316 1868 Deo

311 1902 610 1956 fruentem.
658 1896 990 1970 Principium
1027 1896 1173 1952 enim
1217 1896 1269 1949 iu
1319 1911 1651 1968 unoquoque
1689 1913 1886 1967 genere
1932 1904 2151 1971 oportet
2199 1916 2319 1957 esse

308 1987 641 2065 perfectum.
668 1984 874 2041 Fruitio
895 1993 1079 2041 autem
1103 1982 1292 2039 divina
1320 1982 1621 2038 secundum
1650 1983 1758 2039 duo
1787 1983 1993 2051 existit,
2020 1986 2320 2042 secundum

311 2076 673 2144 voluntatem,
704 2079 761 2130 et
787 2072 1085 2130 secundum
1112 2068 1471 2127 intellectum.
1498 2070 1806 2126 Secundum
1830 2071 2167 2128 voluntatem
2194 2074 2320 2145 qui-

310 2167 440 2223 dem
469 2165 584 2220 Deo
624 2160 864 2235 perfecte
907 2176 1004 2234 per
1026 2175 1274 2217 amorem
1309 2152 1673 2217 'inhaerentem
1712 2176 1724 2214 ε
1759 2159 2059 2217 secundum
2101 2160 2320 2218 intelie-

197 2287 212 2298 ·
311 2261 468 2311 ctum
496 2260 676 2309 autem
701 2249 942 2323 perfecte
961 2250 1138 2305 Deum
1154 2254 1594 2321 cognoscentem.
1620 2248 1865 2306 Perfecta
1889 2255 2072 2307 autem
2094 2250 2320 2309 inhaesio

311 2340 611 2401 voluntatis
639 2339 710 2397 ad
738 2340 913 2395 Deum
941 2354 1038 2411 per
1056 2352 1298 2394 amorem
1326 2344 1410 2393 est
1438 2353 1534 2411 per
1562 2338 1817 2409 gratiam,
1840 2355 1938 2412 per
1966 2355 2131 2414 quam
2159 2340 2321 2398 homo
2364 2406 2369 2417 ι

304 2432 660 2507 Justificatur,
693 2428 995 2487 secundum
1020 2426 1154 2483 iilud
1177 2427 1282 2483 Ro.
1310 2442 1378 2483 ιιι
1407 2444 1421 2481 :
1454 2424 1750 2499 Justificati
1770 2429 1947 2501 gyratis
1964 2447 2062 2503 per
2082 2431 2321 2504 qratiam
2359 2494 2367 2521 ⁴

310 2524 444 2597 ejus.
471 2522 551 2578 Ex
576 2521 682 2577 hoc
698 2518 846 2576 enim
874 2517 1237 2591 hOQIQ
1257 2522 1361 2582 est,
1385 2516 1533 2589 quod
1555 2518 1668 2574 Deo
1695 2533 1790 2589 per
1805 2534 2047 2575 amorem
2068 2519 2315 2577 inhaeret.

309 2612 562 2671 Perfecta
598 2618 784 2667 autem
830 2606 1070 2679 cognitio
1111 2606 1216 2662 ‘Dei
1245 2611 1331 2662 est
1369 2622 1463 2679 per
1502 2606 1683 2663 lumen
1726 2607 2029 2678 sapientiae,
2075 2626 2199 2683 quae
2238 2620 2319 2665 est

307 2700 558 2774 cognitio
578 2700 778 2756 divinae
806 2696 1078 2754 veritatis.
1108 2694 1366 2767 Oportuit
1394 2694 1562 2766 igitur
1584 2694 1824 2751 Verbum
1851 2696 1953 2751 Dei
1981 2698 2321 2755 incarnatum

309 2790 621 2866 perfectum
646 2789 700 2843 in
720 2787 915 2859 gratia,
934 2786 1068 2842 etin
1082 2783 1354 2857 sapientia
1370 2784 1622 2839 veritatis
1642 2784 1897 2840 existere.
1923 2786 2078 2842 Unde
2092 2788 2251 2843 Joan.
2277 2804 2317 2841 1.

308 2879 520 2938 dicitur
547 2894 561 2932 τ
600 2875 824 2934 Verbum
851 2891 977 2932 caro
1001 2874 1202 2945 factum
1227 2878 1322 2937 est,
1354 2877 1404 2927 et
1429 2869 1690 2927 habitavit
1720 2871 1781 2925 in
1812 2871 1983 2937 nobis,
2008 2879 2057 2928 et
2086 2874 2317 2929 vidimus
2352 2909 2359 2915 -

307 2968 541 3044 gloriam
569 2966 702 3039 effus,
739 2964 968 3039 ylen-iam
999 2961 1154 3035 quasi
1190 2957 1460 3032 uniqeniti
1491 2975 1528 3013 a
1561 2958 1751 3025 Patre,
1783 2960 1999 3031 plenum
2036 2961 2316 3035 gratim-et

309 3056 580 3114 veritatis.

999 3219 1281 3292 CAPUT
1350 3220 1639 3291 CCXIV.

803 3364 1291 3449 Deplenitudirte
1315 3364 1537 3444 yraiiae
1571 3362 1827 3428 Christi.

385 3504 566 3561 Primo
595 3508 782 3559 autem
818 3498 1118 3557 videndum
1141 3506 1225 3555 est
1251 3498 1321 3555 de
1349 3496 1689 3571 plenitudine
1718 3499 1913 3572 gratiae
1940 3498 2131 3573 ipsius.
2162 3499 2321 3557 Circa

281 3584 461 3668 ‘quod
489 3587 952 3647 considerandum
997 3594 1102 3655 est,
1147 3588 1296 3660 quod
1338 3602 1535 3643 nomen
1564 3588 1759 3660 gratiae
1800 3605 1833 3645 a
1867 3588 2084 3647 duobus
2120 3590 2323 3645 assumi

310 3687 517 3756 potest.
544 3681 666 3737 Uno
689 3677 874 3746 modo,
906 3693 974 3734 ex
1001 3692 1066 3733 eo
1094 3675 1242 3750 quod
1262 3680 1347 3732 est
1373 3683 1593 3761 gratum
1616 3693 1757 3735 esse.
1781 3678 2027 3735 Dicimus
2054 3679 2199 3734 enirn
2220 3678 2325 3735 aii-

308 3786 480 3845 quem
495 3768 731 3841 alicujus
757 3768 994 3841 gratiam
1015 3764 1234 3831 habere,
1259 3764 1391 3837 quia
1409 3770 1496 3819 est
1516 3764 1565 3821 ei
1585 3772 1796 3837 gratus.
1818 3766 1940 3823 Alio
1969 3758 2151 3835 modo,
2170 3784 2238 3823 ex
2261 3782 2329 3823 eo

307 3858 464 3933 quod
491 3866 576 3915 est
605 3857 780 3930 gratis
813 3856 954 3913 dari.
997 3855 1209 3911 Dicitur
1254 3853 1400 3909 enim
1430 3851 1631 3925 aliquis
1656 3852 1821 3911 alicui
1860 3856 2096 3928 gratiam
2122 3856 2323 3927 facere,

306 3946 538 4021 quando
566 3948 616 4003 ei
647 3946 873 4021 aliquod
900 3943 1225 4002 beneficium
1247 3941 1422 4015 gratis
1448 3941 1679 4011 confert,
1701 3959 1805 4000 nec
1826 3944 1950 4003 istae
1976 3945 2103 4004 duoe
2124 3961 2327 4021 accep-
