2850 4517
686 465 772 508 ιν.
800 482 879 494 -
906 469 983 510 ΒΕ
1026 469 1446 512 PERFECTIONE
1488 471 1654 512 virAE
1706 471 2079 516 spnu'ruAms
2267 457 2380 516 331

380 581 448 636 ad
479 596 601 638 eam
626 581 850 653 perduci
880 592 1108 655 possunt
1139 601 1233 657 per
1264 586 1588 641 exercitium
1623 586 1770 644 circa
1800 603 1988 642 curam
2022 587 2300 656 Ecclesiae,
2333 599 2388 645 et

378 668 728 742 dilectionem
772 671 1089 738 fraternam,
1127 689 1193 728 ex
1232 689 1339 746 qua
1383 689 1490 730 non
1524 675 1698 729 solum
1742 676 1992 749 proprias
2031 676 2252 732 divitias
2288 693 2388 750 pro
2469 701 2475 706 ·

377 757 557 814 salute
580 760 949 830 proximorum
981 777 1269 834 exponere,
1304 761 1387 818 vel
1416 770 1766 819 contemnere
1799 762 2000 818 debent
2034 780 2152 819 esse
2187 766 2385 837 parati,

378 846 597 916 quando
637 847 803 904 fuerit
840 857 1225 921 opportunum,
1267 852 1363 908 sed
1398 853 1815 925 etiampropria
1843 844 2092 925 corpora,
2124 859 2185 908 ut
2225 869 2388 925 supra

378 935 586 990 dictum
612 943 715 992 est.
737 936 893 993 Unde
910 938 1431 1013 chrysostom.dicit
1452 941 1508 996 in
1534 940 1750 1011 dialogo
1777 955 1945 996 suoz«
1961 941 2216 1012 Magnum
2240 951 2388 998 certe

332 1017 337 1021 ’
379 1022 768 1081 monachorum
782 1032 1058 1082 certamen
1081 1048 1107 1080 »
1130 1035 1213 1083 :et
1228 1036 1417 1102 postea
1450 1028 1633 1084 subdit
1657 1046 1712 1083 τι(
1735 1029 1833 1096 lbi,
1861 1029 2072 1085 scilicet
2098 1030 2152 1106 in
2183 1045 2389 1088 monas·

380 1111 489 1166 tico
530 1119 699 1181 statu,
743 1114 1011 1185 jejunium
1056 1121 1139 1171 est
1184 1117 1402 1184 durum,
1437 1124 1494 1172 et
1543 1117 1761 1187 vigilIae,
1808 1125 1862 1172 et
1907 1117 2116 1191 reliqua
2165 1135 2289 1190 quae
2319 1119 2385 1175 ad

378 1198 726 1256 afflictionem
758 1204 1002 1276 corporis
1031 1216 1364 1262 concurrunt
1396 1223 1409 1261 ε
1439 1205 1526 1261 hic
1554 1220 1704 1271 ver0,
1740 1204 1951 1261 scilicet
1978 1207 2034 1260 in
2060 1213 2207 1262 statu
2243 1209 2388 1282 Pon-

378 1287 586 1360 tificali,
618 1307 748 1362 erga
778 1292 1016 1350 animam
1046 1310 1135 1349 ars
1178 1301 1294 1350 tota
1322 1300 1574 1352 versatur
1599 1313 1647 1350 n.
1678 1295 1746 1348 Et
1775 1303 1966 1367 postea
2003 1295 2158 1368 ponit
2201 1311 2388 1352 exem-

376 1375 545 1448 plum,
584 1380 728 1435 sicut
755 1380 811 1436 hi
845 1382 939 1454 qui
970 1390 1087 1460 arte
1114 1383 1434 1440 mechanica
1459 1383 1714 1457 quaedam
1761 1384 2028 1461 stupenda
2057 1384 2283 1450 faciunt,
2318 1385 2384 1441 ad

358 1463 501 1537 *quae
537 1474 765 1526 utuntur
812 1470 1056 1542 pluribus
1084 1471 1482 1529 instrumentis·
1520 1471 1878 1544 Philosophus
1921 1480 2104 1529 autem
2143 1473 2276 1529 nihil
2319 1474 2388 1529 de

377 1554 459 1610 his
483 1558 785 1629 requirens,
814 1576 1029 1616 omnem
1050 1568 1226 1618 artem
1244 1577 1399 1619 suam
1427 1561 1682 1634 operibus
1705 1552 1874 1617 soliu's
1901 1565 2101 1618 mentis
2124 1562 2383 1618 ostendit.

374 1643 535 1699 Forte
580 1655 765 1702 autem
807 1647 978 1718 alicui,
1012 1641 1739 1720 videtui-„quod'Episcopi
1788 1655 2096 1715 teneantur,
2141 1656 2200 1705 ut
2247 1651 2387 1708 hanc

375 1732 763 1804 perfectionem
789 1735 856 1790 de
887 1736 1211 1807 abjiciendis
1238 1735 1446 1792 divitiis
1471 1734 1708 1792 habeant
1744 1752 1851 1791 non
1879 1737 2054 1792 solum
2084 1739 2138 1792 in
2165 1755 2386 1812 praepa-

374 1822 585 1877 ratione
617 1823 803 1889 animi,
838 1823 931 1878 sed
962 1823 1131 1878 etiam
1160 1823 1213 1878 in
1242 1823 1504 1879 exercitio
1529 1829 1704 1878 actus.
1737 1824 2002 1880 Dominus
2028 1827 2172 1880 enim
2206 1831 2386 1898 Apos-

374 1909 501 1965 tolis
540 1910 844 1976 mandavit,
894 1918 952 1965 ut
994 1911 1217 1978 dicitur,
1268 1911 1461 1968 Matth.
1507 1927 1594 1967 x.
1636 1910 1817 1968 Nolite
1860 1912 2128 1982 possidere
2169 1931 2383 1981 aarum,

368 2013 553 2068 neque
566 2005 867 2068 amentum,
910 2003 1073 2069 neque
1102 1998 1389 2070 pecuniam
1427 1997 1488 2052 in
1525 1997 1674 2054 zonis
1701 1999 1910 2062 vestris,
1951 2014 2058 2052 non
2097 2016 2278 2068 peram
2325 2003 2386 2056 in

352 2070 483 2151 via,
510 2102 674 2156 neque
702 2087 839 2142 duas
864 2087 1091 2153 tunicas,
1140 2095 1304 2158 neque
1346 2087 1713 2150 calceamenta,
1743 2102 1908 2156 neque
1937 2087 2187 2158 viryavn:
2223 2088 2386 2159 Epis·

370 2175 495 2246 copi
542 2182 724 2230 autem
769 2190 1079 2231 sucessores
1119 2174 1506 2246 Apostoloium
1535 2181 1680 2242 sunt,
1715 2182 1969 2230 tenentur
1999 2191 2128 2245 ergo
2158 2175 2226 2231 ad
2267 2175 2386 2231 haec

372 2263 635 2342 mandata
664 2264 940 2335 Apostolis
968 2263 1138 2321 sacta.
1164 2265 1266 2320 Sed
1296 2263 1649 2321 manifestum
1673 2269 1757 2320 est
1784 2263 1841 2319 id
1866 2263 2011 2336 quod
2043 2263 2386 2321 concluditur

372 2367 562 2407 verum
592 2367 701 2406 non
734 2368 874 2408 esse.
906 2353 1145 2409 Fuerunt
1183 2353 1327 2408 enim
1353 2352 1615 2426 plurimi
1603 2368 1658 2408 in
1694 2351 1942 2408 Ecclesia
1979 2351 2080 2408 Dei
2108 2352 2381 2425 Episcopi,

373 2441 441 2496 de
466 2456 699 2513 quorum
736 2441 1029 2497 sanctitate
1058 2441 1297 2497 dubitari
1329 2457 1438 2498 non
1464 2447 1660 2514 potest,
1708 2441 1804 2514 qui
1845 2441 1950 2497 hoc
1985 2457 2090 2497 non
2120 2441 2385 2500 observa-

372 2536 587 2595 verunt,
638 2530 779 2596 sicut
808 2529 1158 2596 AthanasiuS,
1206 2530 1466 2599 HilariuS,
1521 2537 1576 2586 et
1614 2531 1723 2606 alii,
1749 2529 1968 2602 plurimi
2017 2547 2381 2588 successores·

374 2617 527 2673 Unde
554 2619 783 2688 August.
816 2617 994 2672 dicit
980 2634 1032 2671 m
1064 2617 1157 2673 lib.
1188 2626 1378 2674 contra
1409 2617 1792 2673 mendacium:
1827 2639 1852 2670 ιι
1881 2619 2000 2674 Νοιι
2031 2626 2246 2692 oportet
2275 2627 2386 2675 tan·

372 2715 492 2762 tum
521 2712 793 2778 praecepta
822 2706 921 2761 Dei
952 2705 1207 2774 retinere,
1222 2706 1315 2760 sed
1341 2705 1509 2761 etiam
1538 2707 1709 2760 vitam
1733 2707 2022 2804 moresque
2037 2709 2309 2785 justorum
2331 2726 2380 2762 n.

371 2795 563 2868 Itaque
590 2794 784 2867 plura
769 2811 825 2849 ιιι
848 2794 1033 2849 verbis
1054 2791 1355 2863 intelligere
1380 2807 1486 2848 non
1510 2777 1776 2859 valenteS,
1803 2793 1859 2847 in
1887 2794 2046 2849 factis
2069 2802 2384 2850 sanctorum

370 2883 695 2956 colligimus,
720 2881 1190 2961 quemadmodum
1220 2886 1437 2953 oportet
1469 2896 1535 2936 ea
1565 2881 1759 2952 accipi.
1791 2881 1860 2935 Et
1888 2881 2050 2952 hujus
2091 2883 2234 2937 ratio
2277 2889 2379 2950 est,

370 2973 525 3044 quia
551 2973 693 3028 idern
746 2972 981 3044 Spiritus
1019 2972 1250 3028 Sanctus
1294 2969 1387 3042 qui
1440 2967 1680 3042 loquitur
1732 2969 1789 3022 in
1834 2953 2149 3042 scripturis„
2202 2979 2384 3027 movet

370 3068 595 3116 sanctos
630 3061 697 3117 ad
741 3060 1098 3139 operandum,
1145 3057 1446 3115 secundum
1490 3056 1626 3113 illud
1662 3058 1820 3113 Rom.
1852 3073 1958 3112 vm
2005 3055 2384 3138 ·Quicumque

368 3149 573 3220 spiritu
612 3149 714 3204 Dei
738 3155 998 3222 ayuntur,
1029 3149 1084 3204 hi
1106 3147 1213 3220 filii
1243 3147 1344 3203 Dei
1367 3153 1536 3204 sunt:
1563 3153 1620 3202 et
1648 3145 1770 3202 ideo
1801 3162 1907 3202 non
1938 3153 2022 3202 est
2051 3125 2382 3202 credendum

368 3239 425 3293 id
451 3237 599 3310 qu'od
639 3254 671 3294 a
700 3240 907 3294 sanctis
932 3237 1065 3295 viris
1102 3237 1466 3294 communiter
1509 3235 1709 3307 agitur,
1742 3243 1933 3291 contra
1962 3221 2206 3292 divinum
2233 3251 2382 3309 prae-

368 3334 593 3399 ceptum
620 3343 757 3384 esse.
776 3327 856 3384 Ut
882 3331 1011 3399 ergo
1041 3328 1242 3383 ibidem
1272 3327 1493 3401 dicitur,
1527 3334 1580 3382 et
1610 3325 1778 3381 etiam
1809 3326 1862 3379 in
1893 3325 1987 3381 lib.
2020 3325 2088 3381 de
2117 3340 2384 3382 consensu

369 3415 862 3486 Evangelistarum,
896 3433 994 3471 cur
1032 3416 1294 3471 Dominus
1327 3415 1528 3471 dixerit
1568 3413 1844 3485 Apostolis
1872 3417 1932 3468 ut
1959 3412 2090 3467 nihil
2135 3412 2382 3484 posside-

353 3494 513 3574 rent,
546 3521 647 3560 nec
688 3505 891 3578 aliquid
922 3502 1109 3560 secum
1149 3505 1209 3559 in
1251 3506 1341 3560 via
1390 3509 1691 3576 portarent,
1741 3503 1876 3559 satis
1903 3503 2020 3575 ipse
2051 3501 2382 3578 significavit

370 3609 497 3650 cum
528 3593 740 3650 addidit
766 3611 780 3648 ε
812 3593 1021 3666 Diynus
1049 3600 1124 3649 est
1150 3591 1290 3648 enim
1318 3592 1604 3664 operarius
1629 3591 1861 3648 mercede
1889 3607 1985 3646 sua
2015 3607 2033 3646 .·
2064 3590 2208 3645 unde
2246 3591 2382 3647 satis

370 3680 613 3736 ostendit
647 3681 753 3736 hoc
780 3677 900 3736 esse
925 3681 1268 3751 permis-sum,
1298 3693 1404 3734 non
1442 3680 1678 3751 jussum,
1723 3678 1864 3734 unde
1893 3678 1992 3751 'qui
2025 3677 2382 3749 permissione

276 3833 279 3836 ⁴
371 3769 455 3826 uti
482 3784 591 3824 non
635 3769 769 3836 vult,
816 3775 876 3824 ut
914 3768 985 3825 ab
1020 3767 1143 3824 aliis
1171 3766 1406 3839 accipiat
1435 3767 1580 3823 unde
1609 3767 1778 3832 vivat,
1821 3767 1916 3824 sed
1941 3767 2053 3821 'sua
2095 3763 2272 3820 desert
2311 3764 2382 3819 ad

370 3859 698 3926 vivendum,
728 3849 835 3914 non
860 3865 1050 3915 contra
1090 3857 1303 3912 Domini
1350 3856 1684 3929 praec'eptum
1712 3856 1866 3912 facit.
1911 3853 2071 3911 Aliud
2110 3860 2194 3908 est
2235 3853 2381 3908 enim

371 3948 732 4020 permissione
755 3963 863 4004 non
894 3949 995 4017 uti,
1026 3946 1171 4020 quod
1202 3952 1255 4002 et
1282 3945 1480 4003 Paulus
1509 3944 1639 4000 fecit
1683 3962 1696 4002 z
1737 3951 1793 4000 et
1823 3943 1970 4000 aliud
2001 3943 2161 4015 agere
2190 3948 2381 3999 contra

354 4044 731 4114 praeceptum.
761 4029 943 4092 Pote'st
966 4037 1133 4092 etiam
1158 4043 1213 4090 et
1242 4035 1405 4091 aliter
1422 4033 1581 4103 solvi,
1610 4038 1672 4088 ut
1699 4031 2036 4105 intelligatur
2064 4024 2166 4088 hoc
2191 4031 2382 4088 Domi·-
