2850 4517
447 411 450 416 .
539 352 623 417 9·ss
1019 347 1084 414 ἐζ
1115 365 1347 412 'rnoMAE
1387 364 1717 416 Aomrwns
1758 363 2069 407 croscum

543 487 746 544 dentiae
781 480 1164 543 cer-titudinem
1203 490 1465 557 praestare
1506 482 1781 548 videntur,
1814 480 2026 536 scilicet
2067 478 2427 536 infallibilitas
2454 478 2544 534 di-

541 579 686 635 vinae
716 576 1090 650 praescientiae‚
1123 561 1365 630 efficacia
1393 572 1597 628 divinae
1621 567 1939 635 voluntatiS,
1966 578 2021 625 et
2048 567 2321 642 sapientia
2344 569 2547 624 divinae

545 665 935 738 dispositionis,
959 676 1084 736 quae
1108 656 1228 718 v‘ias
1255 661 1587 717 sufficientes
1616 660 1683 716 ad
1710 656 1965 716 effectum
1992 659 2436 733 consequendum
2462 657 2545 713 ad·

544 755 766 821 invenit,
796 765 1026 825 quornm
1054 751 1266 825 nullum·
1283 751 1671 820 contingentiae
1692 763 1872 804 rerum
1896 755 2183 821 repugnat.
2206 749 2344 804 Nam
2366 750 2545 804 scien-

547 845 622 900 tia
641 843 742 898 Dei
764 841 1062 896 infallibilis
1086 848 1169 896 est
1195 841 1364 896 etiam
1388 839 1821 911 contingentium
1850 836 2177 906 futurorum,
2205 838 2546 918 inquantum

543 935 688 988 Deus
717 933 960 986 intuetur
990 931 1042 984 in
1073 944 1170 984 suo
1199 935 1405 986 aeterno
1434 926 1637 994 futura,
1670 935 1833 1002 prout
1868 938 2001 984 sunt
2022 931 2157 984 ⁴actu
2185 929 2241 984 in
2278 943 2378 983 suo
2404 943 2545 994 csse,

545 1031 793 1095 utsupra
821 1021 1130 1092 expositum
1167 1021 1272 1076 est.
1311 1018 1576 1080 Voluntas
1604 1019 1771 1074 etiam
1805 1014 1923 1086 Dei,
1952 1031 2085 1074 cum·
2116 1018 2189 1072 sit
2225 1015 2553 1074 universalis

545 1100 929 1176 rerum'causa,
949 1125 1055 1166 non
1075 1106 1251 1164 solum
1267 1115 1352 1163 est
1370 1109 1439 1163 de
1453 1108 1575 1175 hoc,
1606 1108 1751 1181 quod
1770 1107 1978 1180 aliquid
1994 1107 2110 1173 fiat,
2136 1107 2231 1162 sed
2254 1113 2313 1161 ut
2333 1107 2413 1160 sic
2432 1106 2547 1161 fiat.

546 1203 660 1256 Hoc
685 1201 850 1270 igitur
878 1198 946 1254 ad
975 1195 1277 1253 efficaciam
1301 1196 1504 1253 divinae
1527 1195 1827 1252 voluntatis
1850 1197 2112 1270 pertinet,
2144 1202 2205 1250 ιιι
2246 1211 2355 1252 non
2374 1195 2550 1251 solum

548 1290 642 1345 liat
665 1288 810 1360 quod
839 1289 982 1342 Deus
1009 1287 1142 1351 vult,
1175 1285 1273 1340 sed
1303 1291 1364 1340 ut
1385 1285 1489 1341 hoc
1512 1286 1674 1340 modo
1700 1285 1795 1340 fiat
1817 1285 2090 1358 quomodo
2108 1284 2241 1340 illud
2270 1285 2385 1340 fieri
2411 1283 2547 1340 vult.

548 1377 672 1433 Vult
687 1382 872 1433 autem
894 1375 1147 1448 quaedam
1167 1372 1633 1440 fierinecessar10‚
1657 1381 1711 1430 et
1732 1375 1987 1447 quaedam
2002 1370 2398 1444 contingenter,
2422 1374 2551 1445 quia

549 1473 842 1538 utrumque
871 1464 1180 1536 requiritur
1210 1463 1279 1518 ad
1319 1463 1779 1536 complementum
1820 1476 1941 1518 esse
1972 1457 2232 1517 universi.
2274 1459 2347 1518 Ut
2386 1457 2551 1532 igitur

549 1562 780 1628 utroq-ue
822 1551 984 1608 modo
1021 1567 1110 1608 res
1151 1553 1521 1624 provenirent,
1546 1551 1885 1630 ‘quibusdam
1940 1552 2167 1622 adaptat
2214 1550 2553 1606 necessarias

547 1659 758 1711 causaS‚
792 1636 1118 1715 quibusdam
1143 1655 1274 1697 vero
1302 1642 1699 1712 contingenteS,
1734 1648 1795 1695 ut
1828 1641 1928 1706 sic,
1955 1641 2087 1695 dum
2126 1638 2380 1711 quaedam
2419 1637 2555 1692 fiunt

547 1724 874 1798 necessarie,
910 1733 1164 1804 qnaedam
1192 1723 1591 1800 contingenter,
1618 1730 1804 1786 divina
1835 1729 2087 1784 voluntas
2114 1719 2413 1784 efficaciter
2445 1727 2553 1782 im-

551 1823 782 1896 pleatur.
807 1819 1152 1875 Manifestum
1185 1825 1268 1874 est
1291 1820 1457 1882 etiam
1488 1819 1633 1891 quod
1665 1834 1760 1890 per
1784 1818 2109 1891 sapientiam
2136 1817 2335 1872 divinae
2364 1816 2552 1888 dispo-

551 1906 764 1962 sitionis
809 1905 1166 1981 providentiae
1199 1907 1471 1962 certitudo
1511 1909 1779 1973 servatur,
1812 1907 2185 1978 contingentia
2222 1921 2403 1960 rerum
2435 1919 2553 1960 ma-

550 2002 730 2050 nente.
752 1996 890 2050 Nam
917 1996 960 2049 si
983 1995 1086 2050 hoc
1109 2011 1204 2068 per
1222 1994 1625 2068 providentiam
1652 1995 1887 2050 hominis
1916 1995 2029 2050 fieri
2058 1993 2257 2068 potest,
2287 2003 2349 2050 ut
2374 2009 2554 2049 causae

551 2100 674 2158 quae
702 2085 934 2140 deficere
969 2085 1162 2156 'potest
1205 2085 1274 2140 ab
1312 2085 1529 2148 effectu,
1568 2085 1649 2138 sic
1690 2081 1831 2138 ferat
1872 2081 2135 2138 auxilium
2186 2090 2245 2138 ut
2280 2082 2554 2137 interdum

551 2172 922 2229 indeficienter
957 2180 1221 2245 sequatur
1245 2169 1491 2236 effectus„
1525 2173 1669 2226 sicut
1705 2170 1859 2241 patet
1892 2172 1946 2226 in
1987 2171 2198 2227 medico
2223 2169 2473 2238 sanante,
2502 2178 2555 2225 et

553 2261 605 2314 in
645 2261 816 2316 vineae
845 2260 1054 2315 cultore
1091 2266 1282 2314 contra
1312 2257 1661 2315 sterilitatem
1704 2258 1834 2314 vitis
1876 2259 2183 2315 'adhibendo
2231 2259 2551 2323 remedium,

552 2347 721 2403 multo
767 2349 940 2418 magis
980 2347 1176 2402 lioc2ex
1217 2347 1487 2418 sapientia
1532 2347 1733 2402 divinae
1762 2347 2136 2419 dispositionIS
2177 2349 2467 2418 contingit,
2496 2355 2556 2402 ut

553 2435 804 2507 quamvis
837 2449 1023 2490 causae
1055 2435 1435 2505 contingentes
1478 2435 1713 2490 deficere
1752 2437 1959 2507 possint
1986 2442 2253 2508 quantum
2281 2446 2364 2492 est
2402 2436 2473 2490 de
2496 2451 2557 2491 se

553 2524 622 2580 ab
655 2523 872 2588 effectu,
913 2529 1094 2578 tamen
1133 2505 1461 2595 quibusdam
1502 2524 1849 2580 adminiculis
1894 2525 2561 2581 adhibitis'indeficienter

553 2618 818 2682 sequatur
859 2611 1104 2678 effectus,
1133 2613 1274 2684 quod
1315 2614 1436 2684 ejus
1477 2601 1907 2683 contingentiam
1946 2631 2053 2670 non
2095 2614 2260 2669 tollit.
2299 2615 2391 2670 Sic
2428 2629 2559 2685 ergo

555 2705 706 2770 patet
730 2699 877 2770 quod
905 2711 1088 2754 rerum
1135 2701 1505 2771 contingentia
1541 2701 1742 2756 divinae
1777 2702 2139 2773 providentiae
2172 2702 2559 2758 certitudinem

555 2802 658 2842 non
685 2784 946 2843 excludit.

1257 2959 1541 3026 CAPUT
1612 2960 1845 3028 CXLI.

752 3101 929 3176 Quod
955 3097 1174 3164 divim
1207 3097 1609 3180 providentior
1638 3103 1934 3166 certitudo
1963 3121 2082 3166 non
2108 3099 2378 3167 occludit
2472 3153 2479 3160 .
2564 3179 2570 3190 ὑ

1189 3270 1196 3278 ‚
1239 3253 1244 3258 ,
1304 3189 1468 3254 mala
1516 3209 1555 3254 a
1602 3187 1799 3254 rebusss
2064 3191 2073 3198 ’
2470 3193 2475 3200 “

575 3353 580 3358 ·
625 3311 827 3378 Eodem
855 3324 1022 3378 etiam
1045 3316 1206 3378 modo
1229 3323 1463 3394 perspici
1493 3330 1691 3395 potest,
1715 3325 1861 3396 quod
1880 3324 2068 3380 divina
2088 3326 2433 3397 providentia
2460 3333 2565 3380 ma·

555 3419 735 3476 uento,
771 3412 910 3468 mala
938 3412 994 3468 in
1034 3411 1237 3467 mundo
1265 3412 1515 3470 accidere
1542 3423 1767 3486 possunt
1804 3421 2025 3486 propter
2046 3414 2321 3469 defectum
2362 3427 2565 3468 causa·-

558 3515 676 3553 rnm
725 3500 1107 3557 secundarum.
1159 3500 1419 3557 Videmus
1470 3502 1615 3557 enim
1658 3503 1712 3557 in
1759 3503 1943 3558 causis
1994 3502 2263 3558 ordinatis
2310 3500 2563 3558 accidere

556 3587 760 3642 malum
787 3589 840 3642 in
855 3590 1052 3644 effectu
1077 3606 1144 3644 ex
1170 3589 1385 3645 defectu
1410 3607 1593 3646 causae
1618 3587 1891 3658 secundae,
1925 3592 2017 3662 qui
2048 3601 2229 3646 tamen
2260 3589 2511 3645 defectus
2533 3605 2564 3645 a

555 3687 718 3732 'causa
765 3678 938 3748 prima
974 3677 1130 3749 „nullo
1175 3679 1335 3734 modo
1382 3686 1659 3745 causatur,
1702 3680 1844 3734 sicut
1894 3679 2099 3734 malum
2145 3678 2565 3739 claudicationis

556 3771 814 3821 causatur
843 3782 875 3820 a
904 3765 1176 3821 curvitate
1215 3765 1408 3832 cruriS,
1444 3775 1549 3821 non
1580 3769 1766 3822 aulem
1794 3779 1824 3822 a
1854 3769 2059 3823 'virtute
2084 3769 2301 3822 -animae
2334 3767 2562 3822 motiva.

555 3853 707 3907 Unde
734 3853 995 3924 quicquid
1025 3855 1189 3909 estin
1217 3849 1615 3910 claudicatione
1644 3856 1713 3910 de
1748 3861 1923 3919 motu,
1948 3856 2184 3910 refertur
2220 3855 2273 3908 in
2300 3854 2567 3910 virtutem

561 3933 822 4000 motivam
845 3943 989 4004 sicut
1016 3942 1076 3997 in
1093 3942 1353 4000 causam:
1381 3943 1529 4016 quod
1560 3953 1744 4012 autem
1769 3951 1853 4000 est
1882 3943 1959 3998 ibi
1990 3943 2060 3999 de
2088 3942 2437 4017 obliquitate,
2458 3952 2567 4000 non
