<?xml version="1.0" encoding="UTF-8"?>
<!DOCTYPE html PUBLIC "-//W3C//DTD XHTML 1.0 Transitional//EN"
    "http://www.w3.org/TR/xhtml1/DTD/xhtml1-transitional.dtd">
<html xmlns="http://www.w3.org/1999/xhtml" xml:lang="en" lang="en">
 <head>
  <title>
</title>
<meta http-equiv="Content-Type" content="text/html;charset=utf-8" />
  <meta name='ocr-system' content='tesseract 3.04.00' />
  <meta name='ocr-capabilities' content='ocr_page ocr_carea ocr_par ocr_line ocrx_word'/>
</head>
<body>
  <div class='ocr_page' id='page_1' title='image "./sthomaquinatisd02thomgoog_0098.png"; bbox 0 0 2850 4517; ppageno 0'>
   <div class='ocr_carea' id='block_1_1' title="bbox 555 372 2089 433">
    <p class='ocr_par' dir='ltr' id='par_1_1' title="bbox 555 372 2089 433">
     <span class='ocr_line' id='line_1_1' title="bbox 555 372 2089 433; baseline -0.007 0"><span class='ocrx_word' id='word_1_1' title='bbox 555 372 634 433; x_wconf 80' lang='lat'><strong>84</strong></span> <span class='ocrx_word' id='word_1_2' title='bbox 1033 386 1084 429; x_wconf 82' lang='lat' dir='ltr'><strong>s.</strong></span> <span class='ocrx_word' id='word_1_3' title='bbox 1131 380 1364 426; x_wconf 69' lang='lat' dir='ltr'><strong>Tnonlss</strong></span> <span class='ocrx_word' id='word_1_4' title='bbox 1404 378 1733 431; x_wconf 59' lang='lat' dir='ltr'><strong>anema-ris</strong></span> <span class='ocrx_word' id='word_1_5' title='bbox 1772 377 2089 423; x_wconf 65' lang='lat' dir='ltr'><strong>ornacum</strong></span> 
     </span>
    </p>
   </div>
   <div class='ocr_carea' id='block_1_2' title="bbox 515 492 2601 4043">
    <p class='ocr_par' dir='ltr' id='par_1_2' title="bbox 515 492 2601 4043">
     <span class='ocr_line' id='line_1_2' title="bbox 557 492 2579 577; baseline -0.004 -15"><span class='ocrx_word' id='word_1_6' title='bbox 557 500 935 577; x_wconf 86' lang='lat' dir='ltr'><strong>contemplari,</strong></span> <span class='ocrx_word' id='word_1_7' title='bbox 968 507 1128 574; x_wconf 90' lang='lat' dir='ltr'><strong>prout</strong></span> <span class='ocrx_word' id='word_1_8' title='bbox 1156 504 1283 558; x_wconf 88' lang='lat' dir='ltr'><strong>sunt</strong></span> <span class='ocrx_word' id='word_1_9' title='bbox 1323 497 1378 555; x_wconf 89' lang='lat' dir='ltr'><strong>in</strong></span> <span class='ocrx_word' id='word_1_10' title='bbox 1407 498 1551 565; x_wconf 88' lang='lat' dir='ltr'><strong>Deo,</strong></span> <span class='ocrx_word' id='word_1_11' title='bbox 1595 494 1737 553; x_wconf 87' lang='lat' dir='ltr'><strong>unde</strong></span> <span class='ocrx_word' id='word_1_12' title='bbox 1764 492 2049 552; x_wconf 74' lang='lat' dir='ltr'><strong>Cherubim</strong></span> <span class='ocrx_word' id='word_1_13' title='bbox 2093 493 2350 551; x_wconf 89' lang='lat' dir='ltr'><strong>dicuntur</strong></span> <span class='ocrx_word' id='word_1_14' title='bbox 2386 512 2419 553; x_wconf 86' lang='lat' dir='ltr'><strong>a</strong></span> <span class='ocrx_word' id='word_1_15' title='bbox 2448 495 2579 571; x_wconf 89' lang='lat' dir='ltr'><strong>ple-</strong></span> 
     </span>
     <span class='ocr_line' id='line_1_3' title="bbox 558 585 2573 659; baseline -0.004 -7"><span class='ocrx_word' id='word_1_16' title='bbox 558 594 808 653; x_wconf 90' lang='lat' dir='ltr'><strong>nitudine</strong></span> <span class='ocrx_word' id='word_1_17' title='bbox 831 591 1095 651; x_wconf 81' lang='lat' dir='ltr'><strong>scientioe.</strong></span> <span class='ocrx_word' id='word_1_18' title='bbox 1125 588 1310 647; x_wconf 81' lang='lat' dir='ltr'><strong>Tertii·</strong></span> <span class='ocrx_word' id='word_1_19' title='bbox 1326 602 1458 645; x_wconf 80' lang='lat' dir='ltr'><strong>vero</strong></span> <span class='ocrx_word' id='word_1_20' title='bbox 1486 586 1694 643; x_wconf 83' lang='lat' dir='ltr'>ordinis</span> <span class='ocrx_word' id='word_1_21' title='bbox 1716 592 1801 643; x_wconf 88' lang='lat' dir='ltr'><strong>est</strong></span> <span class='ocrx_word' id='word_1_22' title='bbox 1826 585 2175 643; x_wconf 81' lang='lat' dir='ltr'><strong>considerare</strong></span> <span class='ocrx_word' id='word_1_23' title='bbox 2206 586 2261 641; x_wconf 92' lang='lat' dir='ltr'><strong>in</strong></span> <span class='ocrx_word' id='word_1_24' title='bbox 2286 585 2403 659; x_wconf 89' lang='lat' dir='ltr'><strong>ipso</strong></span> <span class='ocrx_word' id='word_1_25' title='bbox 2434 587 2573 654; x_wconf 87' lang='lat' dir='ltr'><strong>Deo,</strong></span> 
     </span>
     <span class='ocr_line' id='line_1_4' title="bbox 557 673 2576 759; baseline -0.004 -18"><span class='ocrx_word' id='word_1_26' title='bbox 557 682 834 759; x_wconf 90' lang='lat' dir='ltr'><strong>quomodo</strong></span> <span class='ocrx_word' id='word_1_27' title='bbox 881 697 916 739; x_wconf 89' lang='lat' dir='ltr'><strong>a</strong></span> <span class='ocrx_word' id='word_1_28' title='bbox 955 677 1224 737; x_wconf 78' lang='lat' dir='ltr'><strong>creaturis</strong></span> <span class='ocrx_word' id='word_1_29' title='bbox 1268 676 1629 751; x_wconf 77' lang='lat' dir='ltr'><strong>participetur</strong></span> <span class='ocrx_word' id='word_1_30' title='bbox 1676 673 2459 747; x_wconf 74' lang='lat' dir='ltr'><strong>rationibusintelligibilibus</strong></span> <span class='ocrx_word' id='word_1_31' title='bbox 2500 677 2576 733; x_wconf 86' lang='lat' dir='ltr'><strong>ad</strong></span> 
     </span>
     <span class='ocr_line' id='line_1_5' title="bbox 558 761 2577 844; baseline -0.006 -13"><span class='ocrx_word' id='word_1_32' title='bbox 558 761 786 832; x_wconf 71' lang='lat' dir='ltr'><strong>effectus</strong></span> <span class='ocrx_word' id='word_1_33' title='bbox 802 768 1110 844; x_wconf 72' lang='lat' dir='ltr'><strong>applicatis,</strong></span> <span class='ocrx_word' id='word_1_34' title='bbox 1126 765 1269 826; x_wconf 91' lang='lat' dir='ltr'><strong>unde</strong></span> <span class='ocrx_word' id='word_1_35' title='bbox 1289 764 1360 822; x_wconf 89' lang='lat' dir='ltr'><strong>ab</strong></span> <span class='ocrx_word' id='word_1_36' title='bbox 1381 762 1631 822; x_wconf 81' lang='lat' dir='ltr'><strong>habendo</strong></span> <span class='ocrx_word' id='word_1_37' title='bbox 1646 764 1705 820; x_wconf 91' lang='lat' dir='ltr'><strong>in</strong></span> <span class='ocrx_word' id='word_1_38' title='bbox 1723 781 1783 821; x_wconf 92' lang='lat' dir='ltr'><strong>se</strong></span> <span class='ocrx_word' id='word_1_39' title='bbox 1797 764 1973 820; x_wconf 86' lang='lat' dir='ltr'><strong>Deum</strong></span> <span class='ocrx_word' id='word_1_40' title='bbox 1997 762 2343 831; x_wconf 78' lang='lat' dir='ltr'><strong>insidentem,</strong></span> <span class='ocrx_word' id='word_1_41' title='bbox 2369 762 2577 821; x_wconf 80' lang='lat' dir='ltr'><strong>Throni</strong></span> 
     </span>
     <span class='ocr_line' id='line_1_6' title="bbox 557 851 2576 923; baseline -0.005 -5"><span class='ocrx_word' id='word_1_42' title='bbox 557 868 686 918; x_wconf 88' lang='lat' dir='ltr'><strong>sunt</strong></span> <span class='ocrx_word' id='word_1_43' title='bbox 709 858 865 917; x_wconf 90' lang='lat' dir='ltr'><strong>dicti.</strong></span> <span class='ocrx_word' id='word_1_44' title='bbox 895 854 1179 915; x_wconf 78' lang='lat' dir='ltr'><strong>Secundus</strong></span> <span class='ocrx_word' id='word_1_45' title='bbox 1207 852 1391 911; x_wconf 82' lang='lat' dir='ltr'><strong>autem</strong></span> <span class='ocrx_word' id='word_1_46' title='bbox 1424 851 1762 923; x_wconf 88' lang='lat' dir='ltr'><strong>intelligendi</strong></span> <span class='ocrx_word' id='word_1_47' title='bbox 1794 852 1988 909; x_wconf 89' lang='lat' dir='ltr'><strong>modus</strong></span> <span class='ocrx_word' id='word_1_48' title='bbox 2012 858 2097 908; x_wconf 87' lang='lat' dir='ltr'><strong>est</strong></span> <span class='ocrx_word' id='word_1_49' title='bbox 2136 852 2375 909; x_wconf 86' lang='lat' dir='ltr'><strong>rationes</strong></span> <span class='ocrx_word' id='word_1_50' title='bbox 2404 853 2576 907; x_wconf 86' lang='lat' dir='ltr'><strong>effec-</strong></span> 
     </span>
     <span class='ocr_line' id='line_1_7' title="bbox 558 938 2576 1022; baseline -0.004 -16"><span class='ocrx_word' id='word_1_51' title='bbox 558 956 712 1006; x_wconf 87' lang='lat' dir='ltr'><strong>tuum</strong></span> <span class='ocrx_word' id='word_1_52' title='bbox 736 948 899 1022; x_wconf 80' lang='lat' dir='ltr'><strong>prout</strong></span> <span class='ocrx_word' id='word_1_53' title='bbox 935 938 1064 1001; x_wconf 84' lang='lat' dir='ltr'><strong>sunt</strong></span> <span class='ocrx_word' id='word_1_54' title='bbox 1103 944 1162 999; x_wconf 92' lang='lat' dir='ltr'><strong>in</strong></span> <span class='ocrx_word' id='word_1_55' title='bbox 1203 940 1386 999; x_wconf 80' lang='lat' dir='ltr'><strong>causis</strong></span> <span class='ocrx_word' id='word_1_56' title='bbox 1410 938 1812 998; x_wconf 85' lang='lat' dir='ltr'><strong>universalibus</strong></span> <span class='ocrx_word' id='word_1_57' title='bbox 1846 940 2215 1007; x_wconf 79' lang='lat' dir='ltr'><strong>considerare,</strong></span> <span class='ocrx_word' id='word_1_58' title='bbox 2258 942 2315 997; x_wconf 89' lang='lat' dir='ltr'><strong>et</strong></span> <span class='ocrx_word' id='word_1_59' title='bbox 2344 940 2448 997; x_wconf 82' lang='lat' dir='ltr'><strong>hoc</strong></span> <span class='ocrx_word' id='word_1_60' title='bbox 2488 948 2576 999; x_wconf 78' lang='lat' dir='ltr'><strong>cst</strong></span> 
     </span>
     <span class='ocr_line' id='line_1_8' title="bbox 558 1028 2579 1113; baseline -0.004 -19"><span class='ocrx_word' id='word_1_61' title='bbox 558 1035 840 1113; x_wconf 85' lang='lat' dir='ltr'><strong>proprium</strong></span> <span class='ocrx_word' id='word_1_62' title='bbox 875 1030 1133 1091; x_wconf 80' lang='lat' dir='ltr'><strong>secundae</strong></span> <span class='ocrx_word' id='word_1_63' title='bbox 1174 1029 1519 1100; x_wconf 68' lang='lat' dir='ltr'><strong>hierarchiae,</strong></span> <span class='ocrx_word' id='word_1_64' title='bbox 1558 1044 1687 1102; x_wconf 82' lang='lat' dir='ltr'><strong>quae</strong></span> <span class='ocrx_word' id='word_1_65' title='bbox 1728 1029 1899 1090; x_wconf 84' lang='lat' dir='ltr'><strong>etiam</strong></span> <span class='ocrx_word' id='word_1_66' title='bbox 1927 1028 1983 1084; x_wconf 88' lang='lat' dir='ltr'><strong>in</strong></span> <span class='ocrx_word' id='word_1_67' title='bbox 2012 1030 2127 1085; x_wconf 83' lang='lat' dir='ltr'><strong>tres</strong></span> <span class='ocrx_word' id='word_1_68' title='bbox 2164 1029 2386 1086; x_wconf 77' lang='lat' dir='ltr'><strong>ordines</strong></span> <span class='ocrx_word' id='word_1_69' title='bbox 2424 1028 2579 1085; x_wconf 88' lang='lat' dir='ltr'><strong>divi·-</strong></span> 
     </span>
     <span class='ocr_line' id='line_1_9' title="bbox 559 1118 2577 1193; baseline -0.004 -10"><span class='ocrx_word' id='word_1_70' title='bbox 559 1127 710 1183; x_wconf 86' lang='lat' dir='ltr'><strong>ditur</strong></span> <span class='ocrx_word' id='word_1_71' title='bbox 737 1123 1038 1181; x_wconf 83' lang='lat' dir='ltr'><strong>secundum</strong></span> <span class='ocrx_word' id='word_1_72' title='bbox 1066 1120 1190 1189; x_wconf 87' lang='lat' dir='ltr'><strong>tria,</strong></span> <span class='ocrx_word' id='word_1_73' title='bbox 1220 1134 1347 1193; x_wconf 80' lang='lat' dir='ltr'><strong>quae</strong></span> <span class='ocrx_word' id='word_1_74' title='bbox 1373 1118 1447 1177; x_wconf 88' lang='lat' dir='ltr'><strong>ad</strong></span> <span class='ocrx_word' id='word_1_75' title='bbox 1492 1118 1829 1177; x_wconf 86' lang='lat' dir='ltr'><strong>universales</strong></span> <span class='ocrx_word' id='word_1_76' title='bbox 1868 1134 2067 1176; x_wconf 83' lang='lat' dir='ltr'><strong>causas</strong></span> <span class='ocrx_word' id='word_1_77' title='bbox 2110 1126 2165 1175; x_wconf 86' lang='lat' dir='ltr'><strong>et</strong></span> <span class='ocrx_word' id='word_1_78' title='bbox 2207 1118 2444 1176; x_wconf 81' lang='lat' dir='ltr'><strong>maxime</strong></span> <span class='ocrx_word' id='word_1_79' title='bbox 2476 1134 2577 1175; x_wconf 82' lang='lat' dir='ltr'><strong>se·</strong></span> 
     </span>
     <span class='ocr_line' id='line_1_10' title="bbox 559 1206 2577 1285; baseline -0.004 -12"><span class='ocrx_word' id='word_1_80' title='bbox 559 1215 799 1273; x_wconf 85' lang='lat' dir='ltr'><strong>cundum</strong></span> <span class='ocrx_word' id='word_1_81' title='bbox 826 1206 1165 1270; x_wconf 85' lang='lat' dir='ltr'><strong>intellectum</strong></span> <span class='ocrx_word' id='word_1_82' title='bbox 1189 1217 1414 1281; x_wconf 83' lang='lat' dir='ltr'><strong>agentes</strong></span> <span class='ocrx_word' id='word_1_83' title='bbox 1456 1209 1751 1283; x_wconf 84' lang='lat' dir='ltr'><strong>pertinent,</strong></span> <span class='ocrx_word' id='word_1_84' title='bbox 1792 1222 2024 1285; x_wconf 85' lang='lat' dir='ltr'><strong>quorum</strong></span> <span class='ocrx_word' id='word_1_85' title='bbox 2048 1209 2285 1281; x_wconf 88' lang='lat' dir='ltr'><strong>primum</strong></span> <span class='ocrx_word' id='word_1_86' title='bbox 2312 1215 2399 1264; x_wconf 89' lang='lat' dir='ltr'><strong>est</strong></span> <span class='ocrx_word' id='word_1_87' title='bbox 2424 1222 2577 1281; x_wconf 83' lang='lat' dir='ltr'><strong>prae-</strong></span> 
     </span>
     <span class='ocr_line' id='line_1_11' title="bbox 561 1297 2577 1376; baseline -0.004 -14"><span class='ocrx_word' id='word_1_88' title='bbox 561 1304 816 1362; x_wconf 86' lang='lat' dir='ltr'><strong>ordinare</strong></span> <span class='ocrx_word' id='word_1_89' title='bbox 863 1314 992 1376; x_wconf 85' lang='lat' dir='ltr'><strong>quae</strong></span> <span class='ocrx_word' id='word_1_90' title='bbox 1039 1299 1252 1372; x_wconf 86' lang='lat' dir='ltr'><strong>agenda</strong></span> <span class='ocrx_word' id='word_1_91' title='bbox 1297 1304 1446 1366; x_wconf 85' lang='lat' dir='ltr'><strong>sunt,</strong></span> <span class='ocrx_word' id='word_1_92' title='bbox 1500 1297 1646 1355; x_wconf 87' lang='lat' dir='ltr'><strong>unde</strong></span> <span class='ocrx_word' id='word_1_93' title='bbox 1693 1298 1750 1353; x_wconf 89' lang='lat' dir='ltr'><strong>in</strong></span> <span class='ocrx_word' id='word_1_94' title='bbox 1778 1297 2085 1355; x_wconf 83' lang='lat' dir='ltr'><strong>artificibus</strong></span> <span class='ocrx_word' id='word_1_95' title='bbox 2128 1312 2398 1370; x_wconf 83' lang='lat' dir='ltr'><strong>supremae</strong></span> <span class='ocrx_word' id='word_1_96' title='bbox 2424 1304 2577 1353; x_wconf 88' lang='lat' dir='ltr'><strong>artes</strong></span> 
     </span>
     <span class='ocr_line' id='line_1_12' title="bbox 562 1385 2578 1467; baseline -0.002 -21"><span class='ocrx_word' id='word_1_97' title='bbox 562 1391 912 1467; x_wconf 81' lang='lat' dir='ltr'><strong>praeceptivae</strong></span> <span class='ocrx_word' id='word_1_98' title='bbox 933 1392 1079 1458; x_wconf 89' lang='lat' dir='ltr'><strong>sunt,</strong></span> <span class='ocrx_word' id='word_1_99' title='bbox 1107 1404 1234 1462; x_wconf 83' lang='lat' dir='ltr'><strong>quae</strong></span> <span class='ocrx_word' id='word_1_100' title='bbox 1255 1385 1701 1445; x_wconf 60' lang='lat' dir='ltr'><strong>architectonicas</strong></span> <span class='ocrx_word' id='word_1_101' title='bbox 1724 1392 1990 1443; x_wconf 85' lang='lat' dir='ltr'><strong>vocantur</strong></span> <span class='ocrx_word' id='word_1_102' title='bbox 2018 1403 2032 1442; x_wconf 72' lang='grc' dir='ltr'><strong>ε</strong></span> <span class='ocrx_word' id='word_1_103' title='bbox 2064 1392 2121 1443; x_wconf 89' lang='lat' dir='ltr'><strong>et</strong></span> <span class='ocrx_word' id='word_1_104' title='bbox 2144 1402 2213 1443; x_wconf 83' lang='lat' dir='ltr'><strong>ex</strong></span> <span class='ocrx_word' id='word_1_105' title='bbox 2240 1386 2342 1443; x_wconf 87' lang='lat' dir='ltr'><strong>hoc</strong></span> <span class='ocrx_word' id='word_1_106' title='bbox 2364 1387 2578 1459; x_wconf 87' lang='lat' dir='ltr'><strong>primus</strong></span> 
     </span>
     <span class='ocr_line' id='line_1_13' title="bbox 563 1474 2577 1551; baseline -0.003 -14"><span class='ocrx_word' id='word_1_107' title='bbox 563 1482 703 1537; x_wconf 84' lang='lat' dir='ltr'><strong>ordo</strong></span> <span class='ocrx_word' id='word_1_108' title='bbox 734 1474 1055 1541; x_wconf 77' lang='lat' dir='ltr'><strong>hierarchiae</strong></span> <span class='ocrx_word' id='word_1_109' title='bbox 1094 1478 1255 1551; x_wconf 85' lang='lat' dir='ltr'><strong>hujus</strong></span> <span class='ocrx_word' id='word_1_110' title='bbox 1293 1477 1553 1533; x_wconf 87' lang='lat' dir='ltr'><strong>dicuntur</strong></span> <span class='ocrx_word' id='word_1_111' title='bbox 1599 1474 2013 1535; x_wconf 55' lang='lat' dir='ltr'><strong>Demutationes.</strong></span> <span class='ocrx_word' id='word_1_112' title='bbox 2044 1474 2258 1532; x_wconf 86' lang='lat' dir='ltr'><strong>Domini</strong></span> <span class='ocrx_word' id='word_1_113' title='bbox 2303 1476 2451 1532; x_wconf 89' lang='lat' dir='ltr'><strong>enim</strong></span> <span class='ocrx_word' id='word_1_114' title='bbox 2492 1482 2577 1531; x_wconf 89' lang='lat' dir='ltr'><strong>est</strong></span> 
     </span>
     <span class='ocr_line' id='line_1_14' title="bbox 565 1563 2579 1644; baseline -0.004 -17"><span class='ocrx_word' id='word_1_115' title='bbox 565 1570 862 1644; x_wconf 83' lang='lat' dir='ltr'><strong>praecipere</strong></span> <span class='ocrx_word' id='word_1_116' title='bbox 888 1574 944 1625; x_wconf 85' lang='lat' dir='ltr'><strong>et</strong></span> <span class='ocrx_word' id='word_1_117' title='bbox 971 1566 1365 1641; x_wconf 80' lang='lat' dir='ltr'><strong>praeordinare.</strong></span> <span class='ocrx_word' id='word_1_118' title='bbox 1387 1565 1700 1623; x_wconf 88' lang='lat' dir='ltr'><strong>Secundum</strong></span> <span class='ocrx_word' id='word_1_119' title='bbox 1724 1580 1855 1621; x_wconf 85' lang='lat' dir='ltr'><strong>vero</strong></span> <span class='ocrx_word' id='word_1_120' title='bbox 1883 1563 2029 1638; x_wconf 89' lang='lat' dir='ltr'><strong>quod</strong></span> <span class='ocrx_word' id='word_1_121' title='bbox 2060 1564 2115 1620; x_wconf 94' lang='lat' dir='ltr'><strong>in</strong></span> <span class='ocrx_word' id='word_1_122' title='bbox 2138 1563 2320 1621; x_wconf 82' lang='lat' dir='ltr'><strong>causis</strong></span> <span class='ocrx_word' id='word_1_123' title='bbox 2348 1565 2579 1621; x_wconf 85' lang='lat' dir='ltr'><strong>univer-</strong></span> 
     </span>
     <span class='ocr_line' id='line_1_15' title="bbox 565 1652 2579 1730; baseline -0.004 -12"><span class='ocrx_word' id='word_1_124' title='bbox 565 1660 771 1717; x_wconf 83' lang='lat' dir='ltr'><strong>salibus</strong></span> <span class='ocrx_word' id='word_1_125' title='bbox 795 1658 1087 1724; x_wconf 86' lang='lat' dir='ltr'><strong>invenitur,</strong></span> <span class='ocrx_word' id='word_1_126' title='bbox 1119 1661 1204 1713; x_wconf 82' lang='lat' dir='ltr'><strong>est</strong></span> <span class='ocrx_word' id='word_1_127' title='bbox 1231 1655 1441 1729; x_wconf 84' lang='lat' dir='ltr'><strong>aliquid</strong></span> <span class='ocrx_word' id='word_1_128' title='bbox 1473 1656 1651 1730; x_wconf 87' lang='lat' dir='ltr'><strong>primo</strong></span> <span class='ocrx_word' id='word_1_129' title='bbox 1676 1668 1901 1710; x_wconf 88' lang='lat' dir='ltr'><strong>movens</strong></span> <span class='ocrx_word' id='word_1_130' title='bbox 1924 1653 1994 1710; x_wconf 89' lang='lat' dir='ltr'><strong>ad</strong></span> <span class='ocrx_word' id='word_1_131' title='bbox 2018 1668 2157 1726; x_wconf 89' lang='lat' dir='ltr'><strong>opus</strong></span> <span class='ocrx_word' id='word_1_132' title='bbox 2180 1654 2337 1726; x_wconf 82' lang='lat' dir='ltr'><strong>quasi</strong></span> <span class='ocrx_word' id='word_1_133' title='bbox 2364 1652 2579 1728; x_wconf 85' lang='lat' dir='ltr'><strong>princi-</strong></span> 
     </span>
     <span class='ocr_line' id='line_1_16' title="bbox 565 1741 2580 1822; baseline -0.003 -17"><span class='ocrx_word' id='word_1_134' title='bbox 565 1758 758 1822; x_wconf 85' lang='lat' dir='ltr'><strong>patum</strong></span> <span class='ocrx_word' id='word_1_135' title='bbox 790 1746 1128 1804; x_wconf 85' lang='lat' dir='ltr'><strong>executionis</strong></span> <span class='ocrx_word' id='word_1_136' title='bbox 1150 1742 1374 1814; x_wconf 79' lang='lat' dir='ltr'><strong>babens,</strong></span> <span class='ocrx_word' id='word_1_137' title='bbox 1403 1752 1555 1801; x_wconf 87' lang='lat' dir='ltr'><strong>etex</strong></span> <span class='ocrx_word' id='word_1_138' title='bbox 1581 1744 1685 1800; x_wconf 86' lang='lat' dir='ltr'><strong>hoc</strong></span> <span class='ocrx_word' id='word_1_139' title='bbox 1714 1742 1988 1799; x_wconf 85' lang='lat' dir='ltr'><strong>secundus</strong></span> <span class='ocrx_word' id='word_1_140' title='bbox 2014 1741 2149 1799; x_wconf 71' lang='lat' dir='ltr'><strong>ordo·</strong></span> <span class='ocrx_word' id='word_1_141' title='bbox 2174 1742 2335 1814; x_wconf 82' lang='lat' dir='ltr'><strong>hujus</strong></span> <span class='ocrx_word' id='word_1_142' title='bbox 2359 1741 2580 1799; x_wconf 86' lang='lat' dir='ltr'><strong>hierar-</strong></span> 
     </span>
     <span class='ocr_line' id='line_1_17' title="bbox 567 1828 2581 1911; baseline -0.003 -15"><span class='ocrx_word' id='word_1_143' title='bbox 567 1839 706 1896; x_wconf 81' lang='lat' dir='ltr'><strong>chiae</strong></span> <span class='ocrx_word' id='word_1_144' title='bbox 757 1838 1092 1911; x_wconf 86' lang='lat' dir='ltr'><strong>principatus</strong></span> <span class='ocrx_word' id='word_1_145' title='bbox 1139 1840 1392 1902; x_wconf 81' lang='lat' dir='ltr'><strong>vocatur,</strong></span> <span class='ocrx_word' id='word_1_146' title='bbox 1440 1832 1742 1890; x_wconf 86' lang='lat' dir='ltr'><strong>secundum</strong></span> <span class='ocrx_word' id='word_1_147' title='bbox 1784 1832 2140 1903; x_wconf 86' lang='lat' dir='ltr'><strong>Gregorium‚</strong></span> <span class='ocrx_word' id='word_1_148' title='bbox 2191 1828 2279 1887; x_wconf 89' lang='lat' dir='ltr'><strong>vel</strong></span> <span class='ocrx_word' id='word_1_149' title='bbox 2336 1830 2581 1890; x_wconf 71' lang='lat' dir='ltr'><strong>Virtutes</strong></span> 
     </span>
     <span class='ocr_line' id='line_1_18' title="bbox 567 1920 2580 2000; baseline -0.003 -15"><span class='ocrx_word' id='word_1_150' title='bbox 567 1926 866 1985; x_wconf 88' lang='lat' dir='ltr'><strong>secundum</strong></span> <span class='ocrx_word' id='word_1_151' title='bbox 894 1925 1238 2000; x_wconf 81' lang='lat' dir='ltr'><strong>Dionysium,</strong></span> <span class='ocrx_word' id='word_1_152' title='bbox 1267 1929 1330 1981; x_wconf 90' lang='lat' dir='ltr'><strong>ut</strong></span> <span class='ocrx_word' id='word_1_153' title='bbox 1355 1924 1591 1979; x_wconf 87' lang='lat' dir='ltr'><strong>virtutes</strong></span> <span class='ocrx_word' id='word_1_154' title='bbox 1617 1920 1993 1993; x_wconf 84' lang='lat' dir='ltr'><strong>intelligantur</strong></span> <span class='ocrx_word' id='word_1_155' title='bbox 2016 1937 2084 1978; x_wconf 87' lang='lat' dir='ltr'><strong>ex</strong></span> <span class='ocrx_word' id='word_1_156' title='bbox 2111 1934 2196 1987; x_wconf 86' lang='lat' dir='ltr'><strong>eo,</strong></span> <span class='ocrx_word' id='word_1_157' title='bbox 2223 1921 2369 1994; x_wconf 90' lang='lat' dir='ltr'><strong>quod</strong></span> <span class='ocrx_word' id='word_1_158' title='bbox 2401 1922 2580 1994; x_wconf 86' lang='lat' dir='ltr'><strong>primo</strong></span> 
     </span>
     <span class='ocr_line' id='line_1_19' title="bbox 568 2006 2581 2090; baseline -0.002 -18"><span class='ocrx_word' id='word_1_159' title='bbox 568 2016 786 2090; x_wconf 87' lang='lat' dir='ltr'><strong>operari·</strong></span> <span class='ocrx_word' id='word_1_160' title='bbox 819 2016 1064 2073; x_wconf 85' lang='lat' dir='ltr'><strong>maxime</strong></span> <span class='ocrx_word' id='word_1_161' title='bbox 1104 2022 1192 2071; x_wconf 87' lang='lat' dir='ltr'><strong>est</strong></span> <span class='ocrx_word' id='word_1_162' title='bbox 1229 2014 1555 2071; x_wconf 84' lang='lat' dir='ltr'><strong>virtuosum.</strong></span> <span class='ocrx_word' id='word_1_163' title='bbox 1600 2006 1845 2068; x_wconf 84' lang='lat' dir='ltr'><strong>Tertium</strong></span> <span class='ocrx_word' id='word_1_164' title='bbox 1894 2014 2077 2066; x_wconf 87' lang='lat' dir='ltr'><strong>autem</strong></span> <span class='ocrx_word' id='word_1_165' title='bbox 2125 2009 2271 2083; x_wconf 89' lang='lat' dir='ltr'><strong>quod</strong></span> <span class='ocrx_word' id='word_1_166' title='bbox 2302 2009 2357 2065; x_wconf 91' lang='lat' dir='ltr'><strong>in</strong></span> <span class='ocrx_word' id='word_1_167' title='bbox 2398 2011 2581 2067; x_wconf 86' lang='lat' dir='ltr'><strong>causis</strong></span> 
     </span>
     <span class='ocr_line' id='line_1_20' title="bbox 569 2097 2583 2173; baseline -0.003 -10"><span class='ocrx_word' id='word_1_168' title='bbox 569 2104 969 2163; x_wconf 86' lang='lat' dir='ltr'><strong>universalibus</strong></span> <span class='ocrx_word' id='word_1_169' title='bbox 1008 2102 1304 2170; x_wconf 84' lang='lat' dir='ltr'><strong>invenitur,</strong></span> <span class='ocrx_word' id='word_1_170' title='bbox 1334 2109 1418 2157; x_wconf 86' lang='lat' dir='ltr'><strong>est</strong></span> <span class='ocrx_word' id='word_1_171' title='bbox 1447 2100 1655 2173; x_wconf 87' lang='lat' dir='ltr'><strong>aliquid</strong></span> <span class='ocrx_word' id='word_1_172' title='bbox 1686 2098 2074 2172; x_wconf 88' lang='lat' dir='ltr'><strong>impedimenta</strong></span> <span class='ocrx_word' id='word_1_173' title='bbox 2103 2097 2439 2155; x_wconf 82' lang='lat' dir='ltr'><strong>executionis</strong></span> <span class='ocrx_word' id='word_1_174' title='bbox 2485 2115 2583 2156; x_wconf 88' lang='lat' dir='ltr'><strong>re-</strong></span> 
     </span>
     <span class='ocr_line' id='line_1_21' title="bbox 571 2184 2583 2261; baseline -0.002 -12"><span class='ocrx_word' id='word_1_175' title='bbox 571 2209 793 2252; x_wconf 80' lang='lat' dir='ltr'><strong>movens</strong></span> <span class='ocrx_word' id='word_1_176' title='bbox 819 2210 834 2248; x_wconf 77' lang='lat'>2</span> <span class='ocrx_word' id='word_1_177' title='bbox 863 2192 1008 2249; x_wconf 87' lang='lat' dir='ltr'><strong>unde</strong></span> <span class='ocrx_word' id='word_1_178' title='bbox 1039 2191 1234 2247; x_wconf 77' lang='lat' dir='ltr'><strong>tertius</strong></span> <span class='ocrx_word' id='word_1_179' title='bbox 1259 2186 1394 2245; x_wconf 88' lang='lat' dir='ltr'><strong>ordo</strong></span> <span class='ocrx_word' id='word_1_180' title='bbox 1417 2184 1580 2259; x_wconf 87' lang='lat' dir='ltr'><strong>hujus</strong></span> <span class='ocrx_word' id='word_1_181' title='bbox 1608 2184 1927 2243; x_wconf 86' lang='lat' dir='ltr'><strong>hierarchiae</strong></span> <span class='ocrx_word' id='word_1_182' title='bbox 1955 2194 2039 2243; x_wconf 89' lang='lat' dir='ltr'><strong>est</strong></span> <span class='ocrx_word' id='word_1_183' title='bbox 2059 2184 2410 2255; x_wconf 75' lang='lat' dir='ltr'><strong>Potestatum,</strong></span> <span class='ocrx_word' id='word_1_184' title='bbox 2434 2204 2583 2261; x_wconf 85' lang='lat' dir='ltr'><strong>qua-</strong></span> 
     </span>
     <span class='ocr_line' id='line_1_22' title="bbox 571 2274 2582 2353; baseline -0.001 -18"><span class='ocrx_word' id='word_1_185' title='bbox 571 2298 690 2336; x_wconf 85' lang='lat' dir='ltr'><strong>rum</strong></span> <span class='ocrx_word' id='word_1_186' title='bbox 733 2278 976 2337; x_wconf 77' lang='lat' dir='ltr'><strong>officium</strong></span> <span class='ocrx_word' id='word_1_187' title='bbox 1031 2280 1117 2334; x_wconf 81' lang='lat' dir='ltr'><strong>e&#39;st</strong></span> <span class='ocrx_word' id='word_1_188' title='bbox 1161 2291 1320 2333; x_wconf 90' lang='lat' dir='ltr'><strong>omne</strong></span> <span class='ocrx_word' id='word_1_189' title='bbox 1344 2276 1505 2350; x_wconf 50' lang='lat' dir='ltr'><strong>*quod</strong></span> <span class='ocrx_word' id='word_1_190' title='bbox 1562 2275 1733 2349; x_wconf 85' lang='lat' dir='ltr'><strong>possit</strong></span> <span class='ocrx_word' id='word_1_191' title='bbox 1780 2274 2003 2332; x_wconf 83' lang='lat' dir='ltr'><strong>obviare</strong></span> <span class='ocrx_word' id='word_1_192' title='bbox 2050 2276 2357 2333; x_wconf 85' lang='lat' dir='ltr'><strong>executioni</strong></span> <span class='ocrx_word' id='word_1_193' title='bbox 2400 2277 2582 2353; x_wconf 24' lang='lat' dir='ltr'><strong>*divini</strong></span> 
     </span>
     <span class='ocr_line' id='line_1_23' title="bbox 569 2364 2601 2439; baseline 0 -16"><span class='ocrx_word' id='word_1_194' title='bbox 569 2368 787 2439; x_wconf 80' lang='lat' dir='ltr'><strong>imperii</strong></span> <span class='ocrx_word' id='word_1_195' title='bbox 811 2382 1074 2437; x_wconf 71' lang='lat' dir='ltr'><strong>cremore,</strong></span> <span class='ocrx_word' id='word_1_196' title='bbox 1104 2365 1246 2422; x_wconf 86' lang='lat' dir='ltr'><strong>unde</strong></span> <span class='ocrx_word' id='word_1_197' title='bbox 1283 2372 1338 2421; x_wconf 88' lang='lat' dir='ltr'><strong>et</strong></span> <span class='ocrx_word' id='word_1_198' title='bbox 1361 2364 1639 2433; x_wconf 80' lang='lat' dir='ltr'><strong>daemones‘</strong></span> <span class='ocrx_word' id='word_1_199' title='bbox 1666 2378 1867 2421; x_wconf 81' lang='lat' dir='ltr'><strong>arcere</strong></span> <span class='ocrx_word' id='word_1_200' title='bbox 1894 2364 2175 2422; x_wconf 86' lang='lat' dir='ltr'><strong>dicuntur.</strong></span> <span class='ocrx_word' id='word_1_201' title='bbox 2202 2366 2423 2423; x_wconf 86' lang='lat' dir='ltr'><strong>Tertius</strong></span> <span class='ocrx_word' id='word_1_202' title='bbox 2448 2374 2601 2423; x_wconf 86' lang='lat' dir='ltr'><strong>vero&#39;.</strong></span> 
     </span>
     <span class='ocr_line' id='line_1_24' title="bbox 570 2453 2584 2527; baseline -0.001 -14"><span class='ocrx_word' id='word_1_203' title='bbox 570 2456 766 2513; x_wconf 78' lang='lat' dir='ltr'><strong>modus</strong></span> <span class='ocrx_word' id='word_1_204' title='bbox 793 2455 1129 2527; x_wconf 84' lang='lat' dir='ltr'><strong>intelligendi</strong></span> <span class='ocrx_word' id='word_1_205' title='bbox 1153 2462 1238 2511; x_wconf 91' lang='lat' dir='ltr'><strong>est</strong></span> <span class='ocrx_word' id='word_1_206' title='bbox 1262 2453 1505 2510; x_wconf 87' lang='lat' dir='ltr'><strong>rationes</strong></span> <span class='ocrx_word' id='word_1_207' title='bbox 1532 2454 1823 2510; x_wconf 80' lang='lat' dir='ltr'><strong>effectuum</strong></span> <span class='ocrx_word' id='word_1_208' title='bbox 1846 2453 1903 2509; x_wconf 89' lang='lat' dir='ltr'><strong>in</strong></span> <span class='ocrx_word' id='word_1_209' title='bbox 1930 2454 2063 2526; x_wconf 88' lang='lat' dir='ltr'><strong>ipsis</strong></span> <span class='ocrx_word' id='word_1_210' title='bbox 2084 2455 2369 2511; x_wconf 80' lang='lat' dir='ltr'><strong>effectibus</strong></span> <span class='ocrx_word' id='word_1_211' title='bbox 2396 2454 2584 2512; x_wconf 89' lang='lat' dir='ltr'><strong>consi-</strong></span> 
     </span>
     <span class='ocr_line' id='line_1_25' title="bbox 571 2541 2583 2617; baseline -0 -15"><span class='ocrx_word' id='word_1_212' title='bbox 571 2547 784 2611; x_wconf 85' lang='lat' dir='ltr'><strong>derare,</strong></span> <span class='ocrx_word' id='word_1_213' title='bbox 827 2551 884 2600; x_wconf 87' lang='lat' dir='ltr'><strong>et</strong></span> <span class='ocrx_word' id='word_1_214' title='bbox 931 2544 1032 2599; x_wconf 85' lang='lat' dir='ltr'><strong>hoc</strong></span> <span class='ocrx_word' id='word_1_215' title='bbox 1060 2544 1145 2600; x_wconf 75' lang='lat' dir='ltr'><strong>est</strong></span> <span class='ocrx_word' id='word_1_216' title='bbox 1191 2544 1471 2617; x_wconf 87' lang='lat' dir='ltr'><strong>proprium</strong></span> <span class='ocrx_word' id='word_1_217' title='bbox 1510 2542 1697 2599; x_wconf 85' lang='lat' dir='ltr'><strong>tertiae.</strong></span> <span class='ocrx_word' id='word_1_218' title='bbox 1729 2541 2067 2610; x_wconf 64' lang='lat' dir='ltr'><strong>hierarchiae,</strong></span> <span class='ocrx_word' id='word_1_219' title='bbox 2100 2559 2227 2616; x_wconf 80' lang='lat' dir='ltr'><strong>quae</strong></span> <span class='ocrx_word' id='word_1_220' title='bbox 2266 2543 2583 2601; x_wconf 88' lang='lat' dir='ltr'><strong>immediate</strong></span> 
     </span>
     <span class='ocr_line' id='line_1_26' title="bbox 571 2631 2585 2712; baseline -0.001 -21"><span class='ocrx_word' id='word_1_221' title='bbox 571 2634 728 2691; x_wconf 87' lang='lat' dir='ltr'><strong>nobis</strong></span> <span class='ocrx_word' id='word_1_222' title='bbox 756 2633 1197 2712; x_wconf 22' lang='lat' dir='ltr'><strong>praeficitur,‘qui</strong></span> <span class='ocrx_word' id='word_1_223' title='bbox 1225 2650 1296 2689; x_wconf 86' lang='lat' dir='ltr'><strong>ex</strong></span> <span class='ocrx_word' id='word_1_224' title='bbox 1322 2631 1605 2689; x_wconf 81' lang='lat' dir='ltr'><strong>effectibus</strong></span> <span class='ocrx_word' id='word_1_225' title='bbox 1640 2631 2006 2703; x_wconf 85' lang='lat' dir='ltr'><strong>cognitionem</strong></span> <span class='ocrx_word' id='word_1_226' title='bbox 2034 2631 2104 2687; x_wconf 91' lang='lat' dir='ltr'><strong>de</strong></span> <span class='ocrx_word' id='word_1_227' title='bbox 2140 2632 2277 2705; x_wconf 87' lang='lat' dir='ltr'><strong>ipsis</strong></span> <span class='ocrx_word' id='word_1_228' title='bbox 2299 2633 2585 2690; x_wconf 79' lang='lat' dir='ltr'><strong>effectibus</strong></span> 
     </span>
     <span class='ocr_line' id='line_1_27' title="bbox 571 2720 2587 2796; baseline -0 -16"><span class='ocrx_word' id='word_1_229' title='bbox 571 2724 909 2796; x_wconf 82' lang='lat' dir='ltr'><strong>accipimus:</strong></span> <span class='ocrx_word' id='word_1_230' title='bbox 941 2728 998 2779; x_wconf 87' lang='lat' dir='ltr'><strong>et</strong></span> <span class='ocrx_word' id='word_1_231' title='bbox 1026 2722 1144 2781; x_wconf 79' lang='lat' dir='ltr'><strong>iiaec</strong></span> <span class='ocrx_word' id='word_1_232' title='bbox 1167 2722 1336 2779; x_wconf 87' lang='lat' dir='ltr'><strong>etiam</strong></span> <span class='ocrx_word' id='word_1_233' title='bbox 1371 2728 1487 2778; x_wconf 87' lang='lat' dir='ltr'><strong>tres</strong></span> <span class='ocrx_word' id='word_1_234' title='bbox 1518 2721 1737 2778; x_wconf 87' lang='lat' dir='ltr'><strong>ordines</strong></span> <span class='ocrx_word' id='word_1_235' title='bbox 1764 2720 1950 2787; x_wconf 86' lang='lat' dir='ltr'><strong>habet,</strong></span> <span class='ocrx_word' id='word_1_236' title='bbox 1977 2728 2213 2794; x_wconf 86' lang='lat' dir='ltr'><strong>quorum</strong></span> <span class='ocrx_word' id='word_1_237' title='bbox 2238 2722 2458 2779; x_wconf 81' lang='lat' dir='ltr'><strong>intimus</strong></span> <span class='ocrx_word' id='word_1_238' title='bbox 2481 2724 2587 2779; x_wconf 77' lang='lat' dir='ltr'><strong>An·</strong></span> 
     </span>
     <span class='ocr_line' id='line_1_28' title="bbox 569 2809 2585 2889; baseline -0.001 -20"><span class='ocrx_word' id='word_1_239' title='bbox 569 2812 672 2889; x_wconf 70' lang='lat'><strong>9018</strong></span> <span class='ocrx_word' id='word_1_240' title='bbox 714 2812 1090 2882; x_wconf 26' lang='lat' dir='ltr'><strong>dicuntum-ex</strong></span> <span class='ocrx_word' id='word_1_241' title='bbox 1125 2811 1370 2886; x_wconf 83' lang='lat' dir='ltr'><strong>eoquod</strong></span> <span class='ocrx_word' id='word_1_242' title='bbox 1406 2810 1715 2868; x_wconf 87' lang='lat' dir='ltr'><strong>hominibus</strong></span> <span class='ocrx_word' id='word_1_243' title='bbox 1744 2809 1997 2867; x_wconf 85' lang='lat' dir='ltr'><strong>nuntiant</strong></span> <span class='ocrx_word' id='word_1_244' title='bbox 2025 2826 2089 2867; x_wconf 86' lang='lat' dir='ltr'><strong>ea</strong></span> <span class='ocrx_word' id='word_1_245' title='bbox 2119 2826 2244 2883; x_wconf 80' lang='lat' dir='ltr'><strong>quae</strong></span> <span class='ocrx_word' id='word_1_246' title='bbox 2280 2811 2353 2868; x_wconf 90' lang='lat' dir='ltr'><strong>ad</strong></span> <span class='ocrx_word' id='word_1_247' title='bbox 2391 2821 2585 2868; x_wconf 85' lang='lat' dir='ltr'><strong>eorum</strong></span> 
     </span>
     <span class='ocr_line' id='line_1_29' title="bbox 571 2899 2583 2976; baseline 0 -18"><span class='ocrx_word' id='word_1_248' title='bbox 571 2901 1022 2975; x_wconf 81' lang='lat' dir='ltr'><strong>gubernationem</strong></span> <span class='ocrx_word' id='word_1_249' title='bbox 1065 2901 1539 2976; x_wconf 82' lang='lat' dir='ltr'><strong>pertinent,&#39;unde</strong></span> <span class='ocrx_word' id='word_1_250' title='bbox 1581 2906 1638 2956; x_wconf 86' lang='lat' dir='ltr'><strong>et</strong></span> <span class='ocrx_word' id='word_1_251' title='bbox 1683 2899 1961 2955; x_wconf 85' lang='lat' dir='ltr'><strong>homin-um</strong></span> <span class='ocrx_word' id='word_1_252' title='bbox 2000 2900 2257 2956; x_wconf 87' lang='lat' dir='ltr'><strong>custodes</strong></span> <span class='ocrx_word' id='word_1_253' title='bbox 2300 2899 2583 2958; x_wconf 87' lang='lat' dir='ltr'><strong>dicuntur.</strong></span> 
     </span>
     <span class='ocr_line' id='line_1_30' title="bbox 571 2986 2587 3065; baseline -0.003 -14"><span class='ocrx_word' id='word_1_254' title='bbox 571 2993 746 3065; x_wconf 88' lang='lat' dir='ltr'><strong>Supra</strong></span> <span class='ocrx_word' id='word_1_255' title='bbox 781 2992 930 3049; x_wconf 87' lang='lat' dir='ltr'><strong>hunc</strong></span> <span class='ocrx_word' id='word_1_256' title='bbox 955 2998 1142 3051; x_wconf 88' lang='lat' dir='ltr'><strong>autem</strong></span> <span class='ocrx_word' id='word_1_257' title='bbox 1183 2999 1268 3048; x_wconf 88' lang='lat' dir='ltr'><strong>est</strong></span> <span class='ocrx_word' id='word_1_258' title='bbox 1295 2990 1432 3048; x_wconf 91' lang='lat' dir='ltr'><strong>ordo</strong></span> <span class='ocrx_word' id='word_1_259' title='bbox 1456 2989 1932 3060; x_wconf 70' lang='lat' dir='ltr'><strong>Archanqelorum,</strong></span> <span class='ocrx_word' id='word_1_260' title='bbox 1953 2994 2048 3062; x_wconf 85' lang='lat' dir='ltr'><strong>per</strong></span> <span class='ocrx_word' id='word_1_261' title='bbox 2072 2998 2236 3061; x_wconf 84' lang='lat' dir='ltr'><strong>quem</strong></span> <span class='ocrx_word' id='word_1_262' title='bbox 2270 2986 2587 3047; x_wconf 85' lang='lat' dir='ltr'><strong>hominibus</strong></span> 
     </span>
     <span class='ocr_line' id='line_1_31' title="bbox 571 3074 2588 3154; baseline -0 -18"><span class='ocrx_word' id='word_1_263' title='bbox 571 3096 639 3137; x_wconf 85' lang='lat' dir='ltr'><strong>ea</strong></span> <span class='ocrx_word' id='word_1_264' title='bbox 664 3096 790 3153; x_wconf 79' lang='lat' dir='ltr'><strong>quoe</strong></span> <span class='ocrx_word' id='word_1_265' title='bbox 813 3089 943 3138; x_wconf 77' lang='lat' dir='ltr'><strong>sunt</strong></span> <span class='ocrx_word' id='word_1_266' title='bbox 979 3090 1147 3154; x_wconf 82' lang='lat' dir='ltr'><strong>supra</strong></span> <span class='ocrx_word' id='word_1_267' title='bbox 1171 3080 1442 3136; x_wconf 85' lang='lat' dir='ltr'><strong>rationem</strong></span> <span class='ocrx_word' id='word_1_268' title='bbox 1474 3078 1815 3145; x_wconf 82' lang='lat' dir='ltr'><strong>nuntiantur,</strong></span> <span class='ocrx_word' id='word_1_269' title='bbox 1845 3079 1988 3135; x_wconf 88' lang='lat' dir='ltr'><strong>sicut</strong></span> <span class='ocrx_word' id='word_1_270' title='bbox 2012 3074 2273 3151; x_wconf 81' lang='lat' dir='ltr'><strong>mysteria</strong></span> <span class='ocrx_word' id='word_1_271' title='bbox 2314 3076 2467 3135; x_wconf 83' lang='lat' dir='ltr'><strong>fidei:</strong></span> <span class='ocrx_word' id='word_1_272' title='bbox 2491 3080 2588 3137; x_wconf 88' lang='lat' dir='ltr'><strong>Su·</strong></span> 
     </span>
     <span class='ocr_line' id='line_1_32' title="bbox 573 3163 2589 3243; baseline -0 -19"><span class='ocrx_word' id='word_1_273' title='bbox 573 3178 794 3243; x_wconf 83' lang='lat' dir='ltr'><strong>premus</strong></span> <span class='ocrx_word' id='word_1_274' title='bbox 807 3176 991 3227; x_wconf 85' lang='lat' dir='ltr'><strong>autem</strong></span> <span class='ocrx_word' id='word_1_275' title='bbox 1016 3168 1179 3241; x_wconf 80' lang='lat' dir='ltr'><strong>hujus</strong></span> <span class='ocrx_word' id='word_1_276' title='bbox 1195 3166 1519 3224; x_wconf 80' lang='lat' dir='ltr'><strong>hierarchiae</strong></span> <span class='ocrx_word' id='word_1_277' title='bbox 1536 3166 1671 3223; x_wconf 88' lang='lat' dir='ltr'><strong>ordo</strong></span> <span class='ocrx_word' id='word_1_278' title='bbox 1690 3166 1991 3223; x_wconf 87' lang='lat' dir='ltr'><strong>secundum</strong></span> <span class='ocrx_word' id='word_1_279' title='bbox 2003 3163 2325 3237; x_wconf 86' lang='lat' dir='ltr'><strong>Gregorium</strong></span> <span class='ocrx_word' id='word_1_280' title='bbox 2349 3166 2589 3223; x_wconf 85' lang='lat' dir='ltr'><strong>virtutes</strong></span> 
     </span>
     <span class='ocr_line' id='line_1_33' title="bbox 575 3256 2587 3330; baseline -0.002 -15"><span class='ocrx_word' id='word_1_281' title='bbox 575 3258 850 3327; x_wconf 87' lang='lat' dir='ltr'><strong>dicuntur,</strong></span> <span class='ocrx_word' id='word_1_282' title='bbox 879 3274 947 3314; x_wconf 86' lang='lat' dir='ltr'><strong>ex</strong></span> <span class='ocrx_word' id='word_1_283' title='bbox 993 3271 1058 3313; x_wconf 78' lang='lat' dir='ltr'><strong>eo</strong></span> <span class='ocrx_word' id='word_1_284' title='bbox 1085 3256 1232 3330; x_wconf 91' lang='lat' dir='ltr'><strong>quod</strong></span> <span class='ocrx_word' id='word_1_285' title='bbox 1275 3272 1339 3311; x_wconf 87' lang='lat' dir='ltr'><strong>ea</strong></span> <span class='ocrx_word' id='word_1_286' title='bbox 1369 3271 1495 3327; x_wconf 82' lang='lat' dir='ltr'><strong>quae</strong></span> <span class='ocrx_word' id='word_1_287' title='bbox 1530 3261 1657 3311; x_wconf 91' lang='lat' dir='ltr'><strong>sunt</strong></span> <span class='ocrx_word' id='word_1_288' title='bbox 1684 3268 1850 3329; x_wconf 82' lang='lat' dir='ltr'><strong>supra</strong></span> <span class='ocrx_word' id='word_1_289' title='bbox 1878 3261 2131 3311; x_wconf 84' lang='lat' dir='ltr'><strong>naturam</strong></span> <span class='ocrx_word' id='word_1_290' title='bbox 2166 3261 2483 3328; x_wconf 81' lang='lat' dir='ltr'><strong>operantur,</strong></span> <span class='ocrx_word' id='word_1_291' title='bbox 2529 3256 2587 3310; x_wconf 87' lang='lat' dir='ltr'><strong>in</strong></span> 
     </span>
     <span class='ocr_line' id='line_1_34' title="bbox 575 3334 2589 3419; baseline -0.002 -16"><span class='ocrx_word' id='word_1_292' title='bbox 575 3354 958 3417; x_wconf 85' lang='lat' dir='ltr'><strong>argumentum</strong></span> <span class='ocrx_word' id='word_1_293' title='bbox 982 3361 1168 3401; x_wconf 87' lang='lat' dir='ltr'><strong>eorum</strong></span> <span class='ocrx_word' id='word_1_294' title='bbox 1199 3358 1323 3419; x_wconf 81' lang='lat' dir='ltr'><strong>quae</strong></span> <span class='ocrx_word' id='word_1_295' title='bbox 1351 3343 1509 3401; x_wconf 90' lang='lat' dir='ltr'><strong>nobis</strong></span> <span class='ocrx_word' id='word_1_296' title='bbox 1536 3358 1700 3415; x_wconf 82' lang='lat' dir='ltr'><strong>supra</strong></span> <span class='ocrx_word' id='word_1_297' title='bbox 1741 3334 2008 3400; x_wconf 75' lang='lat' dir='ltr'><strong>rationem</strong></span> <span class='ocrx_word' id='word_1_298' title='bbox 2046 3344 2367 3401; x_wconf 88' lang='lat' dir='ltr'><strong>nuntiantur</strong></span> <span class='ocrx_word' id='word_1_299' title='bbox 2398 3360 2411 3399; x_wconf 72' lang='grc' dir='ltr'><strong>ε</strong></span> <span class='ocrx_word' id='word_1_300' title='bbox 2442 3343 2589 3400; x_wconf 91' lang='lat' dir='ltr'><strong>unde</strong></span> 
     </span>
     <span class='ocr_line' id='line_1_35' title="bbox 574 3423 2589 3506; baseline -0.002 -15"><span class='ocrx_word' id='word_1_301' title='bbox 574 3435 644 3491; x_wconf 85' lang='lat' dir='ltr'><strong>ad</strong></span> <span class='ocrx_word' id='word_1_302' title='bbox 676 3434 912 3493; x_wconf 67' lang='lat' dir='ltr'><strong>Virtutes</strong></span> <span class='ocrx_word' id='word_1_303' title='bbox 939 3425 1211 3506; x_wconf 82' lang='lat' dir='ltr'><strong>pertinere</strong></span> <span class='ocrx_word' id='word_1_304' title='bbox 1244 3431 1446 3487; x_wconf 87' lang='lat' dir='ltr'><strong>dicitur</strong></span> <span class='ocrx_word' id='word_1_305' title='bbox 1474 3431 1737 3490; x_wconf 88' lang='lat' dir='ltr'><strong>miracula</strong></span> <span class='ocrx_word' id='word_1_306' title='bbox 1779 3432 1979 3490; x_wconf 85' lang='lat' dir='ltr'><strong>facere.</strong></span> <span class='ocrx_word' id='word_1_307' title='bbox 2021 3423 2332 3489; x_wconf 81' lang='lat' dir='ltr'><strong>Secundum</strong></span> <span class='ocrx_word' id='word_1_308' title='bbox 2371 3432 2589 3505; x_wconf 83' lang='lat' dir='ltr'><strong>Diony-</strong></span> 
     </span>
     <span class='ocr_line' id='line_1_36' title="bbox 575 3519 2585 3595; baseline -0.002 -16"><span class='ocrx_word' id='word_1_309' title='bbox 575 3523 718 3579; x_wconf 82' lang='lat' dir='ltr'><strong>sium</strong></span> <span class='ocrx_word' id='word_1_310' title='bbox 738 3532 876 3579; x_wconf 59' lang='lat' dir='ltr'><strong>xero</strong></span> <span class='ocrx_word' id='word_1_311' title='bbox 904 3536 1190 3595; x_wconf 83' lang='lat' dir='ltr'><strong>supremus</strong></span> <span class='ocrx_word' id='word_1_312' title='bbox 1226 3521 1359 3576; x_wconf 91' lang='lat' dir='ltr'><strong>ordo</strong></span> <span class='ocrx_word' id='word_1_313' title='bbox 1394 3519 1555 3595; x_wconf 84' lang='lat' dir='ltr'><strong>hujus</strong></span> <span class='ocrx_word' id='word_1_314' title='bbox 1595 3520 1933 3589; x_wconf 78' lang='lat' dir='ltr'><strong>hierarchiae,</strong></span> <span class='ocrx_word' id='word_1_315' title='bbox 1963 3519 2317 3594; x_wconf 69' lang='lat' dir='ltr'><strong>Principum-r</strong></span> <span class='ocrx_word' id='word_1_316' title='bbox 2359 3521 2585 3586; x_wconf 88' lang='lat' dir='ltr'><strong>dicitur,</strong></span> 
     </span>
     <span class='ocr_line' id='line_1_37' title="bbox 577 3608 2593 3686; baseline -0.001 -18"><span class='ocrx_word' id='word_1_317' title='bbox 577 3617 638 3668; x_wconf 91' lang='lat' dir='ltr'><strong>ut</strong></span> <span class='ocrx_word' id='word_1_318' title='bbox 665 3611 941 3686; x_wconf 87' lang='lat' dir='ltr'><strong>principes</strong></span> <span class='ocrx_word' id='word_1_319' title='bbox 977 3609 1361 3681; x_wconf 82' lang='lat' dir='ltr'><strong>intelligamus,</strong></span> <span class='ocrx_word' id='word_1_320' title='bbox 1393 3611 1489 3684; x_wconf 81' lang='lat' dir='ltr'><strong>qul</strong></span> <span class='ocrx_word' id='word_1_321' title='bbox 1518 3610 1747 3683; x_wconf 86' lang='lat' dir='ltr'><strong>singulis</strong></span> <span class='ocrx_word' id='word_1_322' title='bbox 1773 3610 2029 3683; x_wconf 88' lang='lat' dir='ltr'><strong>gentibus</strong></span> <span class='ocrx_word' id='word_1_323' title='bbox 2054 3616 2319 3683; x_wconf 59' lang='lat' dir='ltr'><strong>pra-sunt,</strong></span> <span class='ocrx_word' id='word_1_324' title='bbox 2351 3608 2593 3680; x_wconf 80' lang='lat' dir='ltr'><strong>Angelos</strong></span> 
     </span>
     <span class='ocr_line' id='line_1_38' title="bbox 576 3697 2591 3777; baseline -0.003 -18"><span class='ocrx_word' id='word_1_325' title='bbox 576 3702 672 3777; x_wconf 89' lang='lat' dir='ltr'><strong>qui</strong></span> <span class='ocrx_word' id='word_1_326' title='bbox 701 3698 930 3773; x_wconf 85' lang='lat' dir='ltr'><strong>singulis</strong></span> <span class='ocrx_word' id='word_1_327' title='bbox 957 3697 1266 3756; x_wconf 78' lang='lat' dir='ltr'><strong>bominibus</strong></span> <span class='ocrx_word' id='word_1_328' title='bbox 1297 3716 1309 3754; x_wconf 79' lang='lat' dir='ltr'>z</span> <span class='ocrx_word' id='word_1_329' title='bbox 1340 3699 1727 3771; x_wconf 80' lang='lat' dir='ltr'><strong>ArchangeloS‚</strong></span> <span class='ocrx_word' id='word_1_330' title='bbox 1759 3700 1853 3773; x_wconf 88' lang='lat' dir='ltr'><strong>qui</strong></span> <span class='ocrx_word' id='word_1_331' title='bbox 1882 3698 2251 3771; x_wconf 84' lang='lat' dir='ltr'><strong>singularibus</strong></span> <span class='ocrx_word' id='word_1_332' title='bbox 2278 3698 2591 3775; x_wconf 76' lang='lat' dir='ltr'><strong>hominibus</strong></span> 
     </span>
     <span class='ocr_line' id='line_1_39' title="bbox 573 3786 2593 3864; baseline -0.002 -16"><span class='ocrx_word' id='word_1_333' title='bbox 573 3807 641 3848; x_wconf 86' lang='lat' dir='ltr'><strong>ea</strong></span> <span class='ocrx_word' id='word_1_334' title='bbox 671 3794 798 3864; x_wconf 83' lang='lat' dir='ltr'><strong>q&#39;uae</strong></span> <span class='ocrx_word' id='word_1_335' title='bbox 835 3792 965 3857; x_wconf 79' lang='lat' dir='ltr'><strong>sunt</strong></span> <span class='ocrx_word' id='word_1_336' title='bbox 1009 3787 1078 3843; x_wconf 84' lang='lat' dir='ltr'><strong>ad</strong></span> <span class='ocrx_word' id='word_1_337' title='bbox 1119 3802 1461 3844; x_wconf 84' lang='lat' dir='ltr'><strong>communem</strong></span> <span class='ocrx_word' id='word_1_338' title='bbox 1500 3788 1735 3845; x_wconf 83' lang='lat' dir='ltr'><strong>salutem</strong></span> <span class='ocrx_word' id='word_1_339' title='bbox 1774 3787 2103 3859; x_wconf 86' lang='lat' dir='ltr'><strong>pertinentia</strong></span> <span class='ocrx_word' id='word_1_340' title='bbox 2144 3786 2489 3844; x_wconf 86' lang='lat' dir='ltr'><strong>denuntiant.</strong></span> <span class='ocrx_word' id='word_1_341' title='bbox 2520 3786 2593 3843; x_wconf 87' lang='lat' dir='ltr'><strong>Et</strong></span> 
     </span>
     <span class='ocr_line' id='line_1_40' title="bbox 515 3873 2595 3952; baseline -0.001 -19"><span class='ocrx_word' id='word_1_342' title='bbox 515 3942 524 3952; x_wconf 27' lang='lat'><strong>⁴</strong></span> <span class='ocrx_word' id='word_1_343' title='bbox 577 3878 710 3950; x_wconf 86' lang='lat' dir='ltr'><strong>quia</strong></span> <span class='ocrx_word' id='word_1_344' title='bbox 749 3875 976 3934; x_wconf 78' lang='lat' dir='ltr'><strong>inferior</strong></span> <span class='ocrx_word' id='word_1_345' title='bbox 1003 3876 1250 3949; x_wconf 80' lang='lat' dir='ltr'><strong>potentia</strong></span> <span class='ocrx_word' id='word_1_346' title='bbox 1276 3876 1333 3931; x_wconf 91' lang='lat' dir='ltr'><strong>in</strong></span> <span class='ocrx_word' id='word_1_347' title='bbox 1360 3876 1566 3933; x_wconf 83' lang='lat' dir='ltr'><strong>virtute</strong></span> <span class='ocrx_word' id='word_1_348' title='bbox 1608 3875 1909 3949; x_wconf 84' lang='lat' dir='ltr'><strong>superioris</strong></span> <span class='ocrx_word' id='word_1_349' title='bbox 1943 3875 2079 3948; x_wconf 85' lang='lat' dir='ltr'><strong>agit,</strong></span> <span class='ocrx_word' id='word_1_350' title='bbox 2107 3873 2333 3931; x_wconf 79' lang='lat' dir='ltr'><strong>inferior</strong></span> <span class='ocrx_word' id='word_1_351' title='bbox 2361 3874 2495 3930; x_wconf 89' lang='lat' dir='ltr'><strong>ordo</strong></span> <span class='ocrx_word' id='word_1_352' title='bbox 2522 3889 2595 3931; x_wconf 86' lang='lat' dir='ltr'><strong>ea</strong></span> 
     </span>
     <span class='ocr_line' id='line_1_41' title="bbox 579 3962 2595 4043; baseline 0.001 -23"><span class='ocrx_word' id='word_1_353' title='bbox 579 3968 708 4038; x_wconf 57' lang='lat' dir='ltr'><strong>qum</strong></span> <span class='ocrx_word' id='word_1_354' title='bbox 744 3966 874 4035; x_wconf 68' lang='lat' dir='ltr'><strong>sunt</strong></span> <span class='ocrx_word' id='word_1_355' title='bbox 891 3963 1202 4037; x_wconf 69' lang='lat' dir='ltr'><strong>&#39;superioris</strong></span> <span class='ocrx_word' id='word_1_356' title='bbox 1213 3971 1435 4023; x_wconf 75' lang='lat' dir='ltr'><strong>exercet</strong></span> <span class='ocrx_word' id='word_1_357' title='bbox 1462 3964 1810 4039; x_wconf 62' lang='lat' dir='ltr'><strong>inquantum</strong></span> <span class='ocrx_word' id='word_1_358' title='bbox 1834 3963 1953 4035; x_wconf 82' lang='lat' dir='ltr'><strong>agit</strong></span> <span class='ocrx_word' id='word_1_359' title='bbox 1980 3965 2104 4038; x_wconf 68' lang='lat' dir='ltr'><strong>eius</strong></span> <span class='ocrx_word' id='word_1_360' title='bbox 2124 3962 2333 4043; x_wconf 69' lang='lat' dir='ltr'><strong>virtute</strong></span> <span class='ocrx_word' id='word_1_361' title='bbox 2362 3979 2379 4019; x_wconf 75' lang='lat' dir='ltr'><em>z</em></span> <span class='ocrx_word' id='word_1_362' title='bbox 2416 3978 2595 4035; x_wconf 68' lang='lat' dir='ltr'><strong>supe-</strong></span> 
     </span>
    </p>
   </div>
  </div>
 </body>
</html>
