2850 4517
453 355 459 360 ·
548 329 671 390 304
1031 343 1082 388 s.
1129 339 1361 396 ¹1·quAE
1404 339 1732 390 nonninus
1773 338 2084 386 opuscum

554 467 615 514 ut
660 459 867 516 scilicet
895 475 993 532 per
1019 457 1141 516 illas
1183 457 1254 512 ab
1291 457 1564 513 universis
1603 455 1948 528 passionibus
1976 457 2152 512 noxiis
2179 456 2416 516 illaesum
2463 479 2568 535 pa-

552 561 676 601 rare
696 561 792 616 cor
814 553 1058 601 nostrum
1086 550 1144 600 et
1171 557 1496 600 conservare
1521 548 1794 616 possimus
1820 550 1877 599 et
1905 543 1973 600 ad
1999 544 2394 616 perfectionem
2428 549 2570 606 cba-

553 635 735 691 ritatis
783 635 901 690 istis
944 633 1205 706 gradibus
1248 632 1544 688 innitentes
1592 632 1906 689 ascendere.
1943 651 1970 683 »
2001 632 2088 688 Ob
2134 632 2239 690 hoc
2289 635 2463 708 igitur
2512 639 2568 694 in

554 723 904 795 religionibus
946 729 1075 777 suut
1108 720 1417 794 hujusmodi
1461 735 1629 792 opera
1679 711 1950 788 instituta,
1990 735 2098 776 non
2150 724 2284 796 quia
2326 725 2384 780 in
2432 727 2570 798 ipsis

553 811 925 884 principaliter
970 811 1236 866 consistat
1277 808 1560 881 perfectio,
1605 807 1699 864 sed
1737 807 1868 881 quia
1907 807 1993 862 his
2033 809 2192 881 quasi
2234 809 2568 882 quibusdam

552 900 927 975 instrumentis
955 900 1023 957 ad
1061 899 1453 970 perfectionem
1483 897 1834 968 perveniatur
1862 914 1874 950 :
1903 896 2048 951 unde
2075 904 2197 969 post
2225 915 2402 970 pauca
2431 900 2572 956 sub-

552 989 701 1044 ditur
726 989 927 1045 ibidem
954 1007 967 1044 :
996 990 1169 1060 Igitur
1196 986 1419 1058 jejunia,
1449 985 1676 1056 vigiliae,
1703 985 1904 1052 inedia,
1935 985 2222 1042 meditatio
2246 988 2572 1059 Scriptura-

554 1097 695 1145 rum,
730 1079 966 1145 nuditaS,
1000 1093 1065 1134 ac
1093 1079 1329 1148 privatio
1368 1077 1614 1132 omnium
1645 1074 1988 1141 facultatum,
2019 1091 2124 1132 non
2155 1076 2440 1148 perfectio,
2469 1080 2569 1135 sed

553 1171 917 1226 instrumenta
961 1165 1311 1239 perfectionis
1340 1170 1468 1220 sunt
1497 1181 1510 1218 :
1548 1166 1678 1234 quia
1719 1177 1824 1218 non
1863 1163 1918 1218 in
1952 1164 2085 1237 ipsis
2111 1166 2365 1221 consistit
2393 1167 2571 1224 disci-

554 1257 717 1330 plinae
756 1257 896 1320 liniS,
927 1257 1023 1310 sed
1052 1269 1147 1326 per
1174 1253 1266 1309 illa
1291 1253 1606 1325 pervenitur
1635 1251 1705 1308 ad
1732 1252 1916 1308 finem.
1955 1253 2011 1309 Si
2039 1253 2171 1325 quis
2206 1260 2392 1310 autem
2421 1252 2570 1329 obji-

552 1352 683 1411 ciat,
721 1343 867 1417 quod
902 1343 1109 1416 absque
1139 1340 1369 1414 jejunio,
1415 1339 1636 1412 vigiliis,
1667 1345 1726 1395 et
1766 1339 1890 1396 aliis
1931 1339 2243 1407 huiusmodi
2285 1344 2570 1400 exercitiis

454 1471 465 1481 .
555 1439 735 1504 potest
766 1433 927 1487 homo
956 1431 1345 1504 perfectionem
1372 1433 1677 1503 acquirere,
1720 1431 2028 1502 praesertim
2063 1445 2188 1485 cum
2220 1430 2290 1486 de
2327 1433 2570 1489 Domino

554 1521 770 1592 legatur
806 1521 963 1577 Matt.
993 1535 1059 1576 xl
1095 1537 1107 1574 :
1141 1519 1297 1576 Venit
1340 1518 1488 1584 filius
1533 1517 1759 1574 hominis
1783 1519 2104 1574 manducans
2129 1525 2189 1594 et
2211 1512 2430 1587 ‘bibere-e,
2477 1525 2572 1578 sui

553 1623 773 1681 quoque
800 1594 1053 1680 discipuli
1076 1621 1182 1661 non
1201 1607 1532 1677 jejunarent,
1567 1605 2028 1676 quemadmodum
2055 1605 2304 1678 discipuli
2331 1608 2572 1664 loannis

552 1703 609 1752 ot
633 1695 911 1762 Pharisaei,
942 1697 1011 1751 ad
1043 1693 1149 1750 hoc
1178 1695 1231 1748 in
1270 1694 1438 1764 gloss.
1461 1694 1917 1766 respondebitur,
1947 1695 2094 1765 quod
2115 1695 2350 1752 loannes
2371 1697 2570 1754 vinum

553 1792 610 1842 et
639 1787 871 1842 siceram
917 1799 1021 1839 non
1049 1783 1207 1848 bibit,
1237 1799 1367 1855 qula
1410 1783 1741 1839 abstinentia
1781 1785 2038 1860 meritum
2080 1791 2264 1855 auget,
2289 1784 2379 1840 cui
2417 1787 2570 1844 nulla

552 1879 637 1929 est
673 1871 917 1947 potentia
966 1878 1196 1928 naturae.
1229 1869 1494 1926 Dominus
1537 1878 1722 1927 autem
1764 1871 1859 1944 qui
1888 1877 2177 1944 peccatum
2219 1879 2402 1944 potest
2429 1889 2569 1930 con-

552 1963 777 2027 donare,
814 1977 912 2016 cur
951 1975 983 2018 a
1012 1959 1394 2033 peccatoribus
1425 1959 1887 2017 manducantibus
1918 1959 2241 2026 declinaret,
2273 1977 2413 2034 quos
2435 1963 2569 2018 abs-

554 2049 855 2105 tinentibus
895 2054 1111 2122 poterat
1157 2048 1338 2104 facere
1386 2047 1684 2112 iustiores?
1727 2048 1992 2122 Discipuli
2041 2064 2173 2121 ergo
2220 2049 2422 2105 Christi
2457 2067 2568 2108 nou

551 2138 827 2194 habebant
876 2153 1013 2210 opus
1048 2138 1275 2208 jejunio,
1304 2138 1434 2209 quia
1483 2137 1778 2211 praesentia
1815 2138 1999 2211 sponsi
2038 2137 2146 2193 illis
2186 2138 2567 2195 fortitudinem

552 2227 721 2282 dabat
764 2229 1045 2297 majorem,
1089 2239 1255 2297 quam
1300 2225 1555 2297 discipuli
1597 2226 1753 2282 Joan.
1781 2237 1890 2298 'per
1929 2227 2200 2298 jejunium
2247 2225 2564 2282 haberent:

555 2314 699 2369 unde
729 2313 990 2368 Dominus
1018 2311 1223 2366 ibidem
1251 2311 1385 2367 dicit
1418 2329 1432 2367 ε
1475 2312 1696 2370 Venient
1717 2313 1829 2368 dies
1858 2313 2067 2384 quando
2095 2315 2380 2385 auferetur
2402 2315 2472 2371 ab
2493 2317 2568 2372 eis

552 2417 790 2472 sponsus,
821 2407 871 2454 et
898 2407 1023 2455 tune
1040 2399 1365 2469 jejtmabunt
1389 2415 1407 2454 .·
1436 2401 1580 2472 quod
1607 2417 1883 2473 exponens
1909 2401 2106 2476 Chrys,
2135 2403 2272 2458 dicit
2303 2421 2318 2458 z
2349 2423 2379 2456 <x
2411 2406 2568 2477 Jeju-

554 2488 706 2540 nium
753 2487 909 2542 triste
949 2493 1033 2541 est
1078 2501 1184 2555 non
1229 2485 1571 2555 naturaliter,
1605 2488 1702 2543 sed
1750 2487 1857 2543 illis
1886 2489 1982 2561 qui
2032 2489 2359 2546 imbecillius
2387 2491 2568 2548 adhuc

555 2573 805 2646 dispositi
838 2581 965 2630 sunt
996 2591 1011 2630 ι
1051 2574 1137 2629 his
1164 2573 1307 2629 enim
1335 2575 1428 2647 qui
1457 2575 1789 2647 sapientiam
1829 2577 2186 2648 contemplari
2205 2578 2564 2647 desiderant,

554 2661 877 2717 delectabile
908 2667 1014 2717 est.
1056 2663 1215 2732 Quod
1256 2678 1387 2734 ergo
1438 2662 1690 2735 discipuli
1739 2663 2038 2720 imbecilles
2077 2674 2258 2734 erant,
2305 2682 2412 2724 non
2445 2677 2567 2725 erat

554 2757 769 2822 tempus
815 2750 1097 2806 tristitiam
1134 2751 1517 2807 introducendi
1570 2759 1858 2825 quousque
1899 2752 2268 2815 firmarentur.
2315 2755 2569 2830 Per-hoc

556 2845 841 2907 monstrat,
894 2839 1039 2912 quod
1085 2856 1190 2897 non
1238 2839 1380 2912 gulae
1429 2847 1548 2897 erat
1593 2841 1740 2914 quod
1790 2841 1972 2906 fiebat,
2006 2843 2104 2898 sed
2139 2843 2568 2916 dispensationis

554 2930 858 3001 cujusdam.
887 2947 913 2981 »
932 2928 1089 2998 Quod
1111 2934 1296 2984 autem
1320 2929 1628 3002 hujusmodi
1653 2931 1915 2986 exercitia
1925 2931 2228 3011 expediant
2247 2933 2315 2988 ad
2342 2935 2568 2991 vitanda

555 3025 781 3090 peccata
823 3009 878 3073 e't
918 3016 1311 3091 perfectionem
1355 3017 1799 3092 consequendam
1839 3019 2133 3091 Apostolus
2173 3037 2436 3094 expresse
2477 3037 2569 3078 os-

558 3105 752 3161 tendit.
796 3105 845 3159 11
890 3105 959 3160 ad
1003 3106 1185 3161 Corin.
1233 3121 1313 3174 v1,
1346 3106 1536 3163 dicens
1571 3107 1838 3164 :Nemini
1877 3107 2064 3163 dantes
2107 3109 2274 3166 tellam
2319 3112 2569 3182 offensio-

554 3208 694 3256 nem,
720 3198 916 3248 utnon
961 3194 1298 3267 vituperetur
1344 3194 1711 3252 ministerium
1755 3203 1998 3253 nostrum
2023 3213 2042 3252 .·
2084 3197 2174 3252 secl
2223 3198 2284 3253 in
2323 3200 2572 3256 omnibus

555 3279 887 3336 exhibeamur
921 3283 1259 3354 nosmetipsos
1282 3282 1421 3339 sieut
1464 3284 1566 3340 Dei
1593 3283 1869 3340 ministros
1896 3285 1956 3340 in
1982 3285 2152 3342 multa
2172 3286 2472 3358 patientia,
2515 3288 2571 3343 in

554 3369 970 3436 necessitatibus,
996 3371 1059 3427 in
1086 3372 1368 3449 anqustiis,
1395 3373 1459 3428 in
1501 3373 1694 3444 plagis,
1724 3374 1786 3430 in
1831 3373 2154 3441 carceribus,
2184 3376 2246 3432 in
2281 3376 2572 3434 seditioni-

554 3456 669 3524 bus,
698 3459 758 3514 in
786 3459 1075 3526 laboribus,
1101 3449 1163 3516 in
1182 3460 1403 3533 vigiliis,
1434 3464 1494 3518 in
1509 3462 1738 3533 jejuniis
1762 3467 1812 3518 et
1840 3462 2108 3520 castitate.
