2850 4517
725 403 773 455 ι.
804 421 886 438 -
911 395 1314 451 communion
1365 399 1751 455 ‘racemum'
2151 391 2236 460 69:

971 553 1258 672 CAPUT
1289 603 1499 674 ew.

244 748 324 812 De
339 747 566 828 duplici
581 736 876 829 potentia,
899 748 1002 811 oui
1019 747 1086 811 in
1103 709 1276 812 rebus
1291 744 1607 828 respondet
1622 710 1849 832 duplex
1864 719 2245 838 intellectus(

574 843 632 901 et
655 836 798 918 quis
815 835 904 903 sit
921 837 1525 937 finis-intellectualis
1553 844 1870 918 creatura.

301 969 387 1026 Est
414 978 600 1029 autem
629 968 836 1043 aliquid
861 970 917 1026 in
941 971 1187 1044 potentia
1223 971 1535 1046 dupliciter.
1562 972 1683 1030 Uno
1707 973 1869 1030 modo
1902 974 2248 1033 naturaliter:

241 1068 467 1134 respectu
499 1075 694 1116 eorum
731 1057 960 1128 scilicet,
989 1059 1114 1133 qu'ae
1156 1076 1254 1134 per
1293 1075 1465 1132 agens
1500 1061 1751 1120 naturale
1786 1053 2018 1135 possunt
2042 1064 2248 1122 reduci·
2294 1109 2303 1114 .

241 1148 288 1204 in
312 1155 505 1206 actum.
540 1148 674 1206 Alio⁴
696 1148 858 1205 modo
899 1155 1156 1222 respectu
1191 1163 1380 1206 eorum
1411 1163 1538 1224 quae
1562 1140 1751 1207 reduci
1780 1165 1887 1208 non
1912 1157 2139 1224 pessunt
2172 1152 2236 1208 in-

240 1245 400 1296 actum
437 1253 535 1312 per
585 1252 750 1309 agens
791 1237 1060 1306 naturale,
1095 1239 1192 1296 sed
1237 1254 1336 1312 per
1381 1238 1607 1313 aliquod
1648 1239 1797 1298 aliud
1846 1255 2032 1312 agens,
2078 1241 2240 1315 quod·

240 1329 434 1401 quidem
463 1329 519 1384 in
547 1325 713 1383 rebus
745 1326 1120 1400 corporalibus
1159 1332 1407 1402 apparet.
1448 1327 1609 1410 Quod
1644 1329 1790 1385 euim
1832 1345 1900 1387 ex
1927 1345 2098 1403 puero
2126 1329 2224 1388 fiat

239 1416 323 1484 vir,
349 1423 427 1473 est
454 1417 509 1473 in
540 1415 788 1490 potentia
816 1415 1072 1484 naturali,
1103 1417 1368 1491 vel-quod
1394 1433 1462 1474 ex
1490 1417 1697 1475 semine
1725 1418 2086 1494 flatanimal.
2116 1419 2235 1477 Sed-

238 1505 364 1579 quod
385 1523 450 1563 ex
478 1506 630 1578 ligno
655 1506 752 1563 fiat
791 1520 1096 1586 scamnum,
1120 1505 1209 1564 vel
1247 1522 1314 1563 ex
1347 1521 1496 1584 caeco
1529 1507 1625 1565 fiat
1656 1507 1866 1574 videns,
1893 1523 2003 1565 non
2045 1513 2130 1564 est
2168 1507 2223 1566 iu

237 1597 455 1667 potentia
483 1594 722 1654 naturali
752 1611 766 1653 z
790 1597 871 1652 sic
894 1600 1079 1653 autem
1104 1602 1160 1652 et
1184 1595 1333 1654 circa
1358 1595 1698 1662 intellectum
1718 1606 1968 1655 nostrum
1984 1599 2220 1658 accedit.

235 1684 315 1740 Est
333 1685 475 1742 enim
506 1684 819 1742 intellectus
845 1691 1032 1742 noster
1059 1683 1116 1740 iu
1140 1686 1388 1758 potentia
1408 1686 1650 1744 ‚naturali
1680 1676 1933 1760 respectu
1957 1703 2221 1761 quorum·

237 1771 340 1830 dam
374 1763 818 1845 intelligibilium,
869 1789 995 1850 quae
1033 1773 1243 1832 scilicet
1289 1774 1479 1833 reduci
1522 1781 1753 1849 possunt
1797 1779 2083 1834 inactum
2115 1780 2222 1854 ‘per

235 1863 554 1920 intellectum
587 1869 860 1932 agentem,
905 1862 1000 1936 qui
1039 1870 1123 1919 est
1160 1861 1491 1936 principium
1530 1863 1779 1921 innatum
1816 1861 1992 1932 nobis,
2022 1873 2082 1923 ut
2124 1882 2223 1939 per

236 1949 387 2022 ipsum
413 1949 723 2006 efficiamur
756 1947 1126 2020 intelligentes
1148 1949 1205 2004 in
1233 1957 1382 2009 actu.
1409 1950 1509 2006 Est
1549 1957 1733 2007 actum
1760 1951 2099 2022 impossibile
2124 1969 2225 2010 nos

236 2038 465 2096 ultimum
492 2036 662 2093 finem
683 2037 942 2108 consequi
968 2052 1066 2108 per
1082 2028 1212 2104 boc,
1239 2037 1385 2110 quod
1407 2029 1719 2095 intellectus
1746 2047 1933 2098 noster
1954 2041 2037 2098 sic
2058 2041 2233 2099 redu--

236 2137 364 2184 eatur
403 2129 463 2186 in
495 2132 684 2183 actum
716 2141 731 2180 ε
763 2139 892 2181 nam
927 2125 1104 2184 virtus
1149 2125 1463 2182 intellectus
1490 2127 1704 2198 agentis
1740 2133 1844 2196 est,
1871 2134 1932 2185 ut
1962 2129 2237 2202 phamas-J

234 2223 358 2274 mata
381 2231 510 2292 quae
532 2221 664 2272 sunt
684 2211 1048 2286 intelligibilia
1070 2213 1126 2269 in
1147 2214 1397 2287 'potentia
1420 2214 1589 2274 faciat
1609 2215 1975 2290 intelligibilia
1992 2219 2050 2276 in
2066 2226 2236 2290 actu‚·'

235 2311 284 2360 ut
305 2321 363 2360 ex
387 2300 769 2378 superioribus
812 2308 966 2383 patet
997 2301 1429 2374 :phantasmata
1467 2311 1654 2361 autem
1692 2313 1823 2362 sunt
1870 2315 2097 2382 accepta
2126 2323 2238 2381 per*

233 2401 446 2450 sensum.
493 2393 602 2449 Per
645 2389 988 2447 intellectum
1037 2389 1205 2463 igitur
1253 2397 1509 2464 agentem
1563 2392 1878 2452 intellectus
1928 2404 2116 2454 noster
2164 2399 2233 2454 in·

234 2488 393 2540 actum
407 2480 695 2539 reducitur
711 2487 963 2552 respectu
982 2479 1176 2536 borum
1200 2479 1622 2553 intelligibilium
1648 2489 1883 2551 tantum,
1911 2484 1969 2541 in
1987 2493 2230 2559 quorum-

233 2571 458 2628 notitiam
484 2585 591 2645 per
617 2567 896 2626 sensibilia
926 2583 1213 2640 possumus
1240 2569 1519 2628 devenire.
1549 2561 1892 2646 Impossibile
1919 2579 2007 2631 es't
2033 2582 2227 2633 autem-¹

234 2659 390 2718 intuli
417 2658 732 2734 cognitione
761 2645 1014 2714 ultimum
1041 2657 1278 2716 hominis
1305 2659 1469 2716 finem
1497 2633 2001 2744 consistereQam
2027 2663 2225 2740 ultimo
2270 2640 2291 2703 ἶ

235 2748 324 2806 fine
343 2749 536 2825 adepto
568 2746 902 2804 desiderium
928 2746 1178 2805 naturale
1199 2748 1458 2820 quiescit.
1490 2748 2006 2824 Quantumcumque
2035 2759 2231 2809 autem·

235 2839 408 2915 aliquis
428 2838 688 2916 proficiat
716 2835 1070 2908 intelligendo
1099 2838 1403 2892 secundum
1425 2834 1753 2898 praedictum
1778 2840 1999 2895 modum
2026 2840 2217 2911 cogni-

236 2923 392 2998 tioniS,
417 2945 528 3004 quo
567 2943 606 2985 a
633 2941 798 2985 sensu
841 2923 1134 2983 scientiam
1171 2921 1525 2995 percipimuS‚
1565 2921 1742 2978 adbuc
1778 2932 2026 2980 remanet
2054 2933 2217 2983 natu·
2308 2988 2313 2997 ,

236 3015 330 3072 rale
352 3015 688 3075 desiderium
716 3014 785 3074 ad
827 3013 936 3073 alia
975 3010 1377 3086 cognoscenda.
1403 3008 1575 3068 Multa
1624 3010 1769 3088 enim
1798 3019 1945 3082 sunt,
1976 3015 2050 3080 ad
2097 3030 2218 3088 quae

236 3118 402 3164 sensus
435 3106 754 3182 pertingere
793 3119 902 3162 non
942 3110 1146 3176 potest,
1195 3100 1266 3158 de
1306 3099 1509 3176 quibus
1548 3117 1646 3174 per
1688 3101 1968 3162 sensibilia
2008 3104 2233 3162 nonnisi-

235 3194 480 3254 modicam
525 3187 790 3252 notitiam
833 3189 1083 3264 accipere
1123 3205 1435 3268 possumus,
1479 3197 1547 3248 ut
1582 3189 1725 3246 forte
1766 3189 2004 3251 sciamus
2046 3193 2114 3250 de
2141 3194 2222 3250 eis

238 3284 362 3353 quod
379 3285 514 3356 sint,
547 3297 664 3341 non
687 3291 873 3340 autem
901 3280 1034 3356 quid
1065 3280 1196 3349 sint,
1224 3295 1291 3338 eo
1317 3279 1468 3355 quod
1498 3277 1933 3338 substantiarum
1962 3282 2222 3342 immate-

236 3369 426 3430 rialium
463 3373 809 3448 quidditates
847 3369 1072 3428 alterius
1106 3369 1324 3443 generis
1361 3374 1491 3428 sunt
1520 3384 1557 3426 a
1596 3368 1999 3443 quidditatibus
2036 3387 2222 3429 rerum

238 3462 570 3533 sensibilium,
598 3468 655 3520 et
683 3477 780 3518 eas
801 3455 971 3535 ‘quasi
1007 3457 1522 3534 impertionabiliter
1560 3459 2027 3518 transcendentes.
2060 3462 2222 3520 Circa

238 3562 290 3604 ea
313 3550 469 3610 etiam
489 3568 621 3628 quae
656 3549 759 3608 sub
797 3565 1020 3608 sensum
1057 3549 1280 3620 cadunt,
1307 3548 1483 3607 multa
1518 3555 1649 3606 sunt
1681 3562 1917 3623 quorum
1953 3549 2240 3609 rationem·
2300 3615 2309 3620 ,

237 3651 540 3711 cognoscere
594 3657 693 3716 per
715 3711 718 3716 Ι
741 3639 1130 3698 certitudinem
1176 3653 1282 3696 non
1341 3653 1661 3712 possumne,
1704 3639 1803 3697 sed
1856 3639 2223 3714 quorumdam
2314 3670 2319 3678 -

238 3725 434 3796 quidem
467 3721 633 3785 'nullo
677 3727 859 3796 modo,
891 3725 1255 3801 quorumdam
1294 3739 1427 3782 vero
1468 3724 1764 3784 debilitert
1804 3741 1975 3784 unum
2007 3741 2230 3800 semper

237 3823 460 3873 remanet
499 3817 754 3876 naturale
791 3813 1126 3875 desiderium
1165 3822 1420 3889 respectu
1457 3813 1821 3890 'perfectioris
1868 3815 2224 3896 cognitionis.

237 3899 558 3976 Impossibile
590 3913 672 3966 est
719 3891 906 3966 autem
933 3904 1197 3972 naturale
1237 3903 1574 3982 desiderium
1600 3919 1739 3983 esse
1763 3919 1987 3966 vanum.
2014 3908 2226 3965 Conse-

237 3991 436 4066 quimur
448 3986 454 3992 ’
465 3995 920 4068 igitur‘ultimutn
941 3995 1106 4054 finem
1119 3991 1188 4053 'in
1203 3994 1364 4065 boc„
1377 3993 1541 4068 quod.
1560 3987 1878 4053 intellectus
1902 4000 2108 4053 noster
2125 3993 2227 4051 fiat
