2850 4517
552 424 667 468 iv,
692 439 775 452 —
798 425 877 476 na·
918 425 1337 476 PERFao‘rronn
1380 425 1548 473 vius
1595 425 1970 472 semri-nans
2152 409 2275 474 347

295 555 319 590 α
347 536 491 598 Unde
514 544 571 597 et
611 539 753 612 apud
784 545 996 606 veteres
1025 540 1169 598 idem
1203 541 1443 614 episcopi
1463 548 1520 600 et
1549 540 1855 614 presbyteri
1877 541 2116 610 fuerunt,
2140 543 2273 616 quia

293 624 413 682 illud
433 641 623 691 nomen
650 636 735 692 est
763 629 1067 702 diguitatis,
1094 646 1201 690 non
1228 631 1413 690 aetatis
1433 649 1482 693 ι.
1501 630 1607 688 Ubi
1636 631 1943 688 ostenditur
1969 630 2281 690 differentia

290 729 399 772 esse
424 715 479 776 in
500 733 578 784 re,
609 717 707 782 sed
730 719 1111 782 convenientia
1147 720 1203 778 iu
1236 721 1456 780 nomine
1483 725 1710 793 propter
1735 719 2080 790 dignitatem,
2112 735 2279 793 quam

289 802 535 876 importat
569 801 767 866 n'omen
808 808 1241 882 presbyteratus.
1272 809 1399 866 Fuit
1427 814 1612 868 autem
1649 808 1997 882 postmodum
2023 823 2286 866 necessa-

287 892 419 950 rium
444 894 512 952 ad
534 895 821 962 vitandum
856 897 1170 960 schismatis
1197 914 1459 967 errorem,
1491 898 1585 973 qui
1615 914 1684 955 ex
1705 896 2072 955 indifferentia
2101 897 2284 954 nomi-

287 981 363 1038 nis
396 983 686 1055 oriebatur,
734 994 797 1045 ut
838 987 1005 1048 etiam
1044 988 1267 1046 nomina
1308 989 1795 1060 distinguerentur,
1837 996 1900 1044 ut
1941 987 2154 1044 scilicet
2179 985 2282 1044 soli

284 1073 505 1144 majores
528 1074 836 1148 presbyteri
864 1075 1107 1150 episcopi
1134 1077 1468 1145 dicerentur,
1495 1079 1734 1139 minores
1760 1091 1892 1134 vero
1917 1075 2096 1132 solum
2123 1090 2282 1147 pres-

284 1159 451 1234 byteri
490 1163 827 1223 dicerentur.
870 1163 1027 1234 Quod
1068 1181 1199 1222 vero
1236 1166 1429 1240 quinto
1473 1167 1815 1240 propositum
1851 1172 1936 1222 est
1973 1180 2082 1220 non
2117 1163 2287 1220 habet

284 1247 592 1318 efficaciam,
620 1253 746 1316 vita
770 1253 915 1316 euim
939 1254 1366 1328 contemplativa
1395 1270 1504 1312 non
1531 1254 1710 1312 solum
1739 1253 2029 1328 praefertur
2057 1253 2279 1321 activae‚

282 1339 403 1410 quia
442 1347 525 1396 est
553 1342 818 1410 securior,
848 1349 910 1402 ut
943 1345 1279 1416 proponitur,
1311 1344 1409 1400 sed
1439 1342 1567 1418 quia
1585 1340 1678 1399 'est
1707 1342 2030 1415 simpliciter
2065 1341 2283 1411 melior,

282 1430 570 1496 secundum
601 1431 749 1504 quod
790 1432 1053 1490 Dominus
1080 1431 1235 1501 dicit,
1274 1433 1411 1490 Luc.
1449 1447 1492 1490 x
1527 1449 1542 1488 ι
1571 1431 1842 1504 Optimam
1869 1438 2084 1505 partem
2123 1429 2278 1503 eloyit

279 1516 372 1574 sibi
418 1519 737 1579 Maria.·Et
781 1530 987 1594 quanto
1038 1521 1425 1596 contemplatio
1470 1523 1664 1578 melior
1701 1529 1785 1578 est
1831 1520 2068 1589 actione,
2121 1526 2277 1576 tanto

278 1605 392 1677 plus
419 1624 517 1680 pro
544 1609 660 1666 Deo
700 1609 916 1668 videtur
938 1610 1138 1678 facere,
1172 1611 1264 1684 qui
1293 1611 1512 1668 dilectae
1547 1610 2024 1682 contemplationis
2052 1607 2278 1681 aliquod

173 1683 179 1692 ’
276 1693 661 1760 detrimentum
683 1698 910 1771 patitur,
947 1706 1009 1754 ut
1034 1697 1199 1755 saluti
1226 1697 1596 1771 proximorum
1634 1704 1852 1770 propter
1889 1699 2063 1752 Deum
2093 1698 2282 1752 inten-

275 1781 381 1846 dat.
424 1783 718 1848 Intendere
757 1785 925 1856 igitur
964 1785 1126 1842 saluti
1154 1785 1529 1858 proximorum
1565 1801 1691 1843 cum
1734 1785 1917 1858 aliquo
1947 1785 2278 1840 detrimento

270 1873 749 1946 contemplationis
772 1879 993 1946 propter
1010 1889 1251 1930 amorem
1280 1875 1378 1929 Dei
1406 1882 1464 1930 et
1487 1873 1740 1959 proximi,
1767 1873 1836 1928 ad
1863 1874 2124 1944 majorem
2149 1888 2280 1944 per-

269 1959 564 2021 fectionem
588 1961 875 2024 charitatis
902 1961 1118 2018 videtur
1149 1963 1440 2034 pertinere,
1482 1977 1648 2034 quam
1677 1963 1722 2016 si
1751 1961 1950 2032 aliquis
1975 1961 2028 2023 in
2065 1966 2281 2016 tanturn

268 2048 547 2107 dulcedini
584 2049 1061 2123 contemplationis
1101 2051 1413 2118 inhaereret,
1451 2049 1597 2124 quod
1630 2049 1785 2122 ,nullo
1827 2049 1988 2105 modo
2017 2064 2140 2105 eam
2176 2048 2282 2105 de·-

269 2153 447 2204 serere
474 2138 665 2207 vellet,
690 2139 857 2196 etiam
879 2146 1099 2214 propter
1123 2140 1359 2199 salutem
1382 2139 1634 2206 aliorum,
1660 2145 1884 2213 propter
1903 2154 2069 2212 quam
2098 2142 2283 2211 Apos-

270 2228 407 2289 tolus
460 2244 574 2287 non
623 2228 798 2286 solum
851 2228 1316 2302 prolongationem
1363 2229 1650 2302 praesentis
1693 2229 1846 2298 vitae,
1895 2229 1990 2288 sed
2034 2227 2204 2284 etiam
2244 2242 2278 2284 a

269 2317 727 2392 contemplatione
754 2317 995 2374 ooelestis
1024 2319 1217 2392 patriae
1236 2318 1505 2374 retardari
1531 2317 1602 2374 ad
1627 2323 1842 2391 tempus
1858 2316 2032 2376 voluit
2054 2322 2280 2390 propter

270 2408 641 2478 proximorum
682 2406 935 2474 salutem,
968 2413 1027 2462 ut
1070 2413 1219 2480 patet
1262 2423 1357 2480 per
1386 2407 1540 2477 illud,
1569 2407 1716 2480 quod
1761 2407 1983 2474 dicitur,
2029 2405 2147 2462 Phi.
2181 2421 2226 2460 11
2261 2419 2276 2460 ε

270 2494 531 2556 Coarctor
544 2494 687 2552 enim
706 2494 933 2552 duobus:
955 2495 1273 2557 desiderium
1286 2495 1476 2554 habens
1493 2494 1708 2552 dissolvi
1717 2503 1769 2553 et
1783 2513 1886 2552 esse
1897 2512 2014 2553 cum
2033 2494 2274 2562 Christo,

268 2586 427 2644 multo
456 2584 653 2644 melius
692 2590 785 2650 est,
817 2601 1132 2656 permanere
1158 2592 1333 2642 autem
1360 2585 1420 2640 in
1462 2601 1644 2651 carne,
1675 2585 2028 2642 necessarium
2051 2590 2282 2657 propter

267 2689 369 2734 eos.
400 2675 511 2736 Sed
556 2675 605 2730 si
635 2673 703 2730 de
736 2673 1068 2748 perfectione
1096 2673 1382 2738 charitatis
1420 2675 1601 2745 agitur
1631 2687 1755 2745 quae
1783 2674 1836 2728 in
1867 2674 2033 2730 animi
2060 2687 2281 2746 praepa-

268 2763 476 2840 ratione
508 2763 807 2838 plurimum
851 2760 1121 2824 consistit,
1170 2768 1230 2817 ut
1270 2777 1438 2833 supra
1485 2753 1553 2816 ex
1592 2761 1773 2817 verbis
1814 2763 1954 2832 Aug.
1985 2761 2280 2833 probatum

266 2858 365 2919 est,
393 2853 557 2911 multi
579 2851 1063 2924 contemplativam
1080 2849 1249 2906 vitam
1273 2856 1514 2918 agonum,
1543 2849 1710 2903 etiam
1726 2847 1868 2904 hanc
1887 2848 2280 2919 perfectionem

266 2939 483 3010 habent,
540 2947 605 2998 ut
642 2955 767 2996 cum
813 2939 995 2996 animo
1042 2937 1152 2994 sint
1187 2937 1363 3010 parati
1402 2935 1702 2992 secundum
1740 2937 1837 2991 Dei
1879 2935 2281 3007 beneplacitum

264 3031 428 3088 etiam
479 3047 513 3090 a
557 3029 777 3086 dileotae
827 3026 1303 3100 contemplationis
1355 3026 1469 3082 otio
1505 3024 1774 3098 suspendi
1819 3023 1890 3080 ad
1935 3030 2169 3096 tempus,
2219 3027 2281 3079 ut

267 3119 645 3190 proximorum
690 3115 855 3174 saluti
902 3122 1099 3173 vacent
1147 3132 1161 3170 x
1212 3131 1336 3187 qum
1366 3121 1549 3170 tamen
1591 3113 1852 3186 perfectio
1895 3112 2182 3169 charitatis
2224 3112 2280 3166 in

264 3207 543 3282 plerisque
601 3206 973 3280 proximorum
1015 3204 1241 3262 utilitati
1284 3203 1606 3264 vacantibus
1647 3218 1753 3258 non
1801 3202 2094 3270 invenitur,
2141 3215 2281 3274 quos

266 3298 439 3370 magis
468 3295 919 3369 contemplativae
956 3295 1095 3354 vitae·
1130 3295 1352 3352 taedium
1396 3293 1466 3350 ad
1508 3293 1776 3350 exteriora
1818 3292 2058 3360 deducit,
2111 3307 2279 3364 quam

264 3383 314 3442 in
344 3386 631 3443 desiderio
676 3383 959 3450 habeatur,
1005 3390 1065 3438 ut
1102 3384 1184 3438 sic
1226 3383 1281 3438 in
1312 3383 1391 3438 eis
1429 3381 1498 3438 ad
1535 3380 1926 3456 perfectionem
1967 3377 2282 3434 dilectionis

264 3475 563 3553 pertineat,
594 3472 743 3546 quod
788 3489 909 3528 eam
940 3480 1201 3545 tanquam
1229 3472 1432 3528 bonum
1469 3471 1729 3528 dilectum
1766 3470 1835 3526 ad
1867 3475 2080 3541 tempus
2121 3474 2280 3540 post-

262 3573 489 3634 ponant.
536 3562 649 3620 Sed
677 3561 1038 3635 quorumdam
1067 3560 1311 3619 defectus
1340 3560 1526 3628 statui,
1561 3560 1646 3616 vel
1687 3559 1866 3616 officio
1896 3556 2278 3632 praejudicium

263 3653 459 3711 afferre
484 3669 597 3710 non
625 3643 837 3726 pote‘st3
863 3651 965 3707 hoc
992 3650 1137 3706 enim
1160 3650 1336 3722 ipsum
1368 3649 1515 3723 quod
1544 3657 1627 3706 est
1648 3649 1878 3705 allorum
1906 3646 2278 3721 proximorum

262 3755 455 3800 curam
486 3758 701 3815 gerere,
727 3739 1077 3816 perfectionis
1107 3745 1263 3796 actus
1288 3739 1497 3794 censeri
1526 3738 1707 3806 debet,
1733 3754 1858 3794 cum
1888 3737 1954 3794 ad
1981 3734 2280 3809 perfectam

259 3831 624 3898 dilectionem
653 3831 751 3894 Dei
780 3838 834 3888 et
862 3829 1094 3904 proximi
1124 3828 1415 3909 pertineat.
1449 3827 1554 3884 Sed
1579 3827 1673 3883 hic
1695 3824 2148 3884 considerandum
2174 3829 2276 3891 est,

261 3923 411 3992 quod
454 3939 572 3978 non
601 3923 931 3996 quicumque
962 3928 1087 3977 actu
1128 3917 1294 3976 habet
1322 3917 1466 3990 quod
1498 3923 1580 3974 est
1619 3916 1928 3990 perfectius,
1975 3910 2280 3985 inperfec-

258 4011 391 4068 tiori
433 4016 596 4070 statu
632 4011 1001 4070 constituitur.
1040 4009 1232 4068 Nullus
1274 4009 1419 4066 enim
1455 4005 1688 4086 dubitat,
1731 4007 1862 4080 quin
1905 4002 2282 4077 virginitatem
