<?xml version="1.0" encoding="UTF-8"?>
<!DOCTYPE html PUBLIC "-//W3C//DTD XHTML 1.0 Transitional//EN"
    "http://www.w3.org/TR/xhtml1/DTD/xhtml1-transitional.dtd">
<html xmlns="http://www.w3.org/1999/xhtml" xml:lang="en" lang="en">
 <head>
  <title>
</title>
<meta http-equiv="Content-Type" content="text/html;charset=utf-8" />
  <meta name='ocr-system' content='tesseract 3.04.00' />
  <meta name='ocr-capabilities' content='ocr_page ocr_carea ocr_par ocr_line ocrx_word'/>
</head>
<body>
  <div class='ocr_page' id='page_1' title='image "./sthomaquinatisd02thomgoog_0196.png"; bbox 0 0 2850 4517; ppageno 0'>
   <div class='ocr_carea' id='block_1_1' title="bbox 573 348 2103 413">
    <p class='ocr_par' dir='ltr' id='par_1_1' title="bbox 573 348 2103 413">
     <span class='ocr_line' id='line_1_1' title="bbox 573 348 2103 413; baseline -0.004 -4"><span class='ocrx_word' id='word_1_1' title='bbox 573 348 690 409; x_wconf 78' lang='lat'><strong><em>182</em></strong></span> <span class='ocrx_word' id='word_1_2' title='bbox 1048 364 1100 408; x_wconf 79' lang='lat' dir='ltr'><strong><em>s.</em></strong></span> <span class='ocrx_word' id='word_1_3' title='bbox 1145 362 1378 407; x_wconf 71' lang='lat' dir='ltr'><strong><em>&#39;ruouAE</em></strong></span> <span class='ocrx_word' id='word_1_4' title='bbox 1419 361 1750 413; x_wconf 68' lang='lat' dir='ltr'><strong><em>Aoummxs</em></strong></span> <span class='ocrx_word' id='word_1_5' title='bbox 1792 361 2103 405; x_wconf 66' lang='lat' dir='ltr'><strong><em>opuscum</em></strong></span> 
     </span>
    </p>
   </div>
   <div class='ocr_carea' id='block_1_2' title="bbox 527 475 2606 2418">
    <p class='ocr_par' dir='ltr' id='par_1_2' title="bbox 567 475 2597 1176">
     <span class='ocr_line' id='line_1_2' title="bbox 567 475 2597 553; baseline -0.002 -18"><span class='ocrx_word' id='word_1_6' title='bbox 567 480 724 549; x_wconf 81' lang='lat' dir='ltr'><strong><em>sione</em></strong></span> <span class='ocrx_word' id='word_1_7' title='bbox 745 478 1048 553; x_wconf 80' lang='lat' dir='ltr'><strong><em>proposuit.</em></strong></span> <span class='ocrx_word' id='word_1_8' title='bbox 1081 480 1240 536; x_wconf 80' lang='lat' dir='ltr'><strong><em>Matt.</em></strong></span> <span class='ocrx_word' id='word_1_9' title='bbox 1269 494 1414 541; x_wconf 70' lang='lat' dir='ltr'><strong><em>xxm</em></strong></span> <span class='ocrx_word' id='word_1_10' title='bbox 1446 494 1459 533; x_wconf 74' lang='grc' dir='ltr'><strong>ε</strong></span> <span class='ocrx_word' id='word_1_11' title='bbox 1486 477 1655 536; x_wconf 82' lang='lat' dir='ltr'><strong><em>Pater</em></strong></span> <span class='ocrx_word' id='word_1_12' title='bbox 1686 476 1784 544; x_wconf 79' lang='lat' dir='ltr'><strong><em>mi,</em></strong></span> <span class='ocrx_word' id='word_1_13' title='bbox 1812 475 1863 533; x_wconf 75' lang='lat' dir='ltr'><strong><em>si</em></strong></span> <span class='ocrx_word' id='word_1_14' title='bbox 1888 476 2132 551; x_wconf 74' lang='lat' dir='ltr'><strong><em>possibile</em></strong></span> <span class='ocrx_word' id='word_1_15' title='bbox 2154 482 2253 541; x_wconf 71' lang='lat' dir='ltr'><strong><em>est,</em></strong></span> <span class='ocrx_word' id='word_1_16' title='bbox 2281 481 2537 533; x_wconf 69' lang='lat' dir='ltr'><strong><em>transeat</em></strong></span> <span class='ocrx_word' id='word_1_17' title='bbox 2558 492 2597 531; x_wconf 87' lang='lat' dir='ltr'><strong><em>a</em></strong></span> 
     </span>
     <span class='ocr_line' id='line_1_3' title="bbox 567 564 2595 639; baseline -0.003 -12"><span class='ocrx_word' id='word_1_18' title='bbox 567 586 648 627; x_wconf 88' lang='lat' dir='ltr'><strong><em>me</em></strong></span> <span class='ocrx_word' id='word_1_19' title='bbox 676 569 818 625; x_wconf 71' lang='lat' dir='ltr'><strong><em>calix</em></strong></span> <span class='ocrx_word' id='word_1_20' title='bbox 842 568 942 626; x_wconf 79' lang='lat' dir='ltr'><strong><em>iste</em></strong></span> <span class='ocrx_word' id='word_1_21' title='bbox 965 585 986 627; x_wconf 92' lang='lat'><strong><em>.·</em></strong></span> <span class='ocrx_word' id='word_1_22' title='bbox 1013 576 1378 629; x_wconf 79' lang='lat' dir='ltr'><strong><em>verumtamen</em></strong></span> <span class='ocrx_word' id='word_1_23' title='bbox 1398 584 1509 625; x_wconf 77' lang='lat' dir='ltr'><strong><em>non</em></strong></span> <span class='ocrx_word' id='word_1_24' title='bbox 1532 566 1671 623; x_wconf 74' lang='lat' dir='ltr'><strong><em>simtt</em></strong></span> <span class='ocrx_word' id='word_1_25' title='bbox 1700 583 1791 639; x_wconf 67' lang='lat' dir='ltr'><strong><em>eqo</em></strong></span> <span class='ocrx_word' id='word_1_26' title='bbox 1821 566 1955 633; x_wconf 84' lang='lat' dir='ltr'><strong><em>volo,</em></strong></span> <span class='ocrx_word' id='word_1_27' title='bbox 1985 566 2076 623; x_wconf 77' lang='lat' dir='ltr'><strong><em>sed</em></strong></span> <span class='ocrx_word' id='word_1_28' title='bbox 2102 564 2351 622; x_wconf 74' lang='lat' dir='ltr'><strong><em>sieut&#39;tu..</em></strong></span> <span class='ocrx_word' id='word_1_29' title='bbox 2383 566 2447 621; x_wconf 85' lang='lat' dir='ltr'><strong><em>In</em></strong></span> <span class='ocrx_word' id='word_1_30' title='bbox 2481 565 2595 621; x_wconf 83' lang='lat' dir='ltr'><strong><em>hoc</em></strong></span> 
     </span>
     <span class='ocr_line' id='line_1_4' title="bbox 569 654 2596 731; baseline -0.001 -18"><span class='ocrx_word' id='word_1_31' title='bbox 569 658 714 714; x_wconf 88' lang='lat' dir='ltr'><strong><em>enim</em></strong></span> <span class='ocrx_word' id='word_1_32' title='bbox 739 657 884 731; x_wconf 90' lang='lat' dir='ltr'><strong><em>quod</em></strong></span> <span class='ocrx_word' id='word_1_33' title='bbox 907 657 1076 715; x_wconf 84' lang='lat' dir='ltr'><strong><em>dixit:</em></strong></span> <span class='ocrx_word' id='word_1_34' title='bbox 1109 657 1369 720; x_wconf 76' lang='lat' dir='ltr'><strong><em>Transeat</em></strong></span> <span class='ocrx_word' id='word_1_35' title='bbox 1390 673 1431 712; x_wconf 86' lang='lat' dir='ltr'><strong><em>a</em></strong></span> <span class='ocrx_word' id='word_1_36' title='bbox 1450 673 1533 715; x_wconf 81' lang='lat' dir='ltr'><strong><em>me</em></strong></span> <span class='ocrx_word' id='word_1_37' title='bbox 1554 654 1698 715; x_wconf 76' lang='lat' dir='ltr'><strong><em>calix</em></strong></span> <span class='ocrx_word' id='word_1_38' title='bbox 1720 656 1841 723; x_wconf 79' lang='lat' dir='ltr'><strong><em>iste,</em></strong></span> <span class='ocrx_word' id='word_1_39' title='bbox 1868 666 2077 713; x_wconf 82' lang='lat' dir='ltr'><strong><em>motum</em></strong></span> <span class='ocrx_word' id='word_1_40' title='bbox 2107 654 2384 712; x_wconf 85' lang='lat' dir='ltr'><strong><em>inferioris</em></strong></span> <span class='ocrx_word' id='word_1_41' title='bbox 2414 671 2596 727; x_wconf 82' lang='lat' dir='ltr'><strong><em>appe-</em></strong></span> 
     </span>
     <span class='ocr_line' id='line_1_5' title="bbox 571 744 2593 818; baseline -0.001 -17"><span class='ocrx_word' id='word_1_42' title='bbox 571 746 706 803; x_wconf 84' lang='lat' dir='ltr'><strong><em>titus</em></strong></span> <span class='ocrx_word' id='word_1_43' title='bbox 751 754 806 803; x_wconf 84' lang='lat' dir='ltr'><strong><em>et</em></strong></span> <span class='ocrx_word' id='word_1_44' title='bbox 859 746 1128 804; x_wconf 79' lang='lat' dir='ltr'><strong><em>naturalis</em></strong></span> <span class='ocrx_word' id='word_1_45' title='bbox 1177 746 1439 805; x_wconf 88' lang='lat' dir='ltr'><strong><em>desiderii</em></strong></span> <span class='ocrx_word' id='word_1_46' title='bbox 1491 746 1764 818; x_wconf 80' lang='lat' dir='ltr'><strong><em>designat,</em></strong></span> <span class='ocrx_word' id='word_1_47' title='bbox 1814 758 1925 817; x_wconf 90' lang='lat' dir='ltr'><strong><em>quo</em></strong></span> <span class='ocrx_word' id='word_1_48' title='bbox 1972 744 2299 801; x_wconf 78' lang='lat' dir='ltr'><strong><em>naturaiiter</em></strong></span> <span class='ocrx_word' id='word_1_49' title='bbox 2354 744 2593 817; x_wconf 76' lang='lat' dir='ltr'>quilibet</span> 
     </span>
     <span class='ocr_line' id='line_1_6' title="bbox 567 832 2588 908; baseline -0.002 -17"><span class='ocrx_word' id='word_1_50' title='bbox 567 842 802 892; x_wconf 88' lang='lat' dir='ltr'><strong><em>mortem</em></strong></span> <span class='ocrx_word' id='word_1_51' title='bbox 845 835 1066 907; x_wconf 75' lang='lat' dir='ltr'>refugit,</span> <span class='ocrx_word' id='word_1_52' title='bbox 1128 840 1185 890; x_wconf 90' lang='lat' dir='ltr'><strong><em>et</em></strong></span> <span class='ocrx_word' id='word_1_53' title='bbox 1235 835 1447 908; x_wconf 82' lang='lat' dir='ltr'><strong><em>appetit</em></strong></span> <span class='ocrx_word' id='word_1_54' title='bbox 1490 835 1681 898; x_wconf 80' lang='lat' dir='ltr'><strong><em>vitam.</em></strong></span> <span class='ocrx_word' id='word_1_55' title='bbox 1724 834 1791 892; x_wconf 78' lang='lat'><strong><em>111</em></strong></span> <span class='ocrx_word' id='word_1_56' title='bbox 1838 832 1940 891; x_wconf 85' lang='lat' dir='ltr'><strong><em>hoc</em></strong></span> <span class='ocrx_word' id='word_1_57' title='bbox 1988 840 2176 889; x_wconf 78' lang='lat' dir='ltr'><strong><em>autem</em></strong></span> <span class='ocrx_word' id='word_1_58' title='bbox 2216 833 2367 905; x_wconf 87' lang='lat' dir='ltr'><strong><em>quod</em></strong></span> <span class='ocrx_word' id='word_1_59' title='bbox 2422 832 2588 888; x_wconf 88' lang='lat' dir='ltr'><strong><em>dicit.</em></strong></span> 
     </span>
     <span class='ocr_line' id='line_1_7' title="bbox 575 920 2594 996; baseline -0.002 -15"><span class='ocrx_word' id='word_1_60' title='bbox 575 924 952 983; x_wconf 76' lang='lat' dir='ltr'><strong><em>Verumtamen</em></strong></span> <span class='ocrx_word' id='word_1_61' title='bbox 975 940 1083 979; x_wconf 77' lang='lat' dir='ltr'><strong><em>non</em></strong></span> <span class='ocrx_word' id='word_1_62' title='bbox 1125 923 1262 981; x_wconf 72' lang='lat' dir='ltr'><strong><em>sicut</em></strong></span> <span class='ocrx_word' id='word_1_63' title='bbox 1295 926 1396 996; x_wconf 67' lang='lat' dir='ltr'><strong><em>eyo‘</em></strong></span> <span class='ocrx_word' id='word_1_64' title='bbox 1415 924 1552 989; x_wconf 87' lang='lat' dir='ltr'><strong><em>volo,</em></strong></span> <span class='ocrx_word' id='word_1_65' title='bbox 1592 922 1684 979; x_wconf 73' lang='lat' dir='ltr'><strong><em>sed</em></strong></span> <span class='ocrx_word' id='word_1_66' title='bbox 1718 922 1861 979; x_wconf 73' lang='lat' dir='ltr'><strong><em>sieut</em></strong></span> <span class='ocrx_word' id='word_1_67' title='bbox 1888 927 1949 980; x_wconf 72' lang='lat' dir='ltr'><strong><em>tu</em></strong></span> <span class='ocrx_word' id='word_1_68' title='bbox 1977 920 2079 987; x_wconf 77' lang='lat' dir='ltr'><strong><em>vis,</em></strong></span> <span class='ocrx_word' id='word_1_69' title='bbox 2126 922 2391 993; x_wconf 77' lang='lat' dir='ltr'><strong><em>exprimit</em></strong></span> <span class='ocrx_word' id='word_1_70' title='bbox 2432 928 2594 977; x_wconf 85' lang='lat' dir='ltr'><strong><em>motu</em></strong></span> 
     </span>
     <span class='ocr_line' id='line_1_8' title="bbox 568 1010 2596 1088; baseline -0.003 -14"><span class='ocrx_word' id='word_1_71' title='bbox 568 1013 866 1088; x_wconf 77' lang='lat' dir='ltr'><strong><em>superioris</em></strong></span> <span class='ocrx_word' id='word_1_72' title='bbox 889 1011 1120 1071; x_wconf 87' lang='lat' dir='ltr'><strong><em>rationis</em></strong></span> <span class='ocrx_word' id='word_1_73' title='bbox 1141 1013 1327 1070; x_wconf 82' lang='lat' dir='ltr'><strong><em>omnia</em></strong></span> <span class='ocrx_word' id='word_1_74' title='bbox 1355 1011 1779 1081; x_wconf 73' lang='lat' dir='ltr'><strong><em>considerantiS,</em></strong></span> <span class='ocrx_word' id='word_1_75' title='bbox 1807 1019 1968 1085; x_wconf 81' lang='lat' dir='ltr'><strong><em>prout</em></strong></span> <span class='ocrx_word' id='word_1_76' title='bbox 1992 1010 2095 1070; x_wconf 84' lang='lat' dir='ltr'><strong><em>sub</em></strong></span> <span class='ocrx_word' id='word_1_77' title='bbox 2122 1011 2469 1069; x_wconf 80' lang='lat' dir='ltr'><strong><em>ordinatione</em></strong></span> <span class='ocrx_word' id='word_1_78' title='bbox 2498 1012 2596 1067; x_wconf 85' lang='lat' dir='ltr'><strong><em>di-</em></strong></span> 
     </span>
     <span class='ocr_line' id='line_1_9' title="bbox 569 1099 2589 1176; baseline -0.002 -17"><span class='ocrx_word' id='word_1_79' title='bbox 569 1102 712 1160; x_wconf 82' lang='lat' dir='ltr'><strong><em>vinae</em></strong></span> <span class='ocrx_word' id='word_1_80' title='bbox 747 1101 1046 1176; x_wconf 81' lang='lat' dir='ltr'><strong><em>Sapientiae</em></strong></span> <span class='ocrx_word' id='word_1_81' title='bbox 1069 1102 1441 1162; x_wconf 83' lang='lat' dir='ltr'><strong><em>continentur.</em></strong></span> <span class='ocrx_word' id='word_1_82' title='bbox 1473 1100 1556 1159; x_wconf 82' lang='lat' dir='ltr'><strong><em>Ad</em></strong></span> <span class='ocrx_word' id='word_1_83' title='bbox 1586 1102 1735 1174; x_wconf 86' lang='lat' dir='ltr'><strong><em>quod</em></strong></span> <span class='ocrx_word' id='word_1_84' title='bbox 1764 1102 1930 1159; x_wconf 82' lang='lat' dir='ltr'><strong><em>etiam</em></strong></span> <span class='ocrx_word' id='word_1_85' title='bbox 1962 1099 2201 1173; x_wconf 83' lang='lat' dir='ltr'><strong><em>pertinet</em></strong></span> <span class='ocrx_word' id='word_1_86' title='bbox 2228 1100 2373 1173; x_wconf 90' lang='lat' dir='ltr'><strong><em>quod</em></strong></span> <span class='ocrx_word' id='word_1_87' title='bbox 2402 1100 2544 1157; x_wconf 79' lang='lat' dir='ltr'><strong><em>dicit</em></strong></span> <span class='ocrx_word' id='word_1_88' title='bbox 2573 1117 2589 1155; x_wconf 90' lang='lat'><strong>:</strong></span> 
     </span>
    </p>

    <p class='ocr_par' dir='ltr' id='par_1_3' title="bbox 527 1189 2606 2418">
     <span class='ocr_line' id='line_1_10' title="bbox 567 1189 2591 1263; baseline -0.003 -14"><span class='ocrx_word' id='word_1_89' title='bbox 567 1191 628 1249; x_wconf 82' lang='lat' dir='ltr'><strong><em>Si</em></strong></span> <span class='ocrx_word' id='word_1_90' title='bbox 655 1208 762 1249; x_wconf 80' lang='lat' dir='ltr'><strong><em>non</em></strong></span> <span class='ocrx_word' id='word_1_91' title='bbox 780 1198 972 1263; x_wconf 69' lang='lat' dir='ltr'><strong><em>potest,</em></strong></span> <span class='ocrx_word' id='word_1_92' title='bbox 1002 1191 1106 1255; x_wconf 83' lang='lat' dir='ltr'><strong><em>hoc</em></strong></span> <span class='ocrx_word' id='word_1_93' title='bbox 1133 1189 1311 1250; x_wconf 84' lang='lat' dir='ltr'><strong><em>solum</em></strong></span> <span class='ocrx_word' id='word_1_94' title='bbox 1336 1190 1461 1247; x_wconf 83' lang='lat' dir='ltr'><strong><em>fieri</em></strong></span> <span class='ocrx_word' id='word_1_95' title='bbox 1481 1204 1642 1263; x_wconf 85' lang='lat' dir='ltr'><strong><em>posse</em></strong></span> <span class='ocrx_word' id='word_1_96' title='bbox 1664 1190 2064 1255; x_wconf 81' lang='lat' dir='ltr'><strong><em>demonstranS,</em></strong></span> <span class='ocrx_word' id='word_1_97' title='bbox 2094 1189 2243 1261; x_wconf 88' lang='lat' dir='ltr'><strong><em>quod</em></strong></span> <span class='ocrx_word' id='word_1_98' title='bbox 2281 1190 2591 1245; x_wconf 85' lang='lat' dir='ltr'><strong><em>secundum</em></strong></span> 
     </span>
     <span class='ocr_line' id='line_1_11' title="bbox 527 1272 2597 1351; baseline -0.001 -16"><span class='ocrx_word' id='word_1_99' title='bbox 527 1272 530 1276; x_wconf 73' lang='grc'>’</span> <span class='ocrx_word' id='word_1_100' title='bbox 571 1280 819 1337; x_wconf 82' lang='lat' dir='ltr'><strong><em>ordinem</em></strong></span> <span class='ocrx_word' id='word_1_101' title='bbox 847 1279 1056 1341; x_wconf 65' lang='lat' dir='ltr'><strong><em>divinae,</em></strong></span> <span class='ocrx_word' id='word_1_102' title='bbox 1091 1278 1392 1341; x_wconf 82' lang='lat' dir='ltr'><strong><em>voluntatis</em></strong></span> <span class='ocrx_word' id='word_1_103' title='bbox 1438 1278 1707 1351; x_wconf 79' lang='lat' dir='ltr'><strong><em>procedit.</em></strong></span> <span class='ocrx_word' id='word_1_104' title='bbox 1737 1278 1807 1337; x_wconf 86' lang='lat' dir='ltr'><strong><em>Et</em></strong></span> <span class='ocrx_word' id='word_1_105' title='bbox 1850 1277 2103 1351; x_wconf 84' lang='lat' dir='ltr'><strong><em>quamvis</em></strong></span> <span class='ocrx_word' id='word_1_106' title='bbox 2132 1276 2277 1333; x_wconf 83' lang='lat' dir='ltr'><strong><em>calix</em></strong></span> <span class='ocrx_word' id='word_1_107' title='bbox 2315 1278 2597 1350; x_wconf 77' lang='lat' dir='ltr'><strong><em>passionis</em></strong></span> 
     </span>
     <span class='ocr_line' id='line_1_12' title="bbox 573 1366 2596 1443; baseline 0 -21"><span class='ocrx_word' id='word_1_108' title='bbox 573 1384 682 1423; x_wconf 89' lang='lat' dir='ltr'><strong><em>non</em></strong></span> <span class='ocrx_word' id='word_1_109' title='bbox 709 1368 962 1425; x_wconf 84' lang='lat' dir='ltr'><strong><em>transivit</em></strong></span> <span class='ocrx_word' id='word_1_110' title='bbox 989 1369 1060 1425; x_wconf 84' lang='lat' dir='ltr'><strong><em>ab</em></strong></span> <span class='ocrx_word' id='word_1_111' title='bbox 1083 1385 1149 1427; x_wconf 90' lang='lat' dir='ltr'><strong><em>eo</em></strong></span> <span class='ocrx_word' id='word_1_112' title='bbox 1175 1369 1306 1442; x_wconf 83' lang='lat' dir='ltr'><strong><em>quin</em></strong></span> <span class='ocrx_word' id='word_1_113' title='bbox 1329 1368 1507 1443; x_wconf 87' lang='lat' dir='ltr'><strong><em>ipsum</em></strong></span> <span class='ocrx_word' id='word_1_114' title='bbox 1534 1368 1753 1435; x_wconf 88' lang='lat' dir='ltr'><strong><em>biberit,</em></strong></span> <span class='ocrx_word' id='word_1_115' title='bbox 1780 1383 1889 1425; x_wconf 92' lang='lat' dir='ltr'><strong><em>non</em></strong></span> <span class='ocrx_word' id='word_1_116' title='bbox 1914 1374 2097 1423; x_wconf 79' lang='lat' dir='ltr'><strong><em>tamen</em></strong></span> <span class='ocrx_word' id='word_1_117' title='bbox 2118 1366 2229 1424; x_wconf 82' lang='lat' dir='ltr'><strong><em>diei</em></strong></span> <span class='ocrx_word' id='word_1_118' title='bbox 2252 1366 2419 1423; x_wconf 86' lang='lat' dir='ltr'><strong><em>debet</em></strong></span> <span class='ocrx_word' id='word_1_119' title='bbox 2442 1368 2596 1437; x_wconf 86' lang='lat' dir='ltr'><strong><em>quod</em></strong></span> 
     </span>
     <span class='ocr_line' id='line_1_13' title="bbox 574 1454 2598 1529; baseline -0.001 -18"><span class='ocrx_word' id='word_1_120' title='bbox 574 1458 693 1529; x_wconf 87' lang='lat' dir='ltr'><strong><em>ejus</em></strong></span> <span class='ocrx_word' id='word_1_121' title='bbox 725 1457 902 1515; x_wconf 79' lang='lat' dir='ltr'><strong><em>oratio</em></strong></span> <span class='ocrx_word' id='word_1_122' title='bbox 949 1458 1208 1519; x_wconf 79' lang='lat' dir='ltr'><strong><em>exaudita</em></strong></span> <span class='ocrx_word' id='word_1_123' title='bbox 1249 1474 1356 1514; x_wconf 88' lang='lat' dir='ltr'><strong><em>non</em></strong></span> <span class='ocrx_word' id='word_1_124' title='bbox 1403 1455 1589 1515; x_wconf 83' lang='lat' dir='ltr'><strong><em>fuerit..</em></strong></span> <span class='ocrx_word' id='word_1_125' title='bbox 1619 1456 1762 1513; x_wconf 85' lang='lat' dir='ltr'><strong><em>Nam</em></strong></span> <span class='ocrx_word' id='word_1_126' title='bbox 1808 1454 2107 1514; x_wconf 86' lang='lat' dir='ltr'><strong><em>secundum</em></strong></span> <span class='ocrx_word' id='word_1_127' title='bbox 2150 1454 2474 1525; x_wconf 81' lang='lat' dir='ltr'>Apostolum</span> <span class='ocrx_word' id='word_1_128' title='bbox 2522 1456 2598 1511; x_wconf 83' lang='lat' dir='ltr'><strong><em>ad</em></strong></span> 
     </span>
     <span class='ocr_line' id='line_1_14' title="bbox 576 1544 2599 1618; baseline -0.001 -17"><span class='ocrx_word' id='word_1_129' title='bbox 576 1544 744 1603; x_wconf 86' lang='lat' dir='ltr'><strong><em>Hebr.</em></strong></span> <span class='ocrx_word' id='word_1_130' title='bbox 769 1560 834 1603; x_wconf 68' lang='grc' dir='ltr'><strong><em>ιιι</em></strong></span> <span class='ocrx_word' id='word_1_131' title='bbox 862 1563 875 1602; x_wconf 88' lang='lat'>:</span> <span class='ocrx_word' id='word_1_132' title='bbox 901 1548 972 1605; x_wconf 83' lang='lat' dir='ltr'><strong><em>In</em></strong></span> <span class='ocrx_word' id='word_1_133' title='bbox 991 1546 1232 1605; x_wconf 77' lang='lat' dir='ltr'><strong><em>omnibus</em></strong></span> <span class='ocrx_word' id='word_1_134' title='bbox 1271 1546 1554 1605; x_wconf 76' lang='lat' dir='ltr'><strong><em>exauditus</em></strong></span> <span class='ocrx_word' id='word_1_135' title='bbox 1576 1552 1652 1601; x_wconf 78' lang='lat' dir='ltr'><strong><em>est</em></strong></span> <span class='ocrx_word' id='word_1_136' title='bbox 1682 1562 1786 1618; x_wconf 80' lang='lat' dir='ltr'><strong><em>pro</em></strong></span> <span class='ocrx_word' id='word_1_137' title='bbox 1812 1562 1911 1602; x_wconf 80' lang='lat' dir='ltr'><strong><em>sua</em></strong></span> <span class='ocrx_word' id='word_1_138' title='bbox 1935 1545 2257 1609; x_wconf 75' lang='lat' dir='ltr'><strong><em>reverentia,</em></strong></span> <span class='ocrx_word' id='word_1_139' title='bbox 2286 1561 2413 1605; x_wconf 86' lang='lat' dir='ltr'><strong><em>cum</em></strong></span> <span class='ocrx_word' id='word_1_140' title='bbox 2442 1544 2599 1600; x_wconf 86' lang='lat' dir='ltr'><strong><em>enim</em></strong></span> 
     </span>
     <span class='ocr_line' id='line_1_15' title="bbox 579 1632 2600 1707; baseline -0.001 -16"><span class='ocrx_word' id='word_1_141' title='bbox 579 1635 774 1703; x_wconf 83' lang='lat' dir='ltr'><strong><em>oratio,</em></strong></span> <span class='ocrx_word' id='word_1_142' title='bbox 805 1640 866 1701; x_wconf 85' lang='lat' dir='ltr'><strong><em>ut</em></strong></span> <span class='ocrx_word' id='word_1_143' title='bbox 916 1637 1124 1696; x_wconf 71' lang='lat' dir='ltr'><strong><em>dictum</em></strong></span> <span class='ocrx_word' id='word_1_144' title='bbox 1153 1643 1255 1704; x_wconf 81' lang='lat' dir='ltr'><strong><em>est,</em></strong></span> <span class='ocrx_word' id='word_1_145' title='bbox 1301 1636 1380 1693; x_wconf 85' lang='lat' dir='ltr'><strong><em>sit</em></strong></span> <span class='ocrx_word' id='word_1_146' title='bbox 1421 1635 1683 1693; x_wconf 78' lang='lat' dir='ltr'><strong><em>desiderii</em></strong></span> <span class='ocrx_word' id='word_1_147' title='bbox 1720 1634 2043 1707; x_wconf 81' lang='lat' dir='ltr'><strong><em>expositiva,</em></strong></span> <span class='ocrx_word' id='word_1_148' title='bbox 2083 1634 2219 1689; x_wconf 83' lang='lat' dir='ltr'><strong><em>iliud</em></strong></span> <span class='ocrx_word' id='word_1_149' title='bbox 2257 1632 2600 1705; x_wconf 79' lang='lat' dir='ltr'><strong><em>simpliciter</em></strong></span> 
     </span>
     <span class='ocr_line' id='line_1_16' title="bbox 578 1724 2602 1798; baseline -0.003 -15"><span class='ocrx_word' id='word_1_150' title='bbox 578 1740 814 1793; x_wconf 50' lang='lat' dir='ltr'><strong><em>oramus</em></strong></span> <span class='ocrx_word' id='word_1_151' title='bbox 847 1726 1000 1798; x_wconf 84' lang='lat' dir='ltr'><strong><em>quod</em></strong></span> <span class='ocrx_word' id='word_1_152' title='bbox 1021 1726 1343 1798; x_wconf 83' lang='lat' dir='ltr'><strong><em>simpliciter</em></strong></span> <span class='ocrx_word' id='word_1_153' title='bbox 1371 1726 1627 1783; x_wconf 84' lang='lat' dir='ltr'><strong><em>volumus</em></strong></span> <span class='ocrx_word' id='word_1_154' title='bbox 1652 1741 1665 1781; x_wconf 74' lang='grc' dir='ltr'><strong><em>ε</em></strong></span> <span class='ocrx_word' id='word_1_155' title='bbox 1698 1724 1926 1781; x_wconf 84' lang='lat' dir='ltr'><strong><em>undeet</em></strong></span> <span class='ocrx_word' id='word_1_156' title='bbox 1954 1724 2289 1779; x_wconf 85' lang='lat' dir='ltr'><strong><em>desiderium</em></strong></span> <span class='ocrx_word' id='word_1_157' title='bbox 2310 1724 2602 1795; x_wconf 84' lang='lat' dir='ltr'><strong><em>justorum</em></strong></span> 
     </span>
     <span class='ocr_line' id='line_1_17' title="bbox 575 1812 2603 1889; baseline -0.001 -18"><span class='ocrx_word' id='word_1_158' title='bbox 575 1813 838 1871; x_wconf 84' lang='lat' dir='ltr'><strong><em>orationis</em></strong></span> <span class='ocrx_word' id='word_1_159' title='bbox 861 1814 973 1871; x_wconf 86' lang='lat' dir='ltr'><strong><em>vim</em></strong></span> <span class='ocrx_word' id='word_1_160' title='bbox 1001 1814 1212 1878; x_wconf 74' lang='lat' dir='ltr'><strong><em>obtinet</em></strong></span> <span class='ocrx_word' id='word_1_161' title='bbox 1231 1815 1376 1889; x_wconf 83' lang='lat' dir='ltr'><strong><em>apud</em></strong></span> <span class='ocrx_word' id='word_1_162' title='bbox 1399 1816 1595 1883; x_wconf 88' lang='lat' dir='ltr'><strong><em>Deum,</em></strong></span> <span class='ocrx_word' id='word_1_163' title='bbox 1624 1813 1925 1871; x_wconf 83' lang='lat' dir='ltr'><strong><em>secundum</em></strong></span> <span class='ocrx_word' id='word_1_164' title='bbox 1948 1812 2083 1869; x_wconf 75' lang='lat' dir='ltr'><strong><em>illud</em></strong></span> <span class='ocrx_word' id='word_1_165' title='bbox 2110 1812 2254 1869; x_wconf 79' lang='lat' dir='ltr'><strong><em>Psai.</em></strong></span> <span class='ocrx_word' id='word_1_166' title='bbox 2286 1828 2351 1869; x_wconf 74' lang='lat' dir='ltr'><strong><em>xx</em></strong></span> <span class='ocrx_word' id='word_1_167' title='bbox 2377 1829 2392 1866; x_wconf 73' lang='grc' dir='ltr'><strong>ι</strong></span> <span class='ocrx_word' id='word_1_168' title='bbox 2428 1812 2603 1869; x_wconf 79' lang='lat' dir='ltr'><strong><em>Desi-</em></strong></span> 
     </span>
     <span class='ocr_line' id='line_1_18' title="bbox 574 1900 2605 1978; baseline 0 -19"><span class='ocrx_word' id='word_1_169' title='bbox 574 1903 782 1960; x_wconf 67' lang='lat' dir='ltr'><strong><em>det-ium</em></strong></span> <span class='ocrx_word' id='word_1_170' title='bbox 803 1916 1107 1978; x_wconf 74' lang='lat' dir='ltr'><strong><em>pauperum</em></strong></span> <span class='ocrx_word' id='word_1_171' title='bbox 1133 1904 1409 1966; x_wconf 70' lang='lat' dir='ltr'><strong><em>exaudivit</em></strong></span> <span class='ocrx_word' id='word_1_172' title='bbox 1436 1903 1717 1961; x_wconf 72' lang='lat' dir='ltr'><strong><em>Dominus.</em></strong></span> <span class='ocrx_word' id='word_1_173' title='bbox 1750 1901 1885 1958; x_wconf 85' lang='lat' dir='ltr'><strong><em>Illud</em></strong></span> <span class='ocrx_word' id='word_1_174' title='bbox 1917 1908 2102 1959; x_wconf 76' lang='lat' dir='ltr'><strong><em>autem</em></strong></span> <span class='ocrx_word' id='word_1_175' title='bbox 2130 1900 2457 1974; x_wconf 84' lang='lat' dir='ltr'><strong><em>simpliciter</em></strong></span> <span class='ocrx_word' id='word_1_176' title='bbox 2488 1918 2605 1959; x_wconf 80' lang='lat' dir='ltr'><strong><em>vo-</em></strong></span> 
     </span>
     <span class='ocr_line' id='line_1_19' title="bbox 575 1990 2603 2067; baseline -0 -18"><span class='ocrx_word' id='word_1_177' title='bbox 575 1992 774 2062; x_wconf 66' lang='lat' dir='ltr'><strong><em>lutum,</em></strong></span> <span class='ocrx_word' id='word_1_178' title='bbox 806 1995 952 2067; x_wconf 88' lang='lat' dir='ltr'><strong><em>quod</em></strong></span> <span class='ocrx_word' id='word_1_179' title='bbox 978 1995 1277 2055; x_wconf 84' lang='lat' dir='ltr'><strong><em>secundum</em></strong></span> <span class='ocrx_word' id='word_1_180' title='bbox 1301 1995 1573 2053; x_wconf 73' lang='lat' dir='ltr'><strong><em>rationem</em></strong></span> <span class='ocrx_word' id='word_1_181' title='bbox 1596 1992 1933 2065; x_wconf 83' lang='lat' dir='ltr'><strong><em>superiorem</em></strong></span> <span class='ocrx_word' id='word_1_182' title='bbox 1962 1991 2293 2065; x_wconf 79' lang='lat' dir='ltr'><strong><em>appetimus.</em></strong></span> <span class='ocrx_word' id='word_1_183' title='bbox 2326 1990 2397 2047; x_wconf 81' lang='lat' dir='ltr'><strong><em>ad</em></strong></span> <span class='ocrx_word' id='word_1_184' title='bbox 2424 2009 2603 2063; x_wconf 80' lang='lat' dir='ltr'><strong><em>quam</em></strong></span> 
     </span>
     <span class='ocr_line' id='line_1_20' title="bbox 576 2081 2606 2156; baseline -0 -18"><span class='ocrx_word' id='word_1_185' title='bbox 576 2083 748 2139; x_wconf 81' lang='lat' dir='ltr'><strong><em>solam</em></strong></span> <span class='ocrx_word' id='word_1_186' title='bbox 779 2086 1014 2155; x_wconf 80' lang='lat' dir='ltr'><strong><em>pertinet</em></strong></span> <span class='ocrx_word' id='word_1_187' title='bbox 1042 2083 1434 2142; x_wconf 74' lang='lat' dir='ltr'><strong><em>consentit-ein</em></strong></span> <span class='ocrx_word' id='word_1_188' title='bbox 1478 2100 1636 2156; x_wconf 78' lang='lat' dir='ltr'><strong><em>opus,</em></strong></span> <span class='ocrx_word' id='word_1_189' title='bbox 1680 2081 1817 2137; x_wconf 87' lang='lat' dir='ltr'><strong><em>lllud</em></strong></span> <span class='ocrx_word' id='word_1_190' title='bbox 1850 2089 2034 2137; x_wconf 85' lang='lat' dir='ltr'><strong><em>autem</em></strong></span> <span class='ocrx_word' id='word_1_191' title='bbox 2060 2081 2382 2155; x_wconf 74' lang='lat' dir='ltr'><strong><em>simpliciter</em></strong></span> <span class='ocrx_word' id='word_1_192' title='bbox 2414 2083 2606 2138; x_wconf 77' lang='lat' dir='ltr'><strong><em>oravit</em></strong></span> 
     </span>
     <span class='ocr_line' id='line_1_21' title="bbox 575 2168 2600 2243; baseline -0.001 -14"><span class='ocrx_word' id='word_1_193' title='bbox 575 2173 842 2241; x_wconf 86' lang='lat' dir='ltr'><strong><em>Christus,</em></strong></span> <span class='ocrx_word' id='word_1_194' title='bbox 873 2179 933 2228; x_wconf 87' lang='lat' dir='ltr'><strong><em>ut</em></strong></span> <span class='ocrx_word' id='word_1_195' title='bbox 980 2170 1157 2229; x_wconf 80' lang='lat' dir='ltr'><strong><em>Patris</em></strong></span> <span class='ocrx_word' id='word_1_196' title='bbox 1200 2172 1455 2228; x_wconf 71' lang='lat' dir='ltr'><strong><em>voluntas</em></strong></span> <span class='ocrx_word' id='word_1_197' title='bbox 1498 2172 1671 2239; x_wconf 83' lang='lat' dir='ltr'><strong><em>fleret,</em></strong></span> <span class='ocrx_word' id='word_1_198' title='bbox 1705 2172 1835 2243; x_wconf 80' lang='lat' dir='ltr'><strong><em>quia</em></strong></span> <span class='ocrx_word' id='word_1_199' title='bbox 1878 2171 1983 2226; x_wconf 85' lang='lat' dir='ltr'><strong><em>hoc</em></strong></span> <span class='ocrx_word' id='word_1_200' title='bbox 2028 2168 2367 2242; x_wconf 84' lang='lat' dir='ltr'><strong><em>simpliciter·</em></strong></span> <span class='ocrx_word' id='word_1_201' title='bbox 2394 2170 2600 2239; x_wconf 85' lang='lat' dir='ltr'><strong><em>voluit,</em></strong></span> 
     </span>
     <span class='ocr_line' id='line_1_22' title="bbox 577 2258 2605 2340; baseline -0 -22"><span class='ocrx_word' id='word_1_202' title='bbox 577 2276 686 2318; x_wconf 86' lang='lat' dir='ltr'><strong><em>non</em></strong></span> <span class='ocrx_word' id='word_1_203' title='bbox 715 2267 900 2317; x_wconf 84' lang='lat' dir='ltr'><strong><em>autem</em></strong></span> <span class='ocrx_word' id='word_1_204' title='bbox 938 2261 1086 2333; x_wconf 88' lang='lat' dir='ltr'><strong><em>quod</em></strong></span> <span class='ocrx_word' id='word_1_205' title='bbox 1117 2260 1260 2317; x_wconf 82' lang='lat' dir='ltr'><strong><em>calix</em></strong></span> <span class='ocrx_word' id='word_1_206' title='bbox 1308 2260 1378 2315; x_wconf 79' lang='lat' dir='ltr'><strong><em>ab</em></strong></span> <span class='ocrx_word' id='word_1_207' title='bbox 1407 2276 1472 2315; x_wconf 87' lang='lat' dir='ltr'><strong><em>eo</em></strong></span> <span class='ocrx_word' id='word_1_208' title='bbox 1512 2260 1791 2328; x_wconf 77' lang='lat' dir='ltr'><strong><em>transiret,</em></strong></span> <span class='ocrx_word' id='word_1_209' title='bbox 1822 2260 1951 2340; x_wconf 80' lang='lat' dir='ltr'><strong><em>quia</em></strong></span> <span class='ocrx_word' id='word_1_210' title='bbox 1993 2275 2094 2315; x_wconf 88' lang='lat' dir='ltr'><strong><em>nec</em></strong></span> <span class='ocrx_word' id='word_1_211' title='bbox 2120 2258 2225 2315; x_wconf 83' lang='lat' dir='ltr'><strong><em>hoc</em></strong></span> <span class='ocrx_word' id='word_1_212' title='bbox 2264 2259 2605 2332; x_wconf 79' lang='lat' dir='ltr'><strong><em>simpiiciter</em></strong></span> 
     </span>
     <span class='ocr_line' id='line_1_23' title="bbox 576 2348 2349 2418; baseline -0.001 -12"><span class='ocrx_word' id='word_1_213' title='bbox 576 2349 774 2417; x_wconf 81' lang='lat' dir='ltr'><strong><em>voluit,</em></strong></span> <span class='ocrx_word' id='word_1_214' title='bbox 803 2349 906 2411; x_wconf 79' lang='lat' dir='ltr'><strong><em>sed</em></strong></span> <span class='ocrx_word' id='word_1_215' title='bbox 927 2348 1228 2405; x_wconf 80' lang='lat' dir='ltr'><strong><em>secundum</em></strong></span> <span class='ocrx_word' id='word_1_216' title='bbox 1257 2348 1585 2405; x_wconf 50' lang='lat' dir='ltr'><strong><em>inferiorem&gt;</em></strong></span> <span class='ocrx_word' id='word_1_217' title='bbox 1602 2350 1891 2418; x_wconf 78' lang='lat' dir='ltr'><strong><em>rationem,</em></strong></span> <span class='ocrx_word' id='word_1_218' title='bbox 1922 2357 1984 2405; x_wconf 90' lang='lat' dir='ltr'><strong><em>ut</em></strong></span> <span class='ocrx_word' id='word_1_219' title='bbox 2006 2350 2215 2406; x_wconf 74' lang='lat' dir='ltr'><strong><em>dictum</em></strong></span> <span class='ocrx_word' id='word_1_220' title='bbox 2236 2355 2349 2405; x_wconf 77' lang='lat' dir='ltr'><strong><em>est.</em></strong></span> 
     </span>
    </p>
   </div>
   <div class='ocr_carea' id='block_1_3' title="bbox 1136 2478 2037 2770">
    <p class='ocr_par' dir='ltr' id='par_1_4' title="bbox 1136 2478 2037 2770">
     <span class='ocr_line' id='line_1_24' title="bbox 1136 2478 2037 2592; baseline 0.007 -9"><span class='ocrx_word' id='word_1_221' title='bbox 1136 2578 1141 2583; x_wconf 85' lang='lat'>.</span> <span class='ocrx_word' id='word_1_222' title='bbox 1207 2522 1491 2592; x_wconf 75' lang='lat' dir='ltr'>CAPUT</span> <span class='ocrx_word' id='word_1_223' title='bbox 1538 2522 1963 2591; x_wconf 77' lang='lat' dir='ltr'><strong><em>eexxxw.</em></strong></span> <span class='ocrx_word' id='word_1_224' title='bbox 2031 2478 2037 2483; x_wconf 37' lang='lat'>⁵</span> 
     </span>
     <span class='ocr_line' id='line_1_25' title="bbox 1173 2663 1985 2770; baseline -0.006 -42"><span class='ocrx_word' id='word_1_225' title='bbox 1173 2664 1267 2728; x_wconf 87' lang='lat' dir='ltr'><strong><em>De</em></strong></span> <span class='ocrx_word' id='word_1_226' title='bbox 1325 2666 1649 2760; x_wconf 58' lang='lat' dir='ltr'><strong><em>¹segmltura</em></strong></span> <span class='ocrx_word' id='word_1_227' title='bbox 1733 2663 1985 2770; x_wconf 55' lang='lat' dir='ltr'><strong><em>Oltristi.</em></strong></span> 
     </span>
    </p>
   </div>
   <div class='ocr_carea' id='block_1_4' title="bbox 555 2796 2625 3495">
    <p class='ocr_par' dir='ltr' id='par_1_5' title="bbox 555 2796 2625 3495">
     <span class='ocr_line' id='line_1_26' title="bbox 651 2796 2615 2871; baseline 0.004 -21"><span class='ocrx_word' id='word_1_228' title='bbox 651 2796 1068 2869; x_wconf 82' lang='lat' dir='ltr'><strong><em>consequuntur</em></strong></span> <span class='ocrx_word' id='word_1_229' title='bbox 1094 2804 1281 2857; x_wconf 83' lang='lat' dir='ltr'><strong><em>autem</em></strong></span> <span class='ocrx_word' id='word_1_230' title='bbox 1309 2798 1583 2855; x_wconf 86' lang='lat' dir='ltr'><strong><em>hominem</em></strong></span> <span class='ocrx_word' id='word_1_231' title='bbox 1608 2808 1674 2855; x_wconf 80' lang='lat' dir='ltr'><strong><em>ex</em></strong></span> <span class='ocrx_word' id='word_1_232' title='bbox 1698 2806 1927 2871; x_wconf 85' lang='lat' dir='ltr'><strong><em>peceato</em></strong></span> <span class='ocrx_word' id='word_1_233' title='bbox 1956 2801 2337 2870; x_wconf 83' lang='lat' dir='ltr'><strong><em>postmortem</em></strong></span> <span class='ocrx_word' id='word_1_234' title='bbox 2365 2798 2462 2855; x_wconf 81' lang='lat' dir='ltr'><strong><em>alii</em></strong></span> <span class='ocrx_word' id='word_1_235' title='bbox 2492 2800 2615 2857; x_wconf 86' lang='lat' dir='ltr'><strong><em>de-</em></strong></span> 
     </span>
     <span class='ocr_line' id='line_1_27' title="bbox 587 2868 2617 2961; baseline 0.003 -22"><span class='ocrx_word' id='word_1_236' title='bbox 587 2884 766 2952; x_wconf 78' lang='lat' dir='ltr'><strong><em>fectus</em></strong></span> <span class='ocrx_word' id='word_1_237' title='bbox 787 2890 844 2940; x_wconf 89' lang='lat' dir='ltr'><strong><em>et</em></strong></span> <span class='ocrx_word' id='word_1_238' title='bbox 871 2900 940 2941; x_wconf 68' lang='lat' dir='ltr'><strong><em>ex</em></strong></span> <span class='ocrx_word' id='word_1_239' title='bbox 967 2892 1122 2957; x_wconf 84' lang='lat' dir='ltr'><strong><em>parte</em></strong></span> <span class='ocrx_word' id='word_1_240' title='bbox 1147 2868 1410 2961; x_wconf 51' lang='lat' dir='ltr'><strong><em>corporis</em></strong></span> <span class='ocrx_word' id='word_1_241' title='bbox 1431 2876 1503 2946; x_wconf 52' lang='lat' dir='ltr'><strong><em>&#39;et</em></strong></span> <span class='ocrx_word' id='word_1_242' title='bbox 1526 2904 1593 2943; x_wconf 85' lang='lat' dir='ltr'><strong><em>ex</em></strong></span> <span class='ocrx_word' id='word_1_243' title='bbox 1620 2894 1773 2960; x_wconf 82' lang='lat' dir='ltr'><strong><em>parte</em></strong></span> <span class='ocrx_word' id='word_1_244' title='bbox 1800 2887 2019 2943; x_wconf 87' lang='lat' dir='ltr'><strong><em>animae.</em></strong></span> <span class='ocrx_word' id='word_1_245' title='bbox 2050 2886 2133 2941; x_wconf 83' lang='lat' dir='ltr'><strong><em>Ex</em></strong></span> <span class='ocrx_word' id='word_1_246' title='bbox 2161 2893 2317 2959; x_wconf 83' lang='lat' dir='ltr'><strong><em>parte</em></strong></span> <span class='ocrx_word' id='word_1_247' title='bbox 2344 2890 2617 2960; x_wconf 82' lang='lat' dir='ltr'><strong><em>corporis</em></strong></span> 
     </span>
     <span class='ocr_line' id='line_1_28' title="bbox 587 2972 2618 3049; baseline 0.003 -20"><span class='ocrx_word' id='word_1_248' title='bbox 587 2972 828 3046; x_wconf 88' lang='lat' dir='ltr'><strong><em>quidem,</em></strong></span> <span class='ocrx_word' id='word_1_249' title='bbox 859 2974 1005 3047; x_wconf 88' lang='lat' dir='ltr'><strong><em>quod</em></strong></span> <span class='ocrx_word' id='word_1_250' title='bbox 1042 2990 1242 3049; x_wconf 79' lang='lat' dir='ltr'><strong><em>corpus</em></strong></span> <span class='ocrx_word' id='word_1_251' title='bbox 1275 2977 1527 3033; x_wconf 82' lang='lat' dir='ltr'><strong><em>redditur</em></strong></span> <span class='ocrx_word' id='word_1_252' title='bbox 1559 2984 1739 3044; x_wconf 86' lang='lat' dir='ltr'><strong><em>terrae,</em></strong></span> <span class='ocrx_word' id='word_1_253' title='bbox 1772 2992 1839 3033; x_wconf 86' lang='lat' dir='ltr'><strong><em>ex</em></strong></span> <span class='ocrx_word' id='word_1_254' title='bbox 1881 2990 1989 3049; x_wconf 84' lang='lat' dir='ltr'><strong><em>qua</em></strong></span> <span class='ocrx_word' id='word_1_255' title='bbox 2031 2980 2308 3049; x_wconf 87' lang='lat' dir='ltr'><strong><em>sumptum</em></strong></span> <span class='ocrx_word' id='word_1_256' title='bbox 2345 2982 2451 3032; x_wconf 82' lang='lat' dir='ltr'><strong><em>est.</em></strong></span> <span class='ocrx_word' id='word_1_257' title='bbox 2498 2978 2618 3035; x_wconf 82' lang='lat' dir='ltr'><strong><em>Hic</em></strong></span> 
     </span>
     <span class='ocr_line' id='line_1_29' title="bbox 585 3062 2618 3139; baseline 0.001 -18"><span class='ocrx_word' id='word_1_258' title='bbox 585 3070 771 3132; x_wconf 75' lang='lat' dir='ltr'><strong><em>autem</em></strong></span> <span class='ocrx_word' id='word_1_259' title='bbox 798 3062 1045 3121; x_wconf 80' lang='lat' dir='ltr'><strong><em>defectus</em></strong></span> <span class='ocrx_word' id='word_1_260' title='bbox 1071 3081 1138 3121; x_wconf 86' lang='lat' dir='ltr'><strong><em>ex</em></strong></span> <span class='ocrx_word' id='word_1_261' title='bbox 1168 3073 1320 3139; x_wconf 86' lang='lat' dir='ltr'><strong><em>parte</em></strong></span> <span class='ocrx_word' id='word_1_262' title='bbox 1345 3066 1591 3138; x_wconf 86' lang='lat' dir='ltr'><strong><em>corporis</em></strong></span> <span class='ocrx_word' id='word_1_263' title='bbox 1615 3065 1677 3121; x_wconf 87' lang='lat' dir='ltr'><strong><em>in·</em></strong></span> <span class='ocrx_word' id='word_1_264' title='bbox 1712 3065 1869 3122; x_wconf 89' lang='lat' dir='ltr'><strong><em>nobis</em></strong></span> <span class='ocrx_word' id='word_1_265' title='bbox 1896 3064 2119 3139; x_wconf 89' lang='lat' dir='ltr'><strong><em>quidem</em></strong></span> <span class='ocrx_word' id='word_1_266' title='bbox 2147 3065 2447 3123; x_wconf 86' lang='lat' dir='ltr'><strong><em>secundum</em></strong></span> <span class='ocrx_word' id='word_1_267' title='bbox 2489 3067 2618 3123; x_wconf 90' lang='lat' dir='ltr'><strong><em>duo</em></strong></span> 
     </span>
     <span class='ocr_line' id='line_1_30' title="bbox 555 3152 2620 3226; baseline 0 -13"><span class='ocrx_word' id='word_1_268' title='bbox 555 3208 558 3213; x_wconf 91' lang='lat'>.</span> <span class='ocrx_word' id='word_1_269' title='bbox 583 3152 906 3221; x_wconf 77' lang='lat' dir='ltr'><strong><em>attenditur,</em></strong></span> <span class='ocrx_word' id='word_1_270' title='bbox 929 3153 1144 3210; x_wconf 84' lang='lat' dir='ltr'><strong><em>scilicet</em></strong></span> <span class='ocrx_word' id='word_1_271' title='bbox 1165 3154 1467 3211; x_wconf 85' lang='lat' dir='ltr'><strong><em>secundum</em></strong></span> <span class='ocrx_word' id='word_1_272' title='bbox 1498 3154 1840 3226; x_wconf 81' lang='lat' dir='ltr'><strong><em>posit-ionem,</em></strong></span> <span class='ocrx_word' id='word_1_273' title='bbox 1874 3161 1930 3209; x_wconf 90' lang='lat' dir='ltr'><strong><em>et</em></strong></span> <span class='ocrx_word' id='word_1_274' title='bbox 1958 3154 2259 3211; x_wconf 82' lang='lat' dir='ltr'><strong><em>seeundum</em></strong></span> <span class='ocrx_word' id='word_1_275' title='bbox 2295 3154 2620 3213; x_wconf 81' lang='lat' dir='ltr'><strong><em>resolutio-</em></strong></span> 
     </span>
     <span class='ocr_line' id='line_1_31' title="bbox 583 3241 2622 3317; baseline 0.002 -20"><span class='ocrx_word' id='word_1_276' title='bbox 583 3256 731 3297; x_wconf 82' lang='lat' dir='ltr'><strong><em>nem.</em></strong></span> <span class='ocrx_word' id='word_1_277' title='bbox 760 3241 1070 3299; x_wconf 72' lang='lat' dir='ltr'><strong><em>Secundum</em></strong></span> <span class='ocrx_word' id='word_1_278' title='bbox 1099 3243 1427 3315; x_wconf 85' lang='lat' dir='ltr'><strong><em>positionem</em></strong></span> <span class='ocrx_word' id='word_1_279' title='bbox 1452 3242 1691 3315; x_wconf 89' lang='lat' dir='ltr'><strong><em>quidem,</em></strong></span> <span class='ocrx_word' id='word_1_280' title='bbox 1718 3244 1773 3299; x_wconf 87' lang='lat' dir='ltr'><strong><em>in</em></strong></span> <span class='ocrx_word' id='word_1_281' title='bbox 1802 3251 2069 3315; x_wconf 85' lang='lat' dir='ltr'><strong><em>quantum</em></strong></span> <span class='ocrx_word' id='word_1_282' title='bbox 2092 3259 2292 3317; x_wconf 82' lang='lat' dir='ltr'><strong><em>corpus</em></strong></span> <span class='ocrx_word' id='word_1_283' title='bbox 2314 3250 2622 3301; x_wconf 81' lang='lat' dir='ltr'><strong><em>mortuum</em></strong></span> 
     </span>
     <span class='ocr_line' id='line_1_32' title="bbox 585 3328 2625 3403; baseline 0.003 -18"><span class='ocrx_word' id='word_1_284' title='bbox 585 3328 686 3385; x_wconf 89' lang='lat' dir='ltr'><strong><em>sub</em></strong></span> <span class='ocrx_word' id='word_1_285' title='bbox 729 3337 876 3392; x_wconf 81' lang='lat' dir='ltr'><strong><em>terra</em></strong></span> <span class='ocrx_word' id='word_1_286' title='bbox 925 3330 1145 3403; x_wconf 80' lang='lat' dir='ltr'><strong><em>ponitur</em></strong></span> <span class='ocrx_word' id='word_1_287' title='bbox 1193 3331 1499 3403; x_wconf 50' lang='lat' dir='ltr'><strong><em>sepultum„</em></strong></span> <span class='ocrx_word' id='word_1_288' title='bbox 1540 3332 1851 3388; x_wconf 85' lang='lat' dir='ltr'><strong><em>Secundum</em></strong></span> <span class='ocrx_word' id='word_1_289' title='bbox 1899 3334 2288 3392; x_wconf 84' lang='lat' dir='ltr'><strong><em>resolutionem</em></strong></span> <span class='ocrx_word' id='word_1_290' title='bbox 2328 3349 2489 3401; x_wconf 86' lang='lat' dir='ltr'><strong><em>vero,</em></strong></span> <span class='ocrx_word' id='word_1_291' title='bbox 2560 3337 2625 3391; x_wconf 88' lang='lat' dir='ltr'><strong><em>in</em></strong></span> 
     </span>
     <span class='ocr_line' id='line_1_33' title="bbox 585 3420 2625 3495; baseline 0.004 -22"><span class='ocrx_word' id='word_1_292' title='bbox 585 3426 850 3491; x_wconf 84' lang='lat' dir='ltr'><strong><em>quantum</em></strong></span> <span class='ocrx_word' id='word_1_293' title='bbox 878 3435 1076 3493; x_wconf 85' lang='lat' dir='ltr'><strong><em>corpus</em></strong></span> <span class='ocrx_word' id='word_1_294' title='bbox 1098 3421 1154 3476; x_wconf 87' lang='lat' dir='ltr'><strong><em>in</em></strong></span> <span class='ocrx_word' id='word_1_295' title='bbox 1193 3420 1462 3477; x_wconf 84' lang='lat' dir='ltr'><strong><em>elementa</em></strong></span> <span class='ocrx_word' id='word_1_296' title='bbox 1495 3420 1744 3490; x_wconf 85' lang='lat' dir='ltr'><strong><em>solvitur,</em></strong></span> <span class='ocrx_word' id='word_1_297' title='bbox 1773 3438 1841 3477; x_wconf 83' lang='lat' dir='ltr'><strong><em>ex</em></strong></span> <span class='ocrx_word' id='word_1_298' title='bbox 1869 3422 2067 3495; x_wconf 87' lang='lat' dir='ltr'><strong><em>quibus</em></strong></span> <span class='ocrx_word' id='word_1_299' title='bbox 2095 3429 2181 3480; x_wconf 90' lang='lat' dir='ltr'><strong><em>est</em></strong></span> <span class='ocrx_word' id='word_1_300' title='bbox 2220 3429 2625 3495; x_wconf 82' lang='lat' dir='ltr'><strong><em>compactum.</em></strong></span> 
     </span>
    </p>
   </div>
   <div class='ocr_carea' id='block_1_5' title="bbox 470 3508 2625 3587">
    <p class='ocr_par' dir='ltr' id='par_1_6' title="bbox 470 3508 2625 3587">
     <span class='ocr_line' id='line_1_34' title="bbox 470 3508 2625 3587; baseline 0.005 -24"><span class='ocrx_word' id='word_1_301' title='bbox 470 3543 475 3548; x_wconf 91' lang='lat'><em>-</em></span> <span class='ocrx_word' id='word_1_302' title='bbox 583 3508 790 3565; x_wconf 85' lang='lat' dir='ltr'><strong><em>Horum</em></strong></span> <span class='ocrx_word' id='word_1_303' title='bbox 827 3517 1012 3565; x_wconf 86' lang='lat' dir='ltr'><strong><em>autem</em></strong></span> <span class='ocrx_word' id='word_1_304' title='bbox 1057 3508 1369 3565; x_wconf 83' lang='lat' dir='ltr'><strong><em>defectuum</em></strong></span> <span class='ocrx_word' id='word_1_305' title='bbox 1412 3511 1649 3583; x_wconf 88' lang='lat' dir='ltr'><strong><em>primum</em></strong></span> <span class='ocrx_word' id='word_1_306' title='bbox 1697 3512 1919 3585; x_wconf 89' lang='lat' dir='ltr'><strong><em>quidem</em></strong></span> <span class='ocrx_word' id='word_1_307' title='bbox 1956 3513 2207 3569; x_wconf 86' lang='lat' dir='ltr'><strong><em>Christus</em></strong></span> <span class='ocrx_word' id='word_1_308' title='bbox 2249 3513 2363 3585; x_wconf 85' lang='lat' dir='ltr'><strong><em>pati</em></strong></span> <span class='ocrx_word' id='word_1_309' title='bbox 2395 3512 2625 3587; x_wconf 77' lang='lat' dir='ltr'><strong><em>voluit,</em></strong></span> 
     </span>
    </p>
   </div>
   <div class='ocr_carea' id='block_1_6' title="bbox 582 3593 2640 4033">
    <p class='ocr_par' dir='ltr' id='par_1_7' title="bbox 582 3593 2640 4033">
     <span class='ocr_line' id='line_1_35' title="bbox 584 3593 2631 3675; baseline 0.005 -22"><span class='ocrx_word' id='word_1_310' title='bbox 584 3602 646 3653; x_wconf 86' lang='lat' dir='ltr'><strong><em>ut</em></strong></span> <span class='ocrx_word' id='word_1_311' title='bbox 669 3597 881 3654; x_wconf 82' lang='lat' dir='ltr'><strong><em>scilicet</em></strong></span> <span class='ocrx_word' id='word_1_312' title='bbox 904 3615 1102 3671; x_wconf 85' lang='lat' dir='ltr'><strong><em>corpus</em></strong></span> <span class='ocrx_word' id='word_1_313' title='bbox 1127 3600 1245 3671; x_wconf 87' lang='lat' dir='ltr'><strong><em>ejus</em></strong></span> <span class='ocrx_word' id='word_1_314' title='bbox 1265 3596 1533 3658; x_wconf 77' lang='lat' dir='ltr'><strong><em>subterra</em></strong></span> <span class='ocrx_word' id='word_1_315' title='bbox 1554 3593 1868 3675; x_wconf 75' lang='lat' dir='ltr'><strong><em>poneretur..</em></strong></span> <span class='ocrx_word' id='word_1_316' title='bbox 1894 3596 2077 3659; x_wconf 78' lang='lat' dir='ltr'><strong><em>Alium</em></strong></span> <span class='ocrx_word' id='word_1_317' title='bbox 2102 3609 2287 3659; x_wconf 77' lang='lat' dir='ltr'><strong><em>autem</em></strong></span> <span class='ocrx_word' id='word_1_318' title='bbox 2316 3603 2631 3663; x_wconf 83' lang='lat' dir='ltr'><strong><em>defectum</em></strong></span> 
     </span>
     <span class='ocr_line' id='line_1_36' title="bbox 583 3686 2629 3768; baseline 0.005 -25"><span class='ocrx_word' id='word_1_319' title='bbox 583 3703 779 3761; x_wconf 83' lang='lat' dir='ltr'><strong><em>passus</em></strong></span> <span class='ocrx_word' id='word_1_320' title='bbox 806 3702 914 3745; x_wconf 87' lang='lat' dir='ltr'><strong><em>non</em></strong></span> <span class='ocrx_word' id='word_1_321' title='bbox 951 3688 1074 3755; x_wconf 84' lang='lat' dir='ltr'><strong><em>fuit,</em></strong></span> <span class='ocrx_word' id='word_1_322' title='bbox 1106 3693 1170 3743; x_wconf 87' lang='lat' dir='ltr'><strong><em>ut</em></strong></span> <span class='ocrx_word' id='word_1_323' title='bbox 1209 3688 1667 3764; x_wconf 67' lang='lat' dir='ltr'><strong><em>sciliceteorpus.</em></strong></span> <span class='ocrx_word' id='word_1_324' title='bbox 1688 3692 1808 3765; x_wconf 85' lang='lat' dir='ltr'><strong><em>ejus</em></strong></span> <span class='ocrx_word' id='word_1_325' title='bbox 1844 3692 1908 3768; x_wconf 27' lang='lat' dir='ltr'><strong><em>in*</em></strong></span> <span class='ocrx_word' id='word_1_326' title='bbox 1938 3701 2143 3750; x_wconf 81' lang='lat' dir='ltr'><strong><em>terram</em></strong></span> <span class='ocrx_word' id='word_1_327' title='bbox 2179 3686 2577 3753; x_wconf 80' lang='lat' dir='ltr'><strong><em>resolveretur</em></strong></span> <span class='ocrx_word' id='word_1_328' title='bbox 2614 3715 2629 3753; x_wconf 81' lang='lat' dir='ltr'><strong><em>t</em></strong></span> 
     </span>
     <span class='ocr_line' id='line_1_37' title="bbox 582 3778 2637 3851; baseline 0.006 -18"><span class='ocrx_word' id='word_1_329' title='bbox 582 3778 728 3833; x_wconf 87' lang='lat' dir='ltr'><strong><em>unde</em></strong></span> <span class='ocrx_word' id='word_1_330' title='bbox 771 3778 840 3833; x_wconf 90' lang='lat' dir='ltr'><strong><em>de</em></strong></span> <span class='ocrx_word' id='word_1_331' title='bbox 877 3778 998 3851; x_wconf 88' lang='lat' dir='ltr'><strong><em>ipso</em></strong></span> <span class='ocrx_word' id='word_1_332' title='bbox 1042 3778 1187 3835; x_wconf 84' lang='lat' dir='ltr'><strong><em>Psal.</em></strong></span> <span class='ocrx_word' id='word_1_333' title='bbox 1223 3781 1318 3847; x_wconf 81' lang='lat' dir='ltr'>x&#39;v&#39;,</span> <span class='ocrx_word' id='word_1_334' title='bbox 1351 3780 1487 3837; x_wconf 88' lang='lat' dir='ltr'><strong><em>dicit</em></strong></span> <span class='ocrx_word' id='word_1_335' title='bbox 1527 3798 1541 3837; x_wconf 77' lang='grc' dir='ltr'><strong><em>ε</em></strong></span> <span class='ocrx_word' id='word_1_336' title='bbox 1572 3781 1699 3841; x_wconf 74' lang='lat' dir='ltr'><strong><em>Non</em></strong></span> <span class='ocrx_word' id='word_1_337' title='bbox 1738 3780 1889 3837; x_wconf 79' lang='lat' dir='ltr'><strong><em>dabis</em></strong></span> <span class='ocrx_word' id='word_1_338' title='bbox 1923 3788 2173 3839; x_wconf 80' lang='lat' dir='ltr'><strong><em>&#39;sa-notum-</em></strong></span> <span class='ocrx_word' id='word_1_339' title='bbox 2211 3787 2365 3839; x_wconf 80' lang='lat' dir='ltr'><strong><em>tuum</em></strong></span> <span class='ocrx_word' id='word_1_340' title='bbox 2412 3784 2637 3845; x_wconf 81' lang='lat' dir='ltr'><strong><em>videre</em></strong></span> 
     </span>
     <span class='ocr_line' id='line_1_38' title="bbox 582 3866 2638 3947; baseline 0.006 -27"><span class='ocrx_word' id='word_1_341' title='bbox 582 3866 995 3947; x_wconf 65' lang='lat' dir='ltr'><strong><em>corruptionem,</em></strong></span> <span class='ocrx_word' id='word_1_342' title='bbox 1017 3866 1082 3925; x_wconf 85' lang='lat' dir='ltr'><strong><em>id</em></strong></span> <span class='ocrx_word' id='word_1_343' title='bbox 1113 3873 1219 3939; x_wconf 66' lang='lat' dir='ltr'><strong><em>est5</em></strong></span> <span class='ocrx_word' id='word_1_344' title='bbox 1249 3868 1494 3943; x_wconf 84' lang='lat' dir='ltr'><strong><em>corporis</em></strong></span> <span class='ocrx_word' id='word_1_345' title='bbox 1522 3870 1995 3943; x_wconf 71' lang='lat' dir='ltr'><strong><em>putrefactionem.</em></strong></span> <span class='ocrx_word' id='word_1_346' title='bbox 2027 3872 2200 3943; x_wconf 85' lang='lat' dir='ltr'><strong><em>Hujus</em></strong></span> <span class='ocrx_word' id='word_1_347' title='bbox 2229 3878 2417 3928; x_wconf 80' lang='lat' dir='ltr'><strong><em>autem</em></strong></span> <span class='ocrx_word' id='word_1_348' title='bbox 2440 3870 2638 3937; x_wconf 69' lang='lat' dir='ltr'><strong><em>&#39;ratio</em></strong></span> 
     </span>
     <span class='ocr_line' id='line_1_39' title="bbox 583 3954 2640 4033; baseline 0 -14"><span class='ocrx_word' id='word_1_349' title='bbox 583 3960 686 4022; x_wconf 57' lang='lat'><strong><em>8⁸9,</em></strong></span> <span class='ocrx_word' id='word_1_350' title='bbox 717 3954 847 4025; x_wconf 74' lang='lat' dir='ltr'><strong><em>quia</em></strong></span> <span class='ocrx_word' id='word_1_351' title='bbox 870 3967 1069 4028; x_wconf 66' lang='lat' dir='ltr'><strong><em>corpus</em></strong></span> <span class='ocrx_word' id='word_1_352' title='bbox 1093 3954 1294 4013; x_wconf 80' lang='lat' dir='ltr'><strong><em>Christi</em></strong></span> <span class='ocrx_word' id='word_1_353' title='bbox 1317 3957 1605 4026; x_wconf 67' lang='lat' dir='ltr'><strong><em>materiam</em></strong></span> <span class='ocrx_word' id='word_1_354' title='bbox 1632 3960 1865 4033; x_wconf 82' lang='lat' dir='ltr'><strong><em>sumpsit</em></strong></span> <span class='ocrx_word' id='word_1_355' title='bbox 1892 3961 1960 4016; x_wconf 87' lang='lat' dir='ltr'><strong><em>de</em></strong></span> <span class='ocrx_word' id='word_1_356' title='bbox 1985 3958 2185 4025; x_wconf 71' lang='lat' dir='ltr'><strong><em>natura·</em></strong></span> <span class='ocrx_word' id='word_1_357' title='bbox 2205 3958 2640 4031; x_wconf 69' lang='lat' dir='ltr'><strong><em>humana,·.sed</em></strong></span> 
     </span>
    </p>
   </div>
   <div class='ocr_carea' id='block_1_7' title="bbox 2802 1056 2810 1611">
    <p class='ocr_par' dir='ltr' id='par_1_8' title="bbox 2802 1056 2810 1611">
     <span class='ocr_line' id='line_1_40' title="bbox 2802 1056 2810 1611; baseline 0 0"><span class='ocrx_word' id='word_1_358' title='bbox 2802 1056 2810 1611; x_wconf 95' lang='lat' dir='ltr'><strong><em> </em></strong></span> 
     </span>
    </p>
   </div>
  </div>
 </body>
</html>
